{"host":"y2nx07t75db4hs5p","time":1614073080,"event":{"mods":["Act Like it!","BaseMod","Gensokyo","Lobotomy","LobotomyExtend","Minty Spire (QoL Compilation)","StSLib"],"gold_per_floor":[112,45,45,57,57,85,105,105,179,179,198,198,227,241,241,338,338,350,131,131,151,151,151,165,28,39,39,53,84,84,118,118,118,118],"floor_reached":10,"language":"ZHS","playtime":1190,"items_purged":["Injury","MeatLantern"],"score":210,"play_id":"9cd6c70a-8bb8-4515-9403-8a635dbb49bc","local_time":"20210223173800","is_ascension_mode":false,"campfire_choices":[{"data":"Eruption","floor":8,"key":"SMITH"},{"floor":10,"key":"RECALL"},{"data":"Devotion","floor":12,"key":"SMITH"},{"data":"TalkToTheHand","floor":15,"key":"SMITH"},{"data":"Ragnarok","floor":23,"key":"SMITH"},{"data":"SandsOfTime","floor":7,"key":"SMITH"}],"circlet_count":0,"master_deck":["Funeral","LongBird","Strike_P","Strike_P","Strike_P","Strike_P","Defend_P","Defend_P","Defend_P","Defend_P","Eruption+1","Vigilance","OSAHOGD","SandsOfTime+1","FearNoEvil","Wellcheers","EmptyFist","Conclude","Devotion+1","CutThroughFate","Scorched","ShyLook","Wallop","QueenBee","TalkToTheHand+1","Bloodbath","EmptyFist","Ragnarok+1","Variant","DeceiveReality+1","SpiritShield+1","Freischutz","SpiritShield+1","Gensokyo:FourOfAKind+1","Gensokyo:FourOfAKind+1","Gensokyo:FourOfAKind+1","Gensokyo:FourOfAKind+1","BowlingBash+1","FearNoEvil","PunishingBird","WallGazer","Halt+1","Halt+1"],"relics":["PureWater","CogitoBucket","Potion Belt","Ornamental Fan","Toxic Egg 2","SkinProphecy","Snecko Eye","LetterFromLob","Justitia_r","AspirationHeart","Orichalcum","WantedRequest","Sundial","Omamori","SolemnVow_r"],"acts_visited":["Gensokyo:Gensokyo","Gensokyo:Gensokyoer"],"potions_floor_usage":[3,3,8,10],"damage_taken":[{"damage":3,"enemies":"Gensokyo:Python","floor":1,"turns":4},{"damage":0,"enemies":"Gensokyo:Gryphon","floor":4,"turns":2},{"damage":25,"enemies":"Gensokyo:Cirno","floor":6,"turns":6},{"damage":11,"enemies":"Gensokyo:2_Kodama","floor":7,"turns":6},{"damage":8,"enemies":"Gensokyo:Kitsune","floor":11,"turns":2},{"damage":1,"enemies":"Gensokyo:Mamizou","floor":13,"turns":4},{"damage":0,"enemies":"Gensokyo:VengefulSpirit","floor":14,"turns":1},{"damage":23,"enemies":"Gensokyo:Yukari","floor":16,"turns":9},{"damage":0,"enemies":"Gensokyo:Chomper","floor":18,"turns":3},{"damage":0,"enemies":"Gensokyo:CosmicMonolith","floor":21,"turns":3},{"damage":0,"enemies":"Small Slimes","floor":1,"turns":1},{"damage":18,"enemies":"Cultist","floor":3,"turns":5},{"damage":0,"enemies":"Jaw Worm","floor":5,"turns":1},{"damage":2,"enemies":"Gremlin Nob","floor":6,"turns":3},{"damage":2,"enemies":"Lagavulin","floor":8,"turns":5},{"damage":39,"enemies":"3 Sentries","floor":10,"turns":4}],"seed_played":"-4526127392562593453","potions_obtained":[{"floor":1,"key":"LiquidBronze"},{"floor":7,"key":"Explosive Potion"},{"floor":13,"key":"SkillPotion"},{"floor":14,"key":"Energy Potion"},{"floor":5,"key":"BottledMiracle"},{"floor":8,"key":"Dexterity Potion"}],"is_trial":false,"path_per_floor":["M","$","?","M","?","E","M","R","T","R","M","R","E","M","R","B",null,"M","$","?","M","?","R","?","M","$","M","?","M","E","R","E","T","E"],"character_chosen":"WATCHER","items_purchased":["FearNoEvil","SpiritShield+1","FearNoEvil"],"campfire_rested":0,"item_purchase_floors":[2,19,2],"current_hp_per_floor":[69,69,69,69,69,47,42,42,42,42,37,37,36,36,36,38,74,73,73,73,72,55,55,51,51,50,50,46,44,44,38,38,0,0],"gold":118,"neow_bonus":"","is_daily":false,"chose_seed":false,"campfire_upgraded":5,"win_rate":0.0,"timestamp":1614073080,"path_taken":["M","$","?","?","?","E","M","R","T","R","M","R","E","M","R","BOSS","M","$","?","?","?","R","?","M","$","M","?","?","E","R","E","T","E"],"items_purchased_type":["Card","Card","Card"],"build_version":"2020-12-22","purchased_purges":2,"victory":false,"max_hp_per_floor":[72,72,72,72,72,72,72,72,72,72,72,72,72,72,72,74,74,76,76,76,78,55,55,57,57,71,71,73,75,75,77,77,79,79],"card_choices":[{"not_picked":["NothingThere","Scorched"],"picked":"OSAHOGD","floor":1},{"not_picked":["Swivel","ThirdEye"],"picked":"SandsOfTime","floor":1},{"not_picked":["WallGazer","LittleHelper"],"picked":"Wellcheers","floor":4},{"not_picked":["CrushJoints","ThirdEye"],"picked":"EmptyFist","floor":4},{"not_picked":["BowlingBash","PathToVictory"],"picked":"Conclude","floor":5},{"not_picked":["Consecrate","ThirdEye"],"picked":"Devotion","floor":5},{"not_picked":["VoidDream","CrumblingArmor"],"picked":"QueenOfHatred","floor":6},{"not_picked":["ClearTheMind","Consecrate"],"picked":"CutThroughFate","floor":6},{"not_picked":["UniverseFragment","Laetitia"],"picked":"Scorched","floor":7},{"not_picked":["Sanctity","Halt","Protect"],"picked":"SKIP","floor":7},{"not_picked":["Sanctity","Halt","Protect"],"picked":"SKIP","floor":7},{"not_picked":["SingingMachine","BeautyBeast"],"picked":"ShyLook","floor":11},{"not_picked":["WaveOfTheHand","ClearTheMind"],"picked":"Wallop","floor":11},{"not_picked":["Freischutz","HappyTeddy"],"picked":"QueenBee","floor":13},{"not_picked":["Wallop","SignatureMove"],"picked":"TalkToTheHand","floor":13},{"not_picked":["VoidDream","UniverseFragment"],"picked":"Bloodbath","floor":14},{"not_picked":["JustLucky","InnerPeace+1"],"picked":"EmptyFist","floor":14},{"not_picked":["CrumblingArmor","Mercenary"],"picked":"MeatLantern","floor":16},{"not_picked":["LessonLearned","DevaForm"],"picked":"Ragnarok","floor":16},{"not_picked":["SpiderBud","NakedNest"],"picked":"Variant","floor":18},{"not_picked":["SashWhip","FlyingSleeves"],"picked":"DeceiveReality+1","floor":18},{"not_picked":["UniverseFragment","VoidDream","LaLuna"],"picked":"Singing Bowl","floor":21},{"not_picked":["BigBadWolf","PunishingBird"],"picked":"Freischutz","floor":21},{"not_picked":["Swivel+1","CutThroughFate"],"picked":"SpiritShield+1","floor":21},{"not_picked":["FairyFestival","UniverseFragment"],"picked":"LongBird","floor":1},{"not_picked":["InnerPeace+1","CarveReality"],"picked":"BowlingBash","floor":1},{"not_picked":["LaLuna","UniverseFragment"],"picked":"PunishingBird","floor":3},{"not_picked":["JustLucky","CutThroughFate","Protect+1"],"picked":"SKIP","floor":3},{"not_picked":["JustLucky","CutThroughFate","Protect+1"],"picked":"SKIP","floor":3},{"not_picked":["Murderer","CrumblingArmor"],"picked":"WallGazer","floor":5},{"not_picked":["Meditate+1","Conclude"],"picked":"Halt+1","floor":5},{"not_picked":["Murderer","HeroicMonk"],"picked":"Mercenary","floor":6},{"not_picked":["MasterReality","Nirvana","Fasting2"],"picked":"SKIP","floor":6},{"not_picked":["MasterReality","Nirvana","Fasting2"],"picked":"SKIP","floor":6},{"not_picked":["Yin","UniverseFragment"],"picked":"Funeral","floor":8},{"not_picked":["Vengeance+1","Pray+1"],"picked":"Halt+1","floor":8}],"player_experience":241350,"relics_obtained":[{"floor":1,"key":"LetterFromLob"},{"floor":6,"key":"Ornamental Fan"},{"floor":13,"key":"Toxic Egg 2"},{"floor":1,"key":"LetterFromLob"},{"floor":6,"key":"Orichalcum"},{"floor":8,"key":"Sundial"},{"floor":9,"key":"Omamori"}],"event_choices":[{"damage_healed":0,"gold_gain":0,"player_choice":"Upgraded","damage_taken":0,"max_hp_gain":0,"max_hp_loss":0,"event_name":"Upgrade Shrine","floor":4,"gold_loss":0,"cards_upgraded":["BowlingBash"]}],"is_beta":false,"boss_relics":[{"not_picked":["Velvet Choker","Sozu"],"picked":"Snecko Eye"}],"items_purged_floors":[19,2],"is_endless":false,"potions_floor_spawned":[1,7,13,14,5,8],"killed_by":"3 Sentries","ascension_level":0}}