{"host":"2qv44oxt58ptq59r","time":1614111221,"event":{"mods":["AchievementEnabler","BaseMod","Colored Powertips","Highlight Path","Minty Spire (QoL Compilation)","Permanent Neow","StSLib"],"gold_per_floor":[118,193,5,16,30,30,3,3,3,16,42,42,2,21,21,126,126,112,112,129,129,129,129,129],"floor_reached":23,"language":"ENG","playtime":2159,"items_purged":[],"score":255,"play_id":"95e84b2c-e432-4bdf-a804-0f4a31357064","local_time":"20210223201341","is_ascension_mode":true,"campfire_choices":[{"floor":6.0,"key":"REST"},{"floor":8.0,"key":"RECALL"},{"floor":15.0,"key":"REST"}],"circlet_count":0,"master_deck":["Strike_G+1","Strike_G+1","Strike_G+1","Strike_G+1","Defend_G+1","Defend_G+1","Defend_G+1","Defend_G+1","Defend_G+1","Survivor","Neutralize","Caltrops","Sucker Punch","Flying Knee","Deadly Poison","Infinite Blades","Bane","PiercingWail","PiercingWail","Noxious Fumes","Adrenaline","Envenom","Accuracy","Crippling Poison","Sucker Punch+1"],"relics":["Ring of the Snake","Membership Card","Anchor","SlaversCollar"],"acts_visited":["Exordium","TheCity"],"potions_floor_usage":[23],"damage_taken":[{"damage":4.0,"enemies":"2 Louse","floor":1.0,"turns":3.0},{"damage":4.0,"enemies":"Cultist","floor":4.0,"turns":4.0},{"damage":1.0,"enemies":"Small Slimes","floor":5.0,"turns":3.0},{"damage":3.0,"enemies":"Looter","floor":10.0,"turns":3.0},{"damage":38.0,"enemies":"3 Sentries","floor":11.0,"turns":8.0},{"damage":11.0,"enemies":"Exordium Wildlife","floor":14.0,"turns":5.0},{"damage":24.0,"enemies":"The Guardian","floor":16.0,"turns":11.0},{"damage":0.0,"enemies":"2 Thieves","floor":18.0,"turns":4.0},{"damage":34,"enemies":"Chosen","floor":20,"turns":7},{"damage":21,"enemies":"Gremlin Leader","floor":23,"turns":2}],"seed_played":"-2057847927001319074","potions_obtained":[{"floor":4.0,"key":"CultistPotion"},{"floor":14.0,"key":"Block Potion"},{"floor":16.0,"key":"Fire Potion"},{"floor":18.0,"key":"SteroidPotion"}],"is_trial":false,"path_per_floor":["M","?","$","M","M","R","$","R","T","M","E","?","$","M","R","B",null,"M","?","M","?","?","E"],"character_chosen":"THE_SILENT","items_purchased":["Membership Card","Flying Knee","Block Potion","Bane","Noxious Fumes"],"campfire_rested":2,"item_purchase_floors":[3,3,3,7,13],"current_hp_per_floor":[59,48,48,44,43,64,64,64,64,61,23,23,23,12,33,9,55,55,55,21,21,21,0,0],"gold":129,"neow_bonus":"THREE_CARDS","is_daily":false,"chose_seed":false,"campfire_upgraded":0,"win_rate":0.0,"timestamp":1614111221,"path_taken":["M","?","$","M","M","R","$","R","T","M","E","?","$","?","R","BOSS","M","?","M","?","?","E"],"items_purchased_type":["Relic","Card","Potion","Card","Card"],"build_version":"2020-12-22","purchased_purges":0,"victory":false,"max_hp_per_floor":[70,70,70,70,70,70,70,70,70,70,70,70,70,70,70,70,70,70,70,70,70,70,70,70],"card_choices":[{"not_picked":["Slice","Heel Hook"],"picked":"Caltrops","floor":0.0},{"not_picked":["Dodge and Roll","Acrobatics"],"picked":"Sucker Punch","floor":1.0},{"not_picked":["Outmaneuver","Blade Dance"],"picked":"Deadly Poison","floor":4.0},{"not_picked":["Dagger Throw","Cloak And Dagger"],"picked":"Infinite Blades","floor":5.0},{"not_picked":["Heel Hook","Finisher"],"picked":"PiercingWail","floor":10.0},{"not_picked":["Deflect","Flying Knee"],"picked":"PiercingWail","floor":11.0},{"not_picked":["Flying Knee","PiercingWail"],"picked":"Adrenaline","floor":14.0},{"not_picked":["Grand Finale","Doppelganger"],"picked":"Envenom","floor":16.0},{"not_picked":["Infinite Blades","Outmaneuver"],"picked":"Accuracy","floor":18.0},{"not_picked":["Poisoned Stab+1","Infinite Blades"],"picked":"Sucker Punch+1","floor":20}],"player_experience":5814809,"relics_obtained":[{"floor":11.0,"key":"Anchor"}],"event_choices":[{"damage_healed":0.0,"max_hp_gain":0.0,"max_hp_loss":0.0,"gold_gain":75.0,"event_name":"World of Goop","player_choice":"Gather Gold","floor":2.0,"gold_loss":0.0,"damage_taken":11.0},{"cards_removed":["Strike_G"],"damage_healed":0.0,"max_hp_gain":0.0,"max_hp_loss":0.0,"gold_gain":0.0,"event_name":"Bonfire Elementals","player_choice":"Offered Basic","floor":12.0,"gold_loss":0.0,"damage_taken":0.0},{"damage_healed":0.0,"max_hp_gain":0.0,"max_hp_loss":0.0,"gold_gain":0.0,"event_name":"The Library","player_choice":"Read","floor":19.0,"gold_loss":0.0,"damage_taken":0.0,"cards_obtained":["Crippling Poison"]},{"damage_healed":0,"gold_gain":0,"player_choice":"Simplicity","damage_taken":0,"max_hp_gain":0,"max_hp_loss":0,"event_name":"Back to Basics","floor":21,"gold_loss":0,"cards_upgraded":["Strike_G","Strike_G","Strike_G","Strike_G","Defend_G","Defend_G","Defend_G","Defend_G","Defend_G"]},{"damage_healed":0,"gold_gain":0,"player_choice":"Ignored","damage_taken":0,"max_hp_gain":0,"max_hp_loss":0,"event_name":"Beggar","floor":22,"gold_loss":0}],"is_beta":false,"boss_relics":[{"not_picked":["Runic Dome","Ring of the Serpent"],"picked":"SlaversCollar"}],"items_purged_floors":[],"is_endless":false,"potions_floor_spawned":[4,14,16,18],"killed_by":"Gremlin Leader","ascension_level":7}}