{"host":"onmzcmq5a68cxj3d","time":1614042288,"event":{"mods":["BaseMod","Colored Map","Minty Spire (QoL Compilation)","Remove Card Discount Mod"],"gold_per_floor":[114,114,110,40,56,56,56,10,10,10,10,36,36,56,56,151,151,169,199,171,271,121,121,121,121,148,148,148,148],"floor_reached":28,"language":"ENG","playtime":1137,"items_purged":["Wraith Form v2","Dualcast","Defend_B","Strike_B","Strike_B"],"score":198,"play_id":"217f551b-a04b-4ce9-aacd-b3b3240d867e","local_time":"20210222180448","daily_mods":["Heirloom","Time Dilation","Flight"],"is_ascension_mode":false,"campfire_choices":[{"data":"DevaForm","floor":6,"key":"SMITH"},{"data":"Echo Form","floor":7,"key":"SMITH"},{"data":"Leap","floor":11,"key":"SMITH"},{"data":"Defend_B","floor":13,"key":"PURGE"},{"data":"Gash","floor":15,"key":"SMITH"},{"floor":23,"key":"REST"},{"data":"Gash","floor":25,"key":"SMITH"},{"floor":27,"key":"REST"}],"circlet_count":0,"master_deck":["Demon Form","Echo Form+1","DevaForm+1","Strike_B","Strike_B","Defend_B","Defend_B","Zap","Leap+1","Gash+1","Creative AI","Conserve Battery","Gash+1"],"relics":["Unceasing Top","Peace Pipe","Happy Flower","Meat on the Bone","Anchor","Red Mask","TheAbacus","CeramicFish"],"acts_visited":["Exordium","TheCity"],"potions_floor_usage":[18,19,19],"damage_taken":[{"damage":2,"enemies":"Small Slimes","floor":1,"turns":4},{"damage":10,"enemies":"Cultist","floor":5,"turns":4},{"damage":1,"enemies":"Jaw Worm","floor":14,"turns":5},{"damage":27,"enemies":"The Guardian","floor":16,"turns":8},{"damage":22,"enemies":"2 Thieves","floor":18,"turns":4},{"damage":62,"enemies":"Masked Bandits","floor":19,"turns":6},{"damage":48,"enemies":"Book of Stabbing","floor":28,"turns":7}],"seed_played":"4141106057285899571","potions_obtained":[{"floor":5,"key":"Regen Potion"},{"floor":14,"key":"PowerPotion"},{"floor":18,"key":"LiquidBronze"}],"is_trial":true,"path_per_floor":["M","?","$","?","M","R","R","$","T","?","R","T","R","M","R","B",null,"M","?","$","?","$","R","$","R","T","R","E"],"character_chosen":"DEFECT","items_purchased":["Leap","Gash","TheAbacus"],"campfire_rested":2,"item_purchase_floors":[8,20,22],"current_hp_per_floor":[73,73,73,73,63,63,63,63,63,63,63,63,63,62,62,47,75,53,18,18,18,18,40,40,40,40,62,14,14],"gold":148,"neow_bonus":"","is_daily":false,"chose_seed":false,"campfire_upgraded":5,"win_rate":0.0,"timestamp":1614042288,"path_taken":["M","?","$","?","?","R","R","?","T","?","R","?","R","M","R","BOSS","M","?","?","?","$","R","$","R","T","R","E"],"items_purchased_type":["Card","Card","Relic"],"build_version":"2020-12-22","purchased_purges":5,"victory":false,"max_hp_per_floor":[75,75,75,75,75,75,75,75,75,75,75,75,75,75,75,75,75,75,75,75,75,75,75,75,75,75,75,75,75],"card_choices":[{"not_picked":["Hologram","Rip and Tear","Chaos"],"picked":"SKIP","floor":1},{"not_picked":["Beam Cell","Hello World","Glacier"],"picked":"SKIP","floor":5},{"not_picked":["Stack","Capacitor"],"picked":"Gash","floor":14},{"not_picked":["Thunder Strike","All For One"],"picked":"Creative AI","floor":16},{"not_picked":["Coolheaded","Fusion","Tempest+1"],"picked":"SKIP","floor":18},{"not_picked":["Ball Lightning","Tempest"],"picked":"Conserve Battery","floor":19}],"player_experience":464384,"relics_obtained":[{"floor":9,"key":"Meat on the Bone"},{"floor":12,"key":"Anchor"},{"floor":19,"key":"Red Mask"},{"floor":26,"key":"CeramicFish"}],"event_choices":[{"damage_healed":0,"gold_gain":0,"player_choice":"Leave","damage_taken":0,"max_hp_gain":0,"max_hp_loss":0,"event_name":"The Cleric","floor":2,"gold_loss":0},{"damage_healed":0,"gold_gain":0,"player_choice":"Paid Gold","damage_taken":0,"relics_obtained":["Happy Flower"],"max_hp_gain":0,"max_hp_loss":0,"event_name":"WeMeetAgain","floor":4,"gold_loss":70},{"damage_healed":0,"gold_gain":0,"player_choice":"Ignored","damage_taken":0,"max_hp_gain":0,"max_hp_loss":0,"event_name":"Golden Wing","floor":10,"gold_loss":0},{"damage_healed":0,"gold_gain":0,"player_choice":"Fought Bandits","damage_taken":0,"max_hp_gain":0,"max_hp_loss":0,"event_name":"Masked Bandits","floor":19,"gold_loss":0},{"damage_healed":0,"gold_gain":100,"player_choice":"Pray","damage_taken":0,"max_hp_gain":0,"max_hp_loss":0,"event_name":"Golden Shrine","floor":21,"gold_loss":0}],"is_beta":false,"boss_relics":[{"not_picked":["Ectoplasm","Runic Dome","Runic Pyramid"]}],"items_purged_floors":[3,3,20,20,20],"is_endless":false,"potions_floor_spawned":[5,14,18],"killed_by":"Book of Stabbing","ascension_level":0}}