{"host":"d52brwsy6af8zvaq","time":1614046717,"event":{"mods":["AchievementEnabler","BaseMod","Bestiary","Highlight Path","Minty Spire (QoL Compilation)","Quick Restart","Relic Stats","ojb\u0027s Better Paths Mod"],"gold_per_floor":[109,34,47,47,59,59,99,99,151,189,211,235,310,319,319,319,319],"floor_reached":16,"language":"ENG","playtime":638,"items_purged":[],"score":220,"play_id":"508df4af-d85b-4893-b835-818205b323cb","local_time":"20210222191837","is_ascension_mode":true,"campfire_choices":[{"data":"Zap","floor":6.0,"key":"SMITH"},{"floor":8.0,"key":"REST"},{"data":"Defragment","floor":15,"key":"SMITH"}],"circlet_count":0,"master_deck":["AscendersBane","Strike_B","Strike_B","Strike_B","Defend_B","Defend_B","Defend_B","Defend_B","Zap+1","Dualcast","Compile Driver","Go for the Eyes","Pain","Leap","Conserve Battery","Defragment+1","Ball Lightning","Turbo","Parasite"],"relics":["Cracked Core","WarpedTongs","CeramicFish","Orichalcum","Ancient Tea Set"],"acts_visited":["Exordium"],"potions_floor_usage":[],"damage_taken":[{"damage":2.0,"enemies":"Jaw Worm","floor":1.0,"turns":4.0},{"damage":0.0,"enemies":"2 Louse","floor":3.0,"turns":3.0},{"damage":4.0,"enemies":"Cultist","floor":5.0,"turns":3.0},{"damage":20.0,"enemies":"3 Sentries","floor":7.0,"turns":9.0},{"damage":33.0,"enemies":"Lagavulin","floor":10.0,"turns":9.0},{"damage":10,"enemies":"Exordium Wildlife","floor":11,"turns":3},{"damage":1,"enemies":"Blue Slaver","floor":12,"turns":3},{"damage":35,"enemies":"Hexaghost","floor":16,"turns":9}],"seed_played":"-6669790100706653456","potions_obtained":[{"floor":3.0,"key":"BlessingOfTheForge"},{"floor":5.0,"key":"Block Potion"},{"floor":11,"key":"PotionOfCapacity"}],"is_trial":false,"path_per_floor":["M","?","M","?","M","R","E","R","T","E","M","M","?","?","R","B"],"character_chosen":"DEFECT","items_purchased":[],"campfire_rested":1,"item_purchase_floors":[],"current_hp_per_floor":[69,69,69,69,65,65,45,68,68,35,25,24,13,32,32,0,0],"gold":319,"neow_bonus":"TEN_PERCENT_HP_BONUS","is_daily":false,"chose_seed":false,"campfire_upgraded":2,"win_rate":0.0,"timestamp":1614046717,"path_taken":["M","?","M","?","?","R","E","R","T","E","M","M","?","?","R","BOSS"],"items_purchased_type":[],"build_version":"2020-12-22","purchased_purges":0,"victory":false,"max_hp_per_floor":[78,78,78,78,78,78,78,78,78,78,78,78,78,78,78,78,78],"relic_stats":{"counters":[8,43],"CeramicFish":45,"Orichalcum":[54],"obtain_stats":[{"CeramicFish":7,"Orichalcum":9,"Cracked Core":0,"Ancient Tea Set":10,"WarpedTongs":4},{"CeramicFish":4,"Orichalcum":4,"Cracked Core":0,"Ancient Tea Set":5,"WarpedTongs":2},{"CeramicFish":19,"Orichalcum":19,"Cracked Core":0,"Ancient Tea Set":28,"WarpedTongs":7}],"WarpedTongs":[36]},"card_choices":[{"not_picked":["Hologram","Conserve Battery"],"picked":"Compile Driver","floor":1.0},{"not_picked":["Hologram","Conserve Battery"],"picked":"Go for the Eyes","floor":3.0},{"not_picked":["Conserve Battery","Rebound"],"picked":"Leap","floor":5.0},{"not_picked":["Compile Driver","Blizzard"],"picked":"Conserve Battery","floor":7.0},{"not_picked":["Streamline","Storm"],"picked":"Defragment","floor":10.0},{"not_picked":["Defragment","Rebound"],"picked":"Ball Lightning","floor":11},{"not_picked":["Conserve Battery","Darkness"],"picked":"Turbo","floor":12}],"player_experience":2341378,"relics_obtained":[{"floor":7.0,"key":"CeramicFish"},{"floor":9.0,"key":"Orichalcum"},{"floor":10.0,"key":"Ancient Tea Set"}],"event_choices":[{"cards_removed":["Strike_B"],"damage_healed":0.0,"max_hp_gain":0.0,"max_hp_loss":0.0,"gold_gain":0.0,"event_name":"The Cleric","player_choice":"Card Removal","floor":2.0,"gold_loss":75.0,"damage_taken":0.0},{"damage_healed":0.0,"max_hp_gain":0.0,"max_hp_loss":0.0,"gold_gain":0.0,"event_name":"Accursed Blacksmith","player_choice":"Rummage","floor":4.0,"gold_loss":0.0,"damage_taken":0.0,"relics_obtained":["WarpedTongs"],"cards_obtained":["Pain"]},{"damage_healed":0,"gold_gain":75,"player_choice":"Gather Gold","damage_taken":11,"max_hp_gain":0,"max_hp_loss":0,"event_name":"World of Goop","floor":13,"gold_loss":0},{"damage_healed":19,"gold_gain":0,"player_choice":"Healed and dodged fight","damage_taken":0,"max_hp_gain":0,"max_hp_loss":0,"event_name":"Mushrooms","floor":14,"gold_loss":0,"cards_obtained":["Parasite"]}],"is_beta":false,"boss_relics":[],"items_purged_floors":[],"is_endless":false,"potions_floor_spawned":[3,5,11],"killed_by":"Hexaghost","ascension_level":20}}