{"host":"u7lm8z2rvb4dg2oo","time":1614058757,"event":{"mods":["AchievementEnabler","BaseMod","Bestiary","Block Reminder","Colored Map","Colored Powertips","Curses Come First","DeckTracker","Googly Eyes","Highlight Path","Minty Spire (QoL Compilation)","Quick Restart","StSLib"],"gold_per_floor":[118,43,43,118,143,143,174,195,195,195,236,236,250,268,268,268,268],"floor_reached":16,"language":"ENG","playtime":672,"items_purged":["Strike_G"],"score":257,"play_id":"e1089b4c-ea11-402c-8dd9-40dfefad2584","local_time":"20210223003917","is_ascension_mode":true,"campfire_choices":[{"floor":6.0,"key":"REST"},{"floor":12.0,"key":"REST"},{"floor":15,"key":"REST"}],"circlet_count":0,"master_deck":["AscendersBane","Strike_G","Strike_G","Strike_G","Defend_G","Defend_G","Defend_G","Defend_G","Defend_G","Survivor","Neutralize","Predator","Phantasmal Killer","Poisoned Stab","Leg Sweep","Skewer","PiercingWail","Footwork"],"relics":["Ring of the Snake","NeowsBlessing","Golden Idol","Torii","Shuriken","Dream Catcher"],"acts_visited":["Exordium"],"potions_floor_usage":[16,16],"damage_taken":[{"damage":0.0,"enemies":"Jaw Worm","floor":1.0,"turns":1.0},{"damage":0.0,"enemies":"2 Louse","floor":5.0,"turns":1.0},{"damage":0.0,"enemies":"Gremlin Nob","floor":7.0,"turns":1.0},{"damage":0.0,"enemies":"Cultist","floor":8.0,"turns":3.0},{"damage":24.0,"enemies":"3 Sentries","floor":11.0,"turns":9.0},{"damage":11.0,"enemies":"Exordium Wildlife","floor":13.0,"turns":3.0},{"damage":1,"enemies":"2 Fungi Beasts","floor":14,"turns":4},{"damage":46,"enemies":"Hexaghost","floor":16,"turns":17}],"seed_played":"-3336926566663796017","potions_obtained":[{"floor":1.0,"key":"FearPotion"},{"floor":11.0,"key":"BlessingOfTheForge"},{"floor":13.0,"key":"SneckoOil"}],"is_trial":false,"path_per_floor":["M","$","?","?","M","R","E","M","T","?","E","R","M","M","R","B"],"character_chosen":"THE_SILENT","items_purchased":[],"campfire_rested":3,"item_purchase_floors":[],"current_hp_per_floor":[59,59,36,25,25,44,44,44,44,44,20,39,28,27,46,0,0],"gold":268,"neow_bonus":"THREE_ENEMY_KILL","is_daily":false,"chose_seed":false,"campfire_upgraded":0,"win_rate":0.0,"timestamp":1614058757,"path_taken":["M","$","?","?","M","R","E","M","T","?","E","R","M","?","R","BOSS"],"items_purchased_type":[],"build_version":"2020-12-22","purchased_purges":1,"victory":false,"max_hp_per_floor":[66,66,66,66,66,66,66,66,66,66,66,66,66,66,66,66,66],"card_choices":[{"not_picked":["Dagger Spray","Acrobatics"],"picked":"Predator","floor":1.0},{"not_picked":["Slice","Flying Knee","Backflip"],"picked":"SKIP","floor":5.0},{"not_picked":["Underhanded Strike","Sucker Punch"],"picked":"Phantasmal Killer","floor":7.0},{"not_picked":["Sucker Punch","Dagger Throw"],"picked":"Poisoned Stab","floor":8.0},{"not_picked":["Acrobatics","Dagger Throw"],"picked":"Leg Sweep","floor":11.0},{"not_picked":["Escape Plan","Calculated Gamble"],"picked":"Skewer","floor":12.0},{"not_picked":["Deadly Poison","Acrobatics","Outmaneuver"],"picked":"SKIP","floor":13.0},{"not_picked":["Bane","Outmaneuver"],"picked":"PiercingWail","floor":14},{"not_picked":["Leg Sweep","Deflect"],"picked":"Footwork","floor":15}],"player_experience":2043347,"relics_obtained":[{"floor":7.0,"key":"Torii"},{"floor":9.0,"key":"Shuriken"},{"floor":11.0,"key":"Dream Catcher"}],"event_choices":[{"damage_healed":0.0,"max_hp_gain":0.0,"max_hp_loss":0.0,"gold_gain":0.0,"event_name":"Golden Idol","player_choice":"Take Damage","floor":3.0,"gold_loss":0.0,"damage_taken":23.0,"relics_obtained":["Golden Idol"]},{"damage_healed":0.0,"max_hp_gain":0.0,"max_hp_loss":0.0,"gold_gain":75.0,"event_name":"World of Goop","player_choice":"Gather Gold","floor":4.0,"gold_loss":0.0,"damage_taken":11.0},{"cards_removed":["Strike_G"],"damage_healed":0.0,"max_hp_gain":0.0,"max_hp_loss":0.0,"gold_gain":0.0,"event_name":"Bonfire Elementals","player_choice":"Offered Basic","floor":10.0,"gold_loss":0.0,"damage_taken":0.0}],"is_beta":false,"boss_relics":[],"items_purged_floors":[2],"is_endless":false,"potions_floor_spawned":[1,11,13],"killed_by":"Hexaghost","ascension_level":18}}