{"host":"th1rgt4ohg3ajuw6","time":1614045214,"event":{"mods":["Act Like it!","BaseMod","Downfall","GifTheSpireLib","Minty Spire (QoL Compilation)","Shade Mod","Shop Mod","StSLib","Stuff the Spire"],"gold_per_floor":[0,11,25,125,139,39,64,96,106,121,16,16,16,466,480,578,578,478,493,512,512,530,530,530,549,83,83,103,118,132,132,150,250,250,250,265,280,430,443,15,15,15,70,70,87,87,103,103,118,118,118,118],"floor_reached":50,"language":"ENG","playtime":3505,"items_purged":[],"score":525,"play_id":"4e8fe55f-7b1f-4547-bb86-93f9ffcb71f2","local_time":"20210222175334","is_ascension_mode":false,"campfire_choices":[{"floor":1.0,"key":"RECALL"},{"data":"Guardian:TimeSifter","floor":6.0,"key":"SMITH"},{"floor":13.0,"key":"REST"},{"floor":18.0,"key":"REST"},{"floor":23.0,"key":"REST"},{"data":"downfall:Icky","floor":27.0,"key":"PURGE"},{"data":"downfall:Icky","floor":35,"key":"PURGE"},{"floor":42,"key":"REST"},{"data":"downfall:Icky","floor":44,"key":"PURGE"},{"floor":46,"key":"REST"}],"circlet_count":0,"master_deck":["Guardian:Strike_Guardian","Guardian:Strike_Guardian","Guardian:Strike_Guardian","Guardian:Strike_Guardian","Guardian:Defend_Guardian","Guardian:Defend_Guardian","Guardian:Defend_Guardian","Guardian:Defend_Guardian","Guardian:CurlUp","Guardian:TwinSlam","Guardian:TimeSifter+1","Guardian:Orbwalk","Guardian:GuardianWhirl","Guardian:Suspension","Guardian:ChargeCore","Guardian:BronzeArmor","Guardian:Clone","Guardian:BronzeOrb","Guardian:FloatingOrbs","Guardian:RollAttack","Guardian:FloatingOrbs","Guardian:TimeSifter","Guardian:EvasiveProtocol","Guardian:Incinerate","Guardian:PrismaticBeam","Guardian:PrimingBeam","Guardian:RefractedBeam","Enlightenment","Guardian:Orbwalk","Guardian:VentSteam","Guardian:WalkerClaw","Guardian:PiercingHide","Guardian:TemporalShield","Guardian:CompilePackage","Guardian:DonusPower+1","Guardian:DecasProtection","Guardian:MultiBeam","Guardian:ArmoredProtocol","Violence","Guardian:TemporalShield+1","Guardian:Incinerate","Jack Of All Trades","Guardian:Incinerate","Guardian:FuturePlans+1","Guardian:Gem_Purple"],"relics":["Guardian:ModeShifter","downfall:HeartBlessingRed","StuffTheSpire:CocoNut","Fusion Hammer","downfall:HeartBlessingBlue","Peace Pipe","Guardian:BottledStasis","downfall:RedIOU","SlaversCollar","StoneCalendar"],"acts_visited":["Exordium","TheCity","TheBeyond"],"potions_floor_usage":[32,33,33,45,47,47,49,50],"damage_taken":[{"damage":3.0,"enemies":"Small Slimes","floor":2.0,"turns":4.0},{"damage":6.0,"enemies":"Cultist","floor":3.0,"turns":3.0},{"damage":6.0,"enemies":"Jaw Worm","floor":5.0,"turns":5.0},{"damage":26.0,"enemies":"Lagavulin","floor":8.0,"turns":7.0},{"damage":10.0,"enemies":"downfall:LooterAlt","floor":9.0,"turns":3.0},{"damage":7.0,"enemies":"2 Fungi Beasts","floor":10.0,"turns":4.0},{"damage":0.0,"enemies":"downfall:FleeingMerchant","floor":11.0,"turns":4.0},{"damage":0.0,"enemies":"Exordium Thugs","floor":15.0,"turns":3.0},{"damage":10.0,"enemies":"IC_STATUS_ARCHETYPE","floor":16.0,"turns":8.0},{"damage":0.0,"enemies":"Spheric Guardian","floor":19.0,"turns":5.0},{"damage":10.0,"enemies":"downfall:LooterAlt2","floor":20.0,"turns":4.0},{"damage":5.0,"enemies":"Cultist and Chosen","floor":22.0,"turns":5.0},{"damage":19.0,"enemies":"Sentry and Sphere","floor":25.0,"turns":4.0},{"damage":0.0,"enemies":"downfall:FleeingMerchant","floor":26.0,"turns":4.0},{"damage":8.0,"enemies":"3 Cultists","floor":28.0,"turns":4.0},{"damage":5.0,"enemies":"Chosen and Byrds","floor":29.0,"turns":3.0},{"damage":16.0,"enemies":"Snake Plant","floor":30.0,"turns":4.0},{"damage":14,"enemies":"Centurion and Healer","floor":32,"turns":4},{"damage":21,"enemies":"DF_ARCHETYPE_CLAW","floor":33,"turns":6},{"damage":27,"enemies":"3 Darklings","floor":36,"turns":4},{"damage":5,"enemies":"Orb Walker","floor":37,"turns":3},{"damage":19,"enemies":"Jaw Worm Horde","floor":39,"turns":5},{"damage":0,"enemies":"downfall:FleeingMerchant","floor":40,"turns":4},{"damage":0,"enemies":"downfall:FleeingMerchant","floor":43,"turns":1},{"damage":36,"enemies":"Writhing Mass","floor":45,"turns":5},{"damage":33,"enemies":"Maw","floor":47,"turns":6},{"damage":9,"enemies":"Transient","floor":49,"turns":5},{"damage":35,"enemies":"WA_ARCHETYPE_DIVINITY","floor":50,"turns":7}],"seed_played":"-2611169827593080074","potions_obtained":[{"floor":8.0,"key":"SteroidPotion"},{"floor":10.0,"key":"Fire Potion"},{"floor":15.0,"key":"Guardian:AcceleratePotion"},{"floor":16.0,"key":"Strength Potion"},{"floor":19.0,"key":"Explosive Potion"},{"floor":28.0,"key":"ColorlessPotion"},{"floor":29.0,"key":"AttackPotion"},{"floor":33,"key":"Weak Potion"},{"floor":45,"key":"Weak Potion"},{"floor":47,"key":"Explosive Potion"},{"floor":49,"key":"LiquidBronze"}],"is_trial":false,"path_per_floor":["R","M","M","?","M","R","T","E","M","M","$","?","R","?","M","B",null,"R","M","M","?","M","R","T","M","$","R","M","M","M","?","M","B",null,"R","M","M","?","M","$","T","R","$","R","M","R","M","?","M","B"],"character_chosen":"GUARDIAN","items_purchased":["Guardian:FloatingOrbs","Guardian:RollAttack","Guardian:RefractedBeam","Enlightenment","Guardian:BottledStasis","Guardian:Gem_Red","Guardian:Orbwalk","Guardian:VentSteam","Fruit Juice","Guardian:ArmoredProtocol","Guardian:Gem_Fragmented","Violence","Guardian:Gem_Synthetic","Guardian:Incinerate","Jack Of All Trades"],"campfire_rested":5,"item_purchase_floors":[11,11,26,26,26,26,26,26,40,40,40,40,43,43,43],"current_hp_per_floor":[80,77,71,71,65,65,65,39,29,22,22,22,48,48,48,38,87,97,97,87,87,82,97,97,78,78,78,70,65,49,49,35,14,97,97,70,65,65,46,46,46,75,75,75,44,74,41,41,32,0,0,0],"gold":118,"neow_bonus":"THREE_RARE_CARDS","is_daily":false,"chose_seed":false,"campfire_upgraded":1,"win_rate":0.0,"timestamp":1614045214,"path_taken":["R","M","M","?","?","R","T","E","M","M","$","?","R","?","M","BOSS","R","M","M","?","M","R","T","M","$","R","M","M","M","?","M","BOSS","R","M","M","?","M","$","T","R","?","R","M","R","M","?","M","BOSS"],"items_purchased_type":["Card","Card","Card","Card","Relic","Card","Card","Card","Potion","Card","Card","Card","Card","Card","Card"],"build_version":"2020-12-22","purchased_purges":0,"victory":false,"max_hp_per_floor":[80,80,80,80,80,80,80,80,80,80,80,87,87,87,87,87,87,97,97,97,97,97,97,97,97,97,97,97,97,97,97,97,97,97,97,97,97,97,97,97,97,97,97,97,102,102,102,102,102,102,102,102],"card_choices":[{"not_picked":["Guardian:StasisEngine","Guardian:Gem_Synthetic"],"picked":"Guardian:TimeSifter","floor":0.0},{"not_picked":["Guardian:CrystalBeam","Guardian:TemporalStrike"],"picked":"Guardian:Orbwalk","floor":2.0},{"not_picked":["Guardian:Clone","Guardian:ChargeCore"],"picked":"Guardian:GuardianWhirl","floor":3.0},{"not_picked":["Guardian:PiercingHide","Guardian:Gem_Crimson"],"picked":"Guardian:Suspension","floor":5.0},{"not_picked":["Guardian:TemporalShield","Guardian:Gem_Green"],"picked":"Guardian:ChargeCore","floor":8.0},{"not_picked":["Guardian:StasisField","Guardian:ShieldCharger"],"picked":"Guardian:BronzeArmor","floor":9.0},{"not_picked":["Guardian:Gem_Red","Guardian:Gem_Purple"],"picked":"Guardian:Clone","floor":10.0},{"not_picked":["Guardian:WalkerClaw","Guardian:TimeSifter"],"picked":"Guardian:BronzeOrb","floor":11.0},{"not_picked":["Guardian:VentSteam","Guardian:ChargeCore"],"picked":"Guardian:Gem_Purple","floor":13.0},{"not_picked":["Guardian:Clone","Guardian:Recover"],"picked":"Guardian:FloatingOrbs","floor":15.0},{"not_picked":["Guardian:StasisEngine","Guardian:ExploitGems"],"picked":"Guardian:TimeSifter","floor":16.0},{"not_picked":["Guardian:TimeCapacitor","Guardian:PrimingBeam"],"picked":"Guardian:EvasiveProtocol","floor":18.0},{"not_picked":["Guardian:Clone","Guardian:Gem_Yellow"],"picked":"Guardian:Gem_Fragmented","floor":19.0},{"not_picked":["Guardian:TemporalShield","Guardian:ChargeCore"],"picked":"Guardian:Incinerate","floor":20.0},{"not_picked":["Guardian:VentSteam+1","Guardian:TemporalShield"],"picked":"Guardian:Gem_Green","floor":22.0},{"not_picked":["Guardian:EvasiveProtocol","Guardian:TemporalStrike"],"picked":"Guardian:PrismaticBeam","floor":23.0},{"not_picked":["Guardian:Harden","Guardian:BronzeOrb"],"picked":"Guardian:Gem_Purple","floor":25.0},{"not_picked":["Guardian:Gem_Red","Guardian:TemporalShield+1"],"picked":"Guardian:PrimingBeam","floor":26.0},{"not_picked":["Guardian:StasisEngine","Guardian:PrismaticBarrier"],"picked":"Guardian:WalkerClaw","floor":28.0},{"not_picked":["Guardian:Gem_Fragmented","Guardian:DecasProtection"],"picked":"Guardian:PiercingHide","floor":29.0},{"not_picked":["Guardian:Suspension","Guardian:RefractedBeam"],"picked":"Guardian:Gem_Cyan","floor":30.0},{"not_picked":["Guardian:ChargeCore","Guardian:RollAttack+1"],"picked":"Guardian:TemporalShield","floor":32},{"not_picked":["Guardian:HyperBeam_Guardian","Guardian:StasisField"],"picked":"Guardian:CompilePackage","floor":33},{"not_picked":["Guardian:TemporalStrike+1","Guardian:PrimingBeam+1"],"picked":"Guardian:DonusPower+1","floor":36},{"not_picked":["Guardian:VentSteam","Guardian:PrismaticBarrier+1"],"picked":"Guardian:DecasProtection","floor":37},{"not_picked":["Guardian:TemporalShield","Guardian:RollAttack"],"picked":"Guardian:Gem_Green","floor":39},{"not_picked":["Guardian:Suspension","Guardian:TemporalStrike+1"],"picked":"Guardian:MultiBeam","floor":40},{"not_picked":["Guardian:Planning+1","Guardian:ShieldCharger"],"picked":"Guardian:TemporalShield+1","floor":43},{"not_picked":["Guardian:TemporalShield","Guardian:PrimingBeam"],"picked":"Guardian:Incinerate","floor":45},{"not_picked":["Guardian:Gem_Green","Guardian:TimeSifter"],"picked":"Guardian:FuturePlans+1","floor":47},{"not_picked":["Guardian:Incinerate","Guardian:Gem_Cyan"],"picked":"Guardian:Gem_Purple","floor":49}],"player_experience":268544,"relics_obtained":[{"floor":8.0,"key":"Dream Catcher"},{"floor":24.0,"key":"Peace Pipe"},{"floor":41,"key":"StoneCalendar"}],"event_choices":[{"damage_healed":0.0,"max_hp_gain":0.0,"max_hp_loss":0.0,"gold_gain":0.0,"event_name":"Scrap Ooze","player_choice":"Success","floor":12.0,"gold_loss":0.0,"damage_taken":7.0,"relics_obtained":["StuffTheSpire:CocoNut"]}],"is_beta":false,"boss_relics":[{"not_picked":["Pandora\u0027s Box","Calling Bell"],"picked":"Fusion Hammer"},{"not_picked":["StuffTheSpire:RunicConfusion","Black Star"],"picked":"SlaversCollar"}],"items_purged_floors":[],"is_endless":false,"potions_floor_spawned":[8,10,15,16,19,28,29,33,45,47,49],"killed_by":"WA_ARCHETYPE_DIVINITY","ascension_level":0}}