{"host":"fdq5pmhluajjrf8d","time":1614119399,"event":{"mods":["BaseMod","Minty Spire (QoL Compilation)"],"gold_per_floor":[109,184,195,207,207,207,207,58,58,58,74,74,89,121,121,200,200,211,226,226,226],"floor_reached":20,"language":"ENG","playtime":1598,"items_purged":[],"score":348,"play_id":"97fa9bff-80c4-4cc0-95c0-58db8055b775","local_time":"20210223172959","is_ascension_mode":true,"campfire_choices":[{"data":"Consume","floor":6,"key":"SMITH"},{"data":"Loop","floor":10,"key":"SMITH"},{"data":"Zap","floor":12,"key":"SMITH"},{"floor":15,"key":"REST"}],"circlet_count":0,"master_deck":["AscendersBane","Strike_B","Strike_B","Strike_B","Strike_B","Defend_B","Defend_B","Defend_B","Defend_B","Zap+1","Dualcast","Ball Lightning","Glacier","Consume+1","Loop+1","FTL","Core Surge"],"relics":["Cracked Core","The Courier","Toy Ornithopter","PreservedInsect","SacredBark"],"acts_visited":["Exordium","TheCity"],"potions_floor_usage":[8,14,20],"damage_taken":[{"damage":1,"enemies":"Cultist","floor":1,"turns":3},{"damage":7,"enemies":"Jaw Worm","floor":3,"turns":2},{"damage":4,"enemies":"Small Slimes","floor":4,"turns":3},{"damage":1,"enemies":"Looter","floor":11,"turns":5},{"damage":19,"enemies":"Gremlin Gang","floor":13,"turns":4},{"damage":35,"enemies":"Gremlin Nob","floor":14,"turns":4},{"damage":31,"enemies":"Hexaghost","floor":16,"turns":11},{"damage":33,"enemies":"Chosen","floor":18,"turns":4},{"damage":6,"enemies":"Spheric Guardian","floor":19,"turns":3},{"damage":34,"enemies":"Centurion and Healer","floor":20,"turns":13}],"seed_played":"-6126954591427843454","potions_obtained":[{"floor":3,"key":"EssenceOfSteel"},{"floor":14,"key":"SteroidPotion"},{"floor":16,"key":"SkillPotion"}],"is_trial":false,"path_per_floor":["M","?","M","M","?","R","?","$","T","R","M","R","M","E","R","B",null,"M","M","M"],"character_chosen":"DEFECT","items_purchased":["Loop","Fruit Juice"],"campfire_rested":1,"item_purchase_floors":[8,8],"current_hp_per_floor":[70,59,52,48,74,74,69,74,74,74,73,73,54,24,48,17,67,34,28,0,0],"gold":226,"neow_bonus":"TEN_PERCENT_HP_BONUS","is_daily":false,"chose_seed":false,"campfire_upgraded":3,"win_rate":0.0,"timestamp":1614119399,"path_taken":["M","?","M","M","?","R","?","?","T","R","M","R","M","E","R","BOSS","M","?","M"],"items_purchased_type":["Card","Potion"],"build_version":"2020-12-22","purchased_purges":0,"victory":false,"max_hp_per_floor":[78,78,78,78,78,78,78,83,83,83,83,83,83,83,83,83,83,83,83,83,83],"card_choices":[{"not_picked":["Stack","Turbo"],"picked":"Ball Lightning","floor":1},{"not_picked":["Cold Snap","Barrage"],"picked":"Glacier","floor":3},{"not_picked":["Beam Cell","Ball Lightning"],"picked":"Consume","floor":4},{"not_picked":["Lockon","Rebound","Go for the Eyes"],"picked":"SKIP","floor":11},{"not_picked":["Gash","Coolheaded"],"picked":"FTL","floor":13},{"not_picked":["Static Discharge","Loop","Cold Snap"],"picked":"SKIP","floor":14},{"not_picked":["Meteor Strike","Reboot"],"picked":"Core Surge","floor":16},{"not_picked":["Genetic Algorithm+1","Undo","Stack+1"],"picked":"SKIP","floor":18},{"not_picked":["Reprogram","Go for the Eyes","Aggregate"],"picked":"SKIP","floor":19}],"player_experience":1986390,"relics_obtained":[{"floor":9,"key":"Toy Ornithopter"},{"floor":14,"key":"PreservedInsect"}],"event_choices":[{"damage_healed":0,"gold_gain":75,"player_choice":"Gather Gold","damage_taken":11,"max_hp_gain":0,"max_hp_loss":0,"event_name":"World of Goop","floor":2,"gold_loss":0},{"damage_healed":26,"gold_gain":0,"player_choice":"Banana","damage_taken":0,"max_hp_gain":0,"max_hp_loss":0,"event_name":"Big Fish","floor":5,"gold_loss":0},{"damage_healed":0,"gold_gain":0,"player_choice":"Success","damage_taken":5,"relics_obtained":["The Courier"],"max_hp_gain":0,"max_hp_loss":0,"event_name":"Scrap Ooze","floor":7,"gold_loss":0}],"is_beta":false,"boss_relics":[{"not_picked":["Busted Crown","Philosopher\u0027s Stone"],"picked":"SacredBark"}],"items_purged_floors":[],"is_endless":false,"potions_floor_spawned":[3,14,16,18],"killed_by":"Centurion and Healer","ascension_level":20}}