{"host":"ydujlihd8f5px9gp","time":1614117375,"event":{"mods":["AchievementEnabler","BaseMod","Block Reminder","Colored Map","Minty Spire (QoL Compilation)","StSLib","ojb\u0027s Info Mod"],"gold_per_floor":[110,127,88,88,108,108,122,142,142,161,175,175,175,191,191,289,289,305,305,325,335,76,76,76],"floor_reached":23,"language":"ENG","playtime":789,"items_purged":["Strike_B"],"score":224,"play_id":"ed77d8b5-fc9c-4db0-8a4f-9c3a0e363f21","local_time":"20210223185615","is_ascension_mode":true,"campfire_choices":[{"data":"Tempest","floor":6,"key":"SMITH"},{"data":"Fusion","floor":12,"key":"SMITH"},{"floor":15,"key":"REST"}],"circlet_count":0,"master_deck":["Strike_B","Strike_B+1","Strike_B","Defend_B","Defend_B","Defend_B","Zap","Dualcast","Capacitor+1","Cold Snap","Tempest+1","Leap","Rebound","Redo","Fusion+1","Coolheaded","Defragment","Creative AI","Fusion","Sunder+1","Chill","Bandage Up"],"relics":["Cracked Core","Blood Vial","Turnip","Nuclear Battery","The Courier","Runic Capacitor"],"acts_visited":["Exordium","TheCity"],"potions_floor_usage":[16,16,20,21],"damage_taken":[{"damage":2,"enemies":"Jaw Worm","floor":1,"turns":3},{"damage":1,"enemies":"Cultist","floor":2,"turns":3},{"damage":3,"enemies":"2 Louse","floor":5,"turns":2},{"damage":4,"enemies":"2 Fungi Beasts","floor":7,"turns":4},{"damage":12,"enemies":"Lots of Slimes","floor":8,"turns":4},{"damage":14,"enemies":"Red Slaver","floor":10,"turns":3},{"damage":11,"enemies":"Large Slime","floor":11,"turns":8},{"damage":8,"enemies":"2 Fungi Beasts","floor":14,"turns":4},{"damage":15,"enemies":"Hexaghost","floor":16,"turns":8},{"damage":11,"enemies":"Spheric Guardian","floor":18,"turns":3},{"damage":32,"enemies":"2 Thieves","floor":20,"turns":5},{"damage":19,"enemies":"Snake Plant","floor":21,"turns":4},{"damage":34,"enemies":"Gremlin Leader","floor":23,"turns":3}],"seed_played":"-1637111367858607887","potions_obtained":[{"floor":1,"key":"Dexterity Potion"},{"floor":2,"key":"LiquidBronze"},{"floor":7,"key":"DuplicationPotion"},{"floor":20,"key":"LiquidBronze"}],"is_trial":false,"path_per_floor":["M","M","$","?","M","R","M","M","T","M","M","R","?","M","R","B",null,"M","?","M","M","$","E"],"character_chosen":"DEFECT","items_purchased":["Tempest","Runic Capacitor","Bandage Up"],"campfire_rested":1,"item_purchase_floors":[3,22,22],"current_hp_per_floor":[73,74,74,74,72,72,70,60,60,48,39,39,24,18,40,27,75,64,64,34,17,17,0,0],"gold":76,"neow_bonus":"RANDOM_COMMON_RELIC","is_daily":false,"chose_seed":false,"campfire_upgraded":2,"win_rate":0.0,"timestamp":1614117375,"path_taken":["M","M","$","?","?","R","M","M","T","M","M","R","?","M","R","BOSS","M","?","?","M","$","E"],"items_purchased_type":["Card","Relic","Card"],"build_version":"2020-12-22","purchased_purges":1,"victory":false,"max_hp_per_floor":[75,75,75,75,75,75,75,75,75,75,75,75,75,75,75,75,75,75,75,75,75,75,75,75],"card_choices":[{"not_picked":["Compile Driver","Auto Shields"],"picked":"Capacitor","floor":1},{"not_picked":["Auto Shields","Self Repair"],"picked":"Cold Snap","floor":2},{"not_picked":["Leap","Stack"],"picked":"Rebound","floor":5},{"not_picked":["Hologram","Scrape"],"picked":"Redo","floor":7},{"not_picked":["Machine Learning","Undo"],"picked":"Fusion","floor":8},{"not_picked":["Redo","Ball Lightning"],"picked":"Coolheaded","floor":10},{"not_picked":["Steam","Undo"],"picked":"Defragment","floor":11},{"not_picked":["Steam Power","Steam"],"picked":"Melter","floor":14},{"not_picked":["Reboot","Hyperbeam"],"picked":"Creative AI","floor":16},{"not_picked":["Conserve Battery","Streamline+1"],"picked":"Fusion","floor":18},{"not_picked":["Aggregate","Rebound"],"picked":"Sunder+1","floor":20},{"not_picked":["Sunder","Loop"],"picked":"Chill","floor":21}],"player_experience":168138,"relics_obtained":[{"floor":9,"key":"Turnip"}],"event_choices":[{"damage_healed":0,"gold_gain":0,"cards_transformed":["Defend_B"],"player_choice":"Transformed","damage_taken":0,"max_hp_gain":0,"max_hp_loss":0,"event_name":"Transmorgrifier","floor":4,"gold_loss":0,"cards_obtained":["Leap"]},{"damage_healed":0,"gold_gain":0,"player_choice":"Entered Light","damage_taken":15,"max_hp_gain":0,"max_hp_loss":0,"event_name":"Shining Light","floor":13,"gold_loss":0,"cards_upgraded":["Strike_B","Capacitor"]},{"cards_removed":["Melter"],"damage_healed":0,"gold_gain":0,"player_choice":"Gave Card","damage_taken":0,"relics_obtained":["The Courier"],"max_hp_gain":0,"max_hp_loss":0,"event_name":"WeMeetAgain","floor":19,"gold_loss":0}],"is_beta":false,"boss_relics":[{"not_picked":["Philosopher\u0027s Stone","Empty Cage"],"picked":"Nuclear Battery"}],"items_purged_floors":[22],"is_endless":false,"potions_floor_spawned":[1,2,7,14,20],"killed_by":"Gremlin Leader","ascension_level":4}}