{"host":"ymmeoa1x24ihslbm","time":1614110971,"event":{"mods":["AchievementEnabler","Bartender","BaseMod","CatGirl Mod","Colored Map","Colored Powertips","Defuse TimeMaze Blight","Hermit","Highlight Path","HornydragonMod","Hyrulean Relics","Infinite Spire","Minty Spire (QoL Compilation)","Permanent Neow","Quick Restart","Rare Cards Sparkle","Relic Sorter","Robot Space Explorer","Shapeshifter Mod","Shop Mod","StSLib","The Gatherer","The Marked","TheFirefly","TheSurvivalist","Transform Curses"],"gold_per_floor":[183,234,234,2,14,49,49,67,67,67,67,43,54,74,74,1266,1266],"floor_reached":16,"language":"ENG","playtime":6558,"items_purged":[],"score":125,"play_id":"19e0c2c3-82b7-48fb-869d-4683235e5aa1","local_time":"20210223210931","is_ascension_mode":false,"campfire_choices":[{"data":"Metabolism","floor":7,"key":"SMITH"},{"data":"Metabolism","floor":11,"key":"SMITH"},{"data":"GetStonks","floor":15,"key":"SMITH"}],"circlet_count":0,"master_deck":["Strike_HD","Strike_HD","Strike_HD","Strike_HD","DrunkenFist","Defend_HD","Defend_HD","Defend_HD","Defend_HD","AlcoholBarrier","BreakDrink","Metabolism+1","Metabolism+1","IceTea","Weed","Metabolism+1","AlcoholGun","Platelet","GetStonks+1"],"relics":["WineBottle","MerchantsRug","Bag of Preparation","infinitespire:ShieldingShard","Orichalcum","infinitespire:Midas Blood"],"acts_visited":["Exordium"],"potions_floor_usage":[16],"damage_taken":[{"damage":5,"enemies":"Small Slimes","floor":1,"turns":5},{"damage":0,"enemies":"2 Louse","floor":5,"turns":1},{"damage":22,"enemies":"Gremlin Nob","floor":6,"turns":4},{"damage":0,"enemies":"Jaw Worm","floor":8,"turns":2},{"damage":0,"enemies":"Blue Slaver","floor":13,"turns":2},{"damage":0,"enemies":"Looter","floor":14,"turns":3},{"damage":118,"enemies":"Slime Boss","floor":16,"turns":15}],"seed_played":"2190313692381756293","potions_obtained":[{"floor":1,"key":"SneckoOil"},{"floor":6,"key":"BlessingOfTheForge"},{"floor":14,"key":"GamblersBrew"}],"is_trial":false,"path_per_floor":["M","?","?","$","M","E","R","M","T","T","R","$","M","M","R","B"],"character_chosen":"HORNYDRAGON","items_purchased":["MerchantsRug","Bag of Preparation","AlcoholGun"],"campfire_rested":0,"item_purchase_floors":[4,4,12],"current_hp_per_floor":[82,82,82,82,82,60,60,68,68,68,68,68,76,87,87,0,0],"gold":1266,"neow_bonus":"HUNDRED_GOLD","is_daily":false,"chose_seed":false,"campfire_upgraded":3,"win_rate":0.0,"timestamp":1614110971,"path_taken":["M","?","?","?","M","E","R","M","T","?","R","?","?","?","R","BOSS"],"items_purchased_type":["Relic","Relic","Card"],"build_version":"2020-12-22","purchased_purges":0,"victory":false,"max_hp_per_floor":[87,87,87,87,87,87,87,87,87,87,87,87,87,87,87,87,87],"card_choices":[{"not_picked":["Conch","Alcoholic"],"picked":"Metabolism","floor":1},{"not_picked":["Conch","Alcoholic"],"picked":"Metabolism","floor":1},{"not_picked":["Margarita","ShrimpCocktail"],"picked":"IceTea","floor":5},{"not_picked":["Icecream","CardDestruct"],"picked":"Weed","floor":6},{"not_picked":["AlcoholGun","Weed"],"picked":"Metabolism","floor":8},{"not_picked":["Fury","DrunkenFist"],"picked":"Platelet","floor":13},{"not_picked":["HeadDefend","DrumStick"],"picked":"GetStonks","floor":14}],"player_experience":814966,"relics_obtained":[{"floor":3,"key":"Bottled Lightning"},{"floor":6,"key":"infinitespire:ShieldingShard"},{"floor":9,"key":"Orichalcum"},{"floor":10,"key":"infinitespire:Midas Blood"}],"event_choices":[{"damage_healed":0,"gold_gain":51,"player_choice":"Gained Gold","damage_taken":0,"max_hp_gain":0,"max_hp_loss":0,"event_name":"Golden Wing","floor":2,"gold_loss":0}],"is_beta":false,"boss_relics":[],"items_purged_floors":[],"is_endless":false,"potions_floor_spawned":[1,6,14],"killed_by":"Slime Boss","ascension_level":0}}