{"host":"yhhyog5h1q67ienp","time":1614094696,"event":{"mods":["AchievementEnabler","BaseMod","Block Reminder","Colored Map","Colored Powertips","Minty Spire (QoL Compilation)","Quick Restart","Relic Stats","StSLib","ojb\u0027s Better Paths Mod","ojb\u0027s Info Mod"],"gold_per_floor":[118,134,134,134,6,6,47,47,47,90,90,90,113,137,137,228,228,243,36,56,81,81],"floor_reached":21,"language":"ENG","playtime":2327,"items_purged":["Strike_P"],"score":424,"play_id":"2fbc28d1-4734-4b53-aead-57e4a6b60fdc","local_time":"20210223123816","is_ascension_mode":true,"campfire_choices":[{"data":"Eruption","floor":6,"key":"SMITH"},{"data":"CutThroughFate","floor":8,"key":"SMITH"},{"floor":12,"key":"REST"},{"data":"ThirdEye","floor":15,"key":"SMITH"}],"circlet_count":0,"master_deck":["AscendersBane","Strike_P","Strike_P","Strike_P","Defend_P","Defend_P","Defend_P","Defend_P","Eruption+1","Vigilance","FlyingSleeves","Consecrate","CutThroughFate+1","WindmillStrike","ThirdEye+1","EmptyFist","Wish","EmptyBody+1","Indignation","FearNoEvil"],"relics":["HolyWater","NeowsBlessing","Bird Faced Urn","Golden Idol","Frozen Egg 2","HornCleat","Medical Kit"],"acts_visited":["Exordium","TheCity"],"potions_floor_usage":[16,16,18],"damage_taken":[{"damage":0,"enemies":"Jaw Worm","floor":1,"turns":1},{"damage":0,"enemies":"2 Louse","floor":2,"turns":1},{"damage":0,"enemies":"3 Sentries","floor":7,"turns":1},{"damage":12,"enemies":"Lagavulin","floor":10,"turns":7},{"damage":0,"enemies":"Cultist","floor":13,"turns":2},{"damage":4,"enemies":"Exordium Wildlife","floor":14,"turns":5},{"damage":18,"enemies":"The Guardian","floor":16,"turns":12},{"damage":6,"enemies":"2 Thieves","floor":18,"turns":3},{"damage":16,"enemies":"3 Byrds","floor":20,"turns":6},{"damage":53,"enemies":"Sentry and Sphere","floor":21,"turns":7}],"seed_played":"-194518469053745201","potions_obtained":[{"floor":1,"key":"ColorlessPotion"},{"floor":7,"key":"EntropicBrew"},{"floor":10,"key":"Block Potion"}],"is_trial":false,"path_per_floor":["M","M","?","?","$","R","E","R","T","E","?","R","M","M","R","B",null,"M","$","M","M"],"character_chosen":"WATCHER","items_purchased":["BottledMiracle","Medical Kit","Indignation"],"campfire_rested":1,"item_purchase_floors":[5,19,19],"current_hp_per_floor":[61,61,50,50,50,50,50,50,50,38,38,56,56,52,52,34,55,49,49,33,0,0],"gold":81,"neow_bonus":"THREE_ENEMY_KILL","is_daily":false,"chose_seed":false,"campfire_upgraded":3,"win_rate":0.0,"timestamp":1614094696,"path_taken":["M","M","?","?","$","R","E","R","T","E","?","R","M","M","R","BOSS","M","$","M","?"],"items_purchased_type":["Potion","Relic","Card"],"build_version":"2020-12-22","purchased_purges":1,"victory":false,"max_hp_per_floor":[68,68,68,62,62,62,62,62,62,62,62,62,62,62,62,62,62,62,62,62,62,62],"relic_stats":{"counters":[10,45],"Golden Idol":52,"Bird Faced Urn":[0],"Medical Kit":[0],"obtain_stats":[{"HornCleat":10,"NeowsBlessing":0,"Golden Idol":4,"Bird Faced Urn":3,"HolyWater":17,"PureWater":0,"Frozen Egg 2":7,"Medical Kit":19},{"HornCleat":4,"NeowsBlessing":0,"Golden Idol":2,"Bird Faced Urn":2,"HolyWater":7,"PureWater":0,"Frozen Egg 2":3,"Medical Kit":8},{"HornCleat":10,"NeowsBlessing":0,"Golden Idol":2,"Bird Faced Urn":2,"HolyWater":29,"PureWater":0,"Frozen Egg 2":3,"Medical Kit":32}]},"card_choices":[{"not_picked":["WheelKick","Indignation"],"picked":"FlyingSleeves","floor":1},{"not_picked":["WaveOfTheHand","Sanctity"],"picked":"Consecrate","floor":2},{"not_picked":["LikeWater+1","Perseverance"],"picked":"CutThroughFate","floor":7},{"not_picked":["CrushJoints","LikeWater+1"],"picked":"WindmillStrike","floor":10},{"not_picked":["ClearTheMind","Protect"],"picked":"ThirdEye","floor":13},{"not_picked":["Protect","FlyingSleeves"],"picked":"EmptyFist","floor":14},{"not_picked":["DevaForm+1","Ragnarok"],"picked":"Wish","floor":16},{"not_picked":["EmptyFist","SashWhip"],"picked":"EmptyBody+1","floor":18},{"not_picked":["PathToVictory+1","Nirvana+1"],"picked":"FearNoEvil","floor":20}],"player_experience":1530359,"relics_obtained":[{"floor":7,"key":"Frozen Egg 2"},{"floor":10,"key":"HornCleat"}],"event_choices":[{"damage_healed":0,"gold_gain":0,"player_choice":"Success","damage_taken":11,"relics_obtained":["Bird Faced Urn"],"max_hp_gain":0,"max_hp_loss":0,"event_name":"Scrap Ooze","floor":3,"gold_loss":0},{"damage_healed":0,"gold_gain":0,"player_choice":"Lose Max HP","damage_taken":0,"relics_obtained":["Golden Idol"],"max_hp_gain":0,"max_hp_loss":6,"event_name":"Golden Idol","floor":4,"gold_loss":0},{"damage_healed":0,"gold_gain":0,"player_choice":"0 cards matched","damage_taken":0,"max_hp_gain":0,"max_hp_loss":0,"event_name":"Match and Keep!","floor":11,"gold_loss":0,"cards_obtained":[]}],"is_beta":false,"boss_relics":[{"not_picked":["Philosopher\u0027s Stone","Fusion Hammer"],"picked":"HolyWater"}],"items_purged_floors":[5],"is_endless":false,"potions_floor_spawned":[1,7,10,14],"killed_by":"Sentry and Sphere","ascension_level":20}}