{"host":"ufl0k2so27eic2iy","time":1614085885,"event":{"mods":["100% Spire Juice","BaseMod","ChefMod","Curses Come First","Downfall","Minty Spire (QoL Compilation)","Replay The Spire","StSLib","The Animator","The Cursed","The Marked"],"gold_per_floor":[126,11,11,22,35,35,79,79,104,104,117,159,179,196,196,273,273,283,283,294,194,226,226,260,260,260,185,212,223,239,351,351,423,423,437,486,4,29,48,48,76,76,76,113,113,113,113,137,137,145,145,145,61,97,101],"floor_reached":56,"language":"ENG","playtime":3486,"items_purged":["animator:Strike","animator:Strike","animator:Strike_TenSura"],"score":2037,"play_id":"e7b900b9-8bae-41df-b107-143fe250a104","local_time":"20210223131125","is_ascension_mode":true,"campfire_choices":[{"data":"animator:KrulTepes","floor":6.0,"key":"SMITH"},{"data":"animator:Benimaru","floor":10.0,"key":"SMITH"},{"data":"animator:Albedo","floor":15.0,"key":"SMITH"},{"data":"animator:Shinoa","floor":23.0,"key":"SMITH"},{"data":"animator:DolaSchwi","floor":25.0,"key":"SMITH"},{"floor":32.0,"key":"RECALL"},{"data":"animator:Souei","floor":40.0,"key":"SMITH"},{"floor":42.0,"key":"DIG"},{"floor":46.0,"key":"DIG"},{"floor":49.0,"key":"DIG"},{"floor":52.0,"key":"DIG"}],"circlet_count":1,"master_deck":["AscendersBane","animator:Defend_TenSura","animator:Defend","animator:Defend","animator:Defend","animator:Benimaru+1","animator:Shuna","animator:KrulTepes+1","animator:Shinoa+1","animator:LeleiLaLalena","animator:Yuuichirou","animator:Kaijin","animator:DolaSchwi+1","animator:Albedo+1","animator:Benimaru","animator:Rimuru","animator:Shinoa+1","animator:Shigure","animator:Mikaela","animator:Tyuule+1","animator:Shuna","animator:GazelDwargon","animator:Rimuru","animator:Archer+1","animator:Souei+1","animator:TukaLunaMarceau+1","animator:GuildGirl+1","animator:Bozes","animator:HigakiRinne","animator:CowGirl+1","animator:ChlammyZell"],"relics":["animator:LivingPicture","animator:TheMissingPiece","Blood Vial","Blue Doll","Singing Bowl","Red Skull","Blood Vial","Boot","Coffee Dripper","Divine Protection","Blood Vial","Ginger","Replay:PocketPolymizer","The Courier","Blood Vial","sneckomod:SneckoTalon","Shovel","ReplayTheSpireMod:TigerMarble","CloakClasp","Medical Kit","Calipers","Replay:Rubber Ducky","Ornamental Fan","Blood Vial","Paper Crane","Smiling Mask","Guardian:PocketSentry","Circlet","Bottled Tornado"],"acts_visited":["Exordium","TheCity","TheBeyond","TheEnding"],"potions_floor_usage":[55],"damage_taken":[{"damage":0.0,"enemies":"Jaw Worm","floor":1.0,"turns":5.0},{"damage":0.0,"enemies":"Small Slimes","floor":4.0,"turns":4.0},{"damage":0.0,"enemies":"Cultist","floor":5.0,"turns":3.0},{"damage":7.0,"enemies":"3 Sentries","floor":7.0,"turns":7.0},{"damage":0.0,"enemies":"Blue Slaver","floor":11.0,"turns":4.0},{"damage":40.0,"enemies":"Gremlin Nob","floor":12.0,"turns":5.0},{"damage":0.0,"enemies":"Large Slime","floor":13.0,"turns":3.0},{"damage":0.0,"enemies":"2 Fungi Beasts","floor":14.0,"turns":3.0},{"damage":24.0,"enemies":"Fading Forest","floor":16.0,"turns":11.0},{"damage":4.0,"enemies":"Shell Parasite","floor":18.0,"turns":6.0},{"damage":5.0,"enemies":"3 Byrds","floor":20.0,"turns":6.0},{"damage":5.0,"enemies":"Snake Plant","floor":22.0,"turns":4.0},{"damage":3.0,"enemies":"Book of Stabbing","floor":24.0,"turns":8.0},{"damage":13.0,"enemies":"Replay:Snechameleon","floor":28.0,"turns":7.0},{"damage":0.0,"enemies":"Cultist and Chosen","floor":29.0,"turns":6.0},{"damage":0.0,"enemies":"Chosen and Byrds","floor":30.0,"turns":4.0},{"damage":0.0,"enemies":"Colosseum Slavers","floor":31.0,"turns":4.0},{"damage":18.0,"enemies":"Colosseum Nobs","floor":31.0,"turns":6.0},{"damage":8.0,"enemies":"Automaton","floor":33.0,"turns":13.0},{"damage":0.0,"enemies":"Orb Walker","floor":35.0,"turns":3.0},{"damage":25.0,"enemies":"2 Orb Walkers","floor":36.0,"turns":6.0},{"damage":0.0,"enemies":"Mind Bloom Boss Battle","floor":38.0,"turns":6.0},{"damage":9.0,"enemies":"3 Darklings","floor":39.0,"turns":5.0},{"damage":0.0,"enemies":"Giant Head","floor":41.0,"turns":8.0},{"damage":0.0,"enemies":"R_Hoarder","floor":44.0,"turns":8.0},{"damage":0.0,"enemies":"Jaw Worm Horde","floor":48.0,"turns":4.0},{"damage":4.0,"enemies":"Donu and Deca","floor":50.0,"turns":10.0},{"damage":13,"enemies":"Shield and Spear","floor":54,"turns":7},{"damage":35,"enemies":"The Heart","floor":55,"turns":11}],"seed_played":"-4553062602436859302","potions_obtained":[{"floor":1.0,"key":"Slimebound:ThreeZeroPotion"},{"floor":5.0,"key":"Dexterity Potion"},{"floor":13.0,"key":"Adrenaline Potion"},{"floor":18.0,"key":"Weak Potion"},{"floor":19.0,"key":"ColorlessPotion"},{"floor":29.0,"key":"SteroidPotion"},{"floor":31.0,"key":"EssenceOfSteel"},{"floor":36.0,"key":"Explosive Potion"},{"floor":48.0,"key":"SkillPotion"}],"is_trial":false,"path_per_floor":["M","$","?","M","M","R","E","T","T","R","M","E","M","M","R","B",null,"M","?","M","$","M","R","E","R","T","?","E","M","M","?","R","B",null,"M","?","$","?","M","R","E","R","T","E","?","R","?","M","R","B",null,"R","$","E","B",null],"character_chosen":"THE_ANIMATOR","items_purchased":["animator:Shinoa+1","ReplayTheSpireMod:TigerMarble","CloakClasp","Medical Kit","animator:CowGirl+1"],"campfire_rested":0,"item_purchase_floors":[2,37,37,37,53],"current_hp_per_floor":[60,60,60,60,61,61,54,54,54,54,56,18,24,28,28,17,57,59,59,58,58,57,57,59,59,59,59,52,58,64,57,57,55,70,77,52,52,61,60,60,68,68,68,76,64,64,64,76,76,76,79,79,79,67,42],"gold":101,"neow_bonus":"TEN_PERCENT_HP_BONUS","is_daily":false,"chose_seed":false,"campfire_upgraded":6,"win_rate":0.0,"timestamp":1614085885,"path_taken":["M","$","?","M","M","R","E","?","T","R","M","E","M","M","R","BOSS","M","?","?","$","M","R","E","R","T","?","E","M","M","?","R","BOSS","M","?","$","?","M","R","E","R","T","E","?","R","?","?","R","BOSS","R","$","E","BOSS"],"items_purchased_type":["Card","Relic","Relic","Relic","Card"],"build_version":"2020-12-22","purchased_purges":3,"victory":true,"max_hp_per_floor":[66,66,66,66,67,67,67,67,67,67,67,67,69,69,69,70,70,72,72,72,72,72,72,73,73,73,73,75,75,75,75,75,75,75,77,77,77,78,78,78,78,78,78,78,78,78,78,80,80,80,80,80,80,80,80],"card_choices":[{"not_picked":["animator:Shuna","animator:Archer"],"picked":"animator:KrulTepes","floor":1.0},{"not_picked":["animator:Berserker","animator:Tet"],"picked":"animator:LeleiLaLalena","floor":4.0},{"not_picked":["animator:Mitsuba","animator:Rider"],"picked":"animator:Yuuichirou","floor":5.0},{"not_picked":["animator:Millim","animator:Vesta"],"picked":"animator:Kaijin","floor":7.0},{"not_picked":["animator:PandorasActor","animator:DolaStephanie"],"picked":"animator:DolaSchwi","floor":11.0},{"not_picked":["animator:Witch","animator:SakuraMatou"],"picked":"animator:Albedo","floor":12.0},{"not_picked":["animator:Priestess","animator:DwarfShaman","animator:KrulTepes"],"picked":"Singing Bowl","floor":13.0},{"not_picked":["animator:Shuna","animator:Kaijin"],"picked":"animator:Benimaru","floor":14.0},{"not_picked":["animator:PinaCoLada","animator:GoblinSlayer"],"picked":"animator:Rimuru","floor":16.0},{"not_picked":["animator:PandorasActor","animator:Mitsuba","animator:DolaRiku"],"picked":"Singing Bowl","floor":18.0},{"not_picked":["animator:Shuna","animator:RoryMercury"],"picked":"animator:Shinoa","floor":20.0},{"not_picked":["animator:DolaStephanie","animator:RoryMercury"],"picked":"animator:Shigure","floor":22.0},{"not_picked":["animator:Mitsuba","animator:Shigure"],"picked":"animator:Mikaela","floor":24.0},{"not_picked":["animator:RinTohsaka","animator:Shion","animator:Assassin"],"picked":"Singing Bowl","floor":28.0},{"not_picked":["animator:PandorasActor","animator:Assassin"],"picked":"animator:Tyuule+1","floor":29.0},{"not_picked":["animator:Priestess","animator:Illya"],"picked":"animator:Shuna","floor":30.0},{"not_picked":["animator:Shuna","animator:Hakurou"],"picked":"animator:GazelDwargon","floor":31.0},{"not_picked":["animator:Albedo","animator:Guren"],"picked":"animator:Rimuru","floor":33.0},{"not_picked":["animator:Tyuule","animator:Witch","animator:Priestess"],"picked":"Singing Bowl","floor":35.0},{"not_picked":["animator:HiiragiShinya","animator:LizardPriest"],"picked":"animator:Archer+1","floor":36.0},{"not_picked":["animator:Shion","animator:Yoichi+1"],"picked":"animator:Souei","floor":38.0},{"not_picked":["animator:GuildGirl","animator:Illya"],"picked":"animator:TukaLunaMarceau+1","floor":39.0},{"not_picked":["animator:CrowleyEusford","animator:Lancer"],"picked":"animator:GuildGirl+1","floor":41.0},{"not_picked":["animator:YaoHaDucy","animator:Kuribayashi"],"picked":"animator:Bozes","floor":44.0},{"not_picked":["animator:Jibril+1","animator:SakuraMatou","animator:Kuribayashi"],"picked":"Singing Bowl","floor":48.0},{"not_picked":["animator:Mikaela","animator:RoryMercury"],"picked":"animator:ChlammyZell","floor":54}],"player_experience":2847996,"relics_obtained":[{"floor":7.0,"key":"Blood Vial"},{"floor":7.0,"key":"Blue Doll"},{"floor":8.0,"key":"Singing Bowl"},{"floor":9.0,"key":"Red Skull"},{"floor":12.0,"key":"Blood Vial"},{"floor":12.0,"key":"Boot"},{"floor":24.0,"key":"Dead Branch"},{"floor":26.0,"key":"Divine Protection"},{"floor":28.0,"key":"Blood Vial"},{"floor":28.0,"key":"Ginger"},{"floor":31.0,"key":"Replay:PocketPolymizer"},{"floor":31.0,"key":"The Courier"},{"floor":33.0,"key":"Blood Vial"},{"floor":36.0,"key":"Shovel"},{"floor":38.0,"key":"Calipers"},{"floor":41.0,"key":"Replay:Rubber Ducky"},{"floor":42.0,"key":"Ornamental Fan"},{"floor":44.0,"key":"Blood Vial"},{"floor":44.0,"key":"Paper Crane"},{"floor":46.0,"key":"Smiling Mask"},{"floor":49.0,"key":"Guardian:PocketSentry"},{"floor":52.0,"key":"Bottled Tornado"}],"event_choices":[{"damage_healed":0.0,"max_hp_gain":0.0,"max_hp_loss":0.0,"gold_gain":0.0,"event_name":"Scrap Ooze","player_choice":"Fled","floor":3.0,"gold_loss":0.0,"damage_taken":0.0},{"damage_healed":0.0,"max_hp_gain":0.0,"max_hp_loss":0.0,"gold_gain":0.0,"event_name":"Lab","player_choice":"Got Potions","floor":19.0,"gold_loss":0.0,"damage_taken":0.0},{"cards_removed":["animator:Strike"],"damage_healed":0.0,"max_hp_gain":0.0,"max_hp_loss":0.0,"gold_gain":0.0,"event_name":"Beggar","player_choice":"Gave Gold","floor":27.0,"gold_loss":75.0,"damage_taken":0.0},{"damage_healed":0.0,"max_hp_gain":0.0,"max_hp_loss":0.0,"gold_gain":0.0,"event_name":"Colosseum","player_choice":"Fight","floor":31.0,"gold_loss":0.0,"damage_taken":0.0},{"damage_healed":0.0,"max_hp_gain":0.0,"max_hp_loss":0.0,"gold_gain":0.0,"event_name":"Colosseum","player_choice":"Fought Nobs","floor":31.0,"gold_loss":0.0,"damage_taken":0.0},{"damage_healed":0.0,"max_hp_gain":0.0,"max_hp_loss":0.0,"gold_gain":0.0,"event_name":"Mysterious Sphere","player_choice":"Fight","floor":36.0,"gold_loss":0.0,"damage_taken":0.0},{"damage_healed":0.0,"max_hp_gain":0.0,"max_hp_loss":0.0,"gold_gain":0.0,"event_name":"MindBloom","player_choice":"Fight","floor":38.0,"gold_loss":0.0,"damage_taken":0.0},{"damage_healed":0.0,"max_hp_gain":0.0,"max_hp_loss":0.0,"gold_gain":0.0,"event_name":"Winding Halls","player_choice":"Embrace Madness","floor":45.0,"gold_loss":0.0,"damage_taken":12.0,"cards_obtained":["animator:HigakiRinne"]},{"damage_healed":0.0,"max_hp_gain":0.0,"max_hp_loss":0.0,"gold_gain":0.0,"event_name":"SecretPortal","player_choice":"Ignored","floor":47.0,"gold_loss":0.0,"damage_taken":0.0}],"is_beta":false,"boss_relics":[{"not_picked":["ChewingGum","Kintsugi"],"picked":"Coffee Dripper"},{"not_picked":["Busted Crown","Replay:Wanted Poster"],"picked":"sneckomod:SneckoTalon"}],"items_purged_floors":[2,21,53],"is_endless":false,"potions_floor_spawned":[1,5,13,14,18,20,22,29,31,36,48],"ascension_level":15}}