{"host":"43wsnxh97mgjl5zw","time":1614069291,"event":{"mods":["Aspiration","BaseMod","Colored Map","Colored Powertips","Conspire","Downfall","Halation","Hubris","Minty Spire (QoL Compilation)","Quick Restart","Rare Cards Sparkle","Relic Sorter","Reliquary","Replay The Spire","StSLib"],"gold_per_floor":[112,62,27,67,86,112,112,137,137,137,137,16,49,99,99,191,191,214,189,219,288,391,391,443,443,468,468,481,481],"floor_reached":28,"language":"ENG","playtime":791,"items_purged":[],"score":534,"play_id":"fbca38a1-8bbe-42cf-94d5-4c24d86807f4","local_time":"20210223103451","is_ascension_mode":true,"campfire_choices":[{"data":"ReplayTheSpireMod:LeadingStrike","floor":7.0,"key":"SMITH"},{"data":"Perfected Strike","floor":11.0,"key":"SMITH"},{"floor":15.0,"key":"DIG"},{"data":"Barricade","floor":23.0,"key":"SMITH"},{"data":"Uppercut","floor":25,"key":"SMITH"}],"circlet_count":0,"master_deck":["AscendersBane","Strike_R","Strike_R","Strike_R","Strike_R","Strike_R","Defend_R","Defend_R","Defend_R","Bash","Uppercut+1","conspire:SpireCoStock","ReplayTheSpireMod:LeadingStrike+1","Feel No Pain","Perfected Strike+1","Barricade+1","Rampage+1","Headbutt"],"relics":["Burning Blood","reliquary:PartyBalloon","Meat on the Bone","conspire:Boomerang","SsserpentHead","Happy Flower","Art of War","halation:PinkSoulGem","Replay:Rubber Ducky","Velvet Choker","Bronze Scales","Oddly Smooth Stone"],"acts_visited":["Exordium","TheCity"],"potions_floor_usage":[24,24],"damage_taken":[{"damage":8.0,"enemies":"conspire:RoseBush","floor":1.0,"turns":4.0},{"damage":11.0,"enemies":"Small Slimes","floor":4.0,"turns":4.0},{"damage":9.0,"enemies":"Jaw Worm","floor":5.0,"turns":3.0},{"damage":33.0,"enemies":"Lagavulin","floor":6.0,"turns":7.0},{"damage":2.0,"enemies":"2 Fungi Beasts","floor":8.0,"turns":4.0},{"damage":0.0,"enemies":"Gremlin Nob","floor":13.0,"turns":2.0},{"damage":31.0,"enemies":"The Guardian","floor":16.0,"turns":12.0},{"damage":44.0,"enemies":"Shell Parasite","floor":18.0,"turns":6.0},{"damage":18.0,"enemies":"2 Thieves","floor":21.0,"turns":3.0},{"damage":40,"enemies":"conspire:SneckoGhost","floor":24,"turns":6},{"damage":14,"enemies":"Centurion and Healer","floor":28,"turns":4}],"seed_played":"-1792179124585414993","potions_obtained":[{"floor":5.0,"key":"Slimebound:ThreeZeroPotion"},{"floor":8.0,"key":"BlessingOfTheForge"},{"floor":13.0,"key":"Regen Potion"},{"floor":18.0,"key":"Energy Potion"},{"floor":20.0,"key":"GamblersBrew"}],"is_trial":false,"path_per_floor":["M","?","?","M","M","E","R","M","T","?","R","$","E","?","R_BF","B",null,"M","?","?","M","T","R","E","R","T","R","M"],"character_chosen":"IRONCLAD","items_purchased":["Happy Flower"],"campfire_rested":0,"item_purchase_floors":[12],"current_hp_per_floor":[66,66,75,70,67,40,40,44,44,44,44,44,50,50,50,51,69,43,43,43,43,43,43,21,21,21,21,7,7],"gold":481,"neow_bonus":"RANDOM_COMMON_RELIC","is_daily":false,"chose_seed":false,"campfire_upgraded":4,"win_rate":0.0,"timestamp":1614069291,"path_taken":["M","?","?","M","?","E","R","M","T","?","R","?","E","?","R_BF","BOSS","M","?","?","?","?","R","E","R","T","R","M"],"items_purchased_type":["Relic"],"build_version":"2020-12-22","purchased_purges":0,"victory":false,"max_hp_per_floor":[75,75,75,75,75,75,75,75,75,75,75,75,75,75,75,75,75,75,75,75,75,75,75,75,75,75,75,75,75],"card_choices":[{"not_picked":["Warcry","Wild Strike"],"picked":"Uppercut","floor":1.0},{"not_picked":["Wild Strike","Armaments"],"picked":"ReplayTheSpireMod:LeadingStrike","floor":4.0},{"not_picked":["Twin Strike","Sword Boomerang"],"picked":"Feel No Pain","floor":5.0},{"not_picked":["Clothesline","Warcry","Massacre"],"picked":"SKIP","floor":6.0},{"not_picked":["Rampage","hubris:ReadiedAction"],"picked":"Perfected Strike","floor":8.0},{"not_picked":["Offering","ReplayTheSpireMod:Muscle Training","Body Slam"],"picked":"SKIP","floor":13.0},{"not_picked":["Impervious","Replay:Many Hands"],"picked":"Barricade","floor":16.0},{"not_picked":["Pommel Strike","Havoc"],"picked":"Rampage+1","floor":18.0},{"not_picked":["ReplayTheSpireMod:Muscle Training","Clash+1"],"picked":"Headbutt","floor":21.0},{"not_picked":["Rampage","Replay:Undeath\u0027s Touch","Heavy Blade"],"picked":"SKIP","floor":24}],"player_experience":1282431,"relics_obtained":[{"floor":6.0,"key":"Meat on the Bone"},{"floor":9.0,"key":"conspire:Boomerang"},{"floor":13.0,"key":"Art of War"},{"floor":15.0,"key":"Replay:Rubber Ducky"},{"floor":22.0,"key":"Bronze Scales"},{"floor":24,"key":"Oddly Smooth Stone"}],"event_choices":[{"damage_healed":0.0,"max_hp_gain":0.0,"max_hp_loss":0.0,"gold_gain":0.0,"event_name":"conspire:Investor","player_choice":"Invest 1","floor":2.0,"gold_loss":0.0,"damage_taken":0.0},{"damage_healed":18.0,"max_hp_gain":0.0,"max_hp_loss":0.0,"gold_gain":0.0,"event_name":"The Cleric","player_choice":"Healed","floor":3.0,"gold_loss":35.0,"damage_taken":0.0},{"damage_healed":0.0,"max_hp_gain":0.0,"max_hp_loss":0.0,"gold_gain":0.0,"event_name":"FaceTrader","player_choice":"Trade","floor":10.0,"gold_loss":0.0,"damage_taken":0.0,"relics_obtained":["SsserpentHead"]},{"cards_removed":["Defend_R"],"damage_healed":0.0,"max_hp_gain":0.0,"max_hp_loss":0.0,"gold_gain":0.0,"event_name":"Beggar","player_choice":"Gave Gold","floor":19.0,"gold_loss":75.0,"damage_taken":0.0},{"damage_healed":0.0,"max_hp_gain":0.0,"max_hp_loss":0.0,"gold_gain":0.0,"event_name":"The Woman in Blue","player_choice":"Bought 1 Potion","floor":20.0,"gold_loss":0.0,"damage_taken":0.0}],"is_beta":false,"boss_relics":[{"not_picked":["conspire:SeveredTorchhead","aspiration:RitualDagger"],"picked":"Velvet Choker"}],"items_purged_floors":[],"is_endless":false,"potions_floor_spawned":[5,8,13,18],"killed_by":"Centurion and Healer","ascension_level":20}}