{"host":"flm17o2q7bfjyna6","time":1614107335,"event":{"mods":["2.2 Compatiblity","Act Like it!","BaseMod","Better Altar","Better Match","Better Note","Better Sensory Stone","Better Skull","Better Third Choice","Better Vampires","Colored Map","Colored Powertips","DeckTracker","Downfall","Fox Events","Minty Spire (QoL Compilation)","Quick Restart","Reworked Bosses","Spicy Shops","StSLib","TheSwordswoman","Wandering Minibosses"],"gold_per_floor":[99,114,114,128,578,578,649,75,75,103,43,43,59,72,86,186,186,86,106,123,123,8,8,34,65,65,65,65,80,80,90,108,210,210,110,127,127,127,55,66,134,234,234,234,234,234,259,159,178,178,178,207,54,54,54,54],"floor_reached":57,"language":"ENG","playtime":2584,"items_purged":["downfall:Malfunctioning","downfall:Icky","downfall:Icky"],"score":1342,"play_id":"d47caef3-a7a3-40f8-bd81-ea3efecfcef6","local_time":"20210223140855","is_ascension_mode":true,"campfire_choices":[{"data":"bronze:Terminator","floor":1,"key":"SMITH"},{"data":"bronze:Goto","floor":6,"key":"SMITH"},{"data":"Flash of Steel","floor":9,"key":"SMITH"},{"floor":12,"key":"RECALL"},{"data":"bronze:Mutator","floor":18,"key":"SMITH"},{"data":"bronze:FineTuning","floor":26,"key":"SMITH"},{"data":"bronze:FollowUp","floor":28,"key":"SMITH"},{"data":"bronze:Optimize","floor":35,"key":"SMITH"},{"data":"bronze:Iterate","floor":45,"key":"SMITH"},{"data":"Finesse","floor":48,"key":"SMITH"},{"data":"bronze:Verify","floor":54,"key":"SMITH"}],"circlet_count":0,"master_deck":["bronze:Strike+1","bronze:Strike","bronze:Defend+1","bronze:Defend+1","bronze:Defend+1","bronze:Replicate","bronze:Goto+1","bronze:Terminator+1","bronze:OilSpill","bronze:Optimize+1","bronze:Backtrace+1","Flash of Steel+1","bronze:BronzeArmor+1","bronze:Iterate+1","bronze:FollowUp+1","bronze:FineTuning+1","bronze:ChildClass+1","bronze:Repair","bronze:Mutator+1","bronze:Iterate+1","bronze:DelayedSlice","bronze:FindAndReplace+1","bronze:Flail+1","bronze:Return+1","bronze:Overheat","bronze:Verify+1","bronze:BronzeOrb+1","Finesse+1","Flash of Steel+1","bronze:Repulsor+1","Flash of Steel+1","bronze:ChildClass+1","bronze:ChildClass+1","bronze:Fortify+1"],"relics":["bronze:BronzeCore","Shuriken","champ:Barbells","Sling","Centennial Puzzle","expansioncontent:StudyCardRelic","downfall:HeartBlessingRed","Juzu Bracelet","bronze:CableSpool","Pear","Philosopher\u0027s Stone","downfall:HeartBlessingBlue","DollysMirror","StrikeDummy","downfall:GremlinWheel","Molten Egg 2","downfall:HeartBlessingGreen","HornCleat","War Paint"],"acts_visited":["Exordium","TheCity","TheBeyond","TheEnding"],"potions_floor_usage":[16,56,56,56,56],"damage_taken":[{"damage":7,"enemies":"Small Slimes","floor":2,"turns":4},{"damage":1,"enemies":"Cultist","floor":4,"turns":3},{"damage":0,"enemies":"downfall:FleeingMerchant","floor":8,"turns":4},{"damage":13,"enemies":"Lagavulin","floor":10,"turns":5},{"damage":7,"enemies":"downfall:FleeingMerchant","floor":11,"turns":4},{"damage":6,"enemies":"Jaw Worm","floor":13,"turns":2},{"damage":6,"enemies":"2 Fungi Beasts","floor":14,"turns":2},{"damage":0,"enemies":"Exordium Thugs","floor":15,"turns":2},{"damage":9,"enemies":"DF_ARCHETYPE_STREAMLINE","floor":16,"turns":6},{"damage":0,"enemies":"3 Byrds","floor":19,"turns":4},{"damage":4,"enemies":"downfall:LooterAlt2","floor":20,"turns":3},{"damage":0,"enemies":"downfall:FleeingMerchant","floor":22,"turns":2},{"damage":28,"enemies":"Book of Stabbing","floor":25,"turns":4},{"damage":0,"enemies":"3 Cultists","floor":29,"turns":3},{"damage":6,"enemies":"Cultist and Chosen","floor":31,"turns":2},{"damage":4,"enemies":"Centurion and Healer","floor":32,"turns":3},{"damage":63,"enemies":"WA_ARCHETYPE_CALM","floor":33,"turns":7},{"damage":3,"enemies":"3 Shapes","floor":36,"turns":2},{"damage":0,"enemies":"Orb Walker","floor":40,"turns":2},{"damage":0,"enemies":"Orb Walker","floor":42,"turns":2},{"damage":8,"enemies":"Reptomancer","floor":47,"turns":3},{"damage":11,"enemies":"Jaw Worm Horde","floor":49,"turns":3},{"damage":0,"enemies":"SI_POISON_ARCHETYPE","floor":50,"turns":5},{"damage":10,"enemies":"downfall:CharBossMerchant","floor":52,"turns":5},{"damage":6,"enemies":"downfall:NeowBoss","floor":55,"turns":8},{"damage":42,"enemies":"downfall:NeowBossFinal","floor":56,"turns":7}],"seed_played":"5238035950316906551","potions_obtained":[{"floor":13,"key":"Weak Potion"},{"floor":14,"key":"champ:CounterPotion"},{"floor":16,"key":"Regen Potion"},{"floor":25,"key":"champ:CounterPotion"},{"floor":27,"key":"CultistPotion"},{"floor":27,"key":"EntropicBrew"}],"is_trial":false,"path_per_floor":["R","M","?","M","?","R","T","$","R","E","$","R","M","M","M","B",null,"R","M","M","?","$","$","T","E","R","?","R","M","$","M","M","B",null,"R","M","?","?","$","M","T","?","?","?","R","?","E","R","M","B",null,"E","$","R","B","B",null],"character_chosen":"THE_AUTOMATON","items_purchased":["champ:Barbells","Sling","Flash of Steel","bronze:FollowUp","Juzu Bracelet","bronze:CableSpool","DollysMirror","War Paint"],"campfire_rested":0,"item_purchase_floors":[8,8,8,11,22,22,39,53],"current_hp_per_floor":[70,63,63,62,62,62,62,62,62,49,42,42,36,30,30,32,70,70,70,66,66,66,66,66,58,58,58,58,69,69,74,78,20,80,90,87,100,100,100,100,100,100,100,100,100,100,100,100,96,96,100,90,90,90,94,70],"gold":54,"neow_bonus":"THREE_CARDS","is_daily":false,"chose_seed":false,"campfire_upgraded":10,"win_rate":0.0,"timestamp":1614107335,"path_taken":["R","M","?","?","?","R","T","$","R","E","$","R","M","M","M","BOSS","R","M","M","?","?","$","T","E","R","?","R","M","$","M","M","BOSS","R","M","?","?","$","M","T","?","?","?","R","?","E","R","M","BOSS","E","$","R","BOSS","BOSS"],"items_purchased_type":["Relic","Relic","Card","Card","Relic","Relic","Relic","Relic"],"build_version":"2020-12-22","purchased_purges":3,"victory":true,"max_hp_per_floor":[70,70,70,70,70,70,70,70,70,70,70,70,70,70,70,70,70,70,70,70,70,70,70,70,80,80,80,80,80,80,80,80,80,80,90,90,100,100,100,100,100,100,100,100,100,100,100,100,100,100,100,100,100,100,100,100],"card_choices":[{"not_picked":["bronze:Shell","bronze:WildBeam"],"picked":"bronze:Terminator","floor":0},{"not_picked":["bronze:WildBeam","bronze:CutThrough"],"picked":"bronze:OilSpill","floor":2},{"not_picked":["bronze:BugBarrage","bronze:BitShift"],"picked":"bronze:Optimize","floor":4},{"not_picked":["bronze:Separator","bronze:Frontload"],"picked":"bronze:Backtrace","floor":8},{"not_picked":["bronze:Separator","bronze:Turbo"],"picked":"bronze:BronzeArmor","floor":10},{"not_picked":["bronze:Assembly","bronze:WhirlingStrike"],"picked":"bronze:Iterate","floor":11},{"not_picked":["bronze:GetLatest","bronze:Separator"],"picked":"bronze:FineTuning","floor":13},{"not_picked":["bronze:DarkDash","bronze:Turbo"],"picked":"bronze:ChildClass","floor":14},{"not_picked":["bronze:Iterate","bronze:Fortify"],"picked":"bronze:Repair","floor":15},{"not_picked":["bronze:InfiniteLoop","bronze:Verify"],"picked":"bronze:Mutator","floor":16},{"not_picked":["bronze:DelayedSlice","bronze:BronzeArmor+1"],"picked":"bronze:Iterate+1","floor":19},{"not_picked":["bronze:ForLoop","bronze:ForceShield+1"],"picked":"bronze:DelayedSlice","floor":20},{"not_picked":["bronze:WhirlingStrike","bronze:Separator"],"picked":"bronze:FindAndReplace","floor":22},{"not_picked":["bronze:Frontload","bronze:Backtrace+1"],"picked":"bronze:Flail+1","floor":25},{"not_picked":["bronze:BugBarrage","bronze:Shell"],"picked":"bronze:Return","floor":29},{"not_picked":["bronze:BugBarrage","bronze:Refactor"],"picked":"bronze:Overheat","floor":31},{"not_picked":["bronze:Safeguard","bronze:Deprecate+1"],"picked":"bronze:AlphaBuild","floor":32},{"not_picked":["bronze:InfiniteLoop","bronze:BurnOut"],"picked":"bronze:Verify","floor":33},{"not_picked":["bronze:MaxOutput","bronze:Separator+1"],"picked":"bronze:BronzeOrb+1","floor":36},{"not_picked":["Purity","Deep Breath"],"picked":"Secret Weapon","floor":38},{"not_picked":["PanicButton","Flash of Steel"],"picked":"Finesse","floor":38},{"not_picked":["bronze:Overload+1","bronze:OilSpill"],"picked":"bronze:Repulsor+1","floor":40},{"not_picked":["bronze:WhirlingStrike+1","bronze:CutThrough+1"],"picked":"bronze:ChildClass","floor":47},{"not_picked":["bronze:BuggyMess+1","bronze:GetLatest"],"picked":"bronze:ChildClass+1","floor":49},{"not_picked":["bronze:Flail+1","bronze:Frontload"],"picked":"bronze:Fortify+1","floor":52}],"player_experience":1994360,"relics_obtained":[{"floor":7,"key":"Shuriken"},{"floor":10,"key":"Centennial Puzzle"},{"floor":25,"key":"Pear"},{"floor":41,"key":"StrikeDummy"},{"floor":42,"key":"downfall:GremlinWheel"},{"floor":47,"key":"Molten Egg 2"},{"floor":52,"key":"HornCleat"}],"event_choices":[{"cards_removed":["bronze:Strike"],"damage_healed":0,"gold_gain":0,"player_choice":"Give","damage_taken":0,"max_hp_gain":0,"max_hp_loss":0,"event_name":"betterNote:BetterNote","floor":21,"gold_loss":0,"cards_obtained":["champ:Strike"]},{"damage_healed":0,"gold_gain":0,"player_choice":"Got Potions","damage_taken":0,"max_hp_gain":0,"max_hp_loss":0,"event_name":"Lab","floor":27,"gold_loss":0},{"damage_healed":0,"gold_gain":3,"player_choice":"1","damage_taken":0,"max_hp_gain":0,"max_hp_loss":0,"event_name":"betterStone:BetterStone","floor":38,"gold_loss":0},{"cards_removed":["Secret Weapon"],"damage_healed":0,"gold_gain":0,"player_choice":"Removed Skill","damage_taken":0,"max_hp_gain":0,"max_hp_loss":0,"event_name":"Falling","floor":43,"gold_loss":0},{"cards_removed":["downfall:Icky"],"damage_healed":0,"gold_gain":0,"player_choice":"Card Removal","damage_taken":0,"max_hp_gain":0,"max_hp_loss":0,"event_name":"Wheel of Change","floor":54,"gold_loss":0}],"is_beta":false,"boss_relics":[{"not_picked":["Coffee Dripper","Fusion Hammer"],"picked":"expansioncontent:StudyCardRelic"},{"not_picked":["Velvet Choker","Astrolabe"],"picked":"Philosopher\u0027s Stone"}],"items_purged_floors":[8,8,22],"is_endless":false,"potions_floor_spawned":[13,14,16,25,32,47,49],"ascension_level":1}}