{"host":"bpr07pynnqpe5ded","time":1614106016,"event":{"mods":["2.2 Compatiblity","Aspiration","BaseMod","Better Note","Better Third Choice","BetterRewards","Downfall","Jorbs\u0027s Wanderer Trilogy","Minty Spire (QoL Compilation)","Replay The Spire","Shop Mod","StSLib","The Marked","??????REMEMod"],"gold_per_floor":[111,131,145,220,235,235,253,272,352,370,168,168,168,180,180,280,280,296,313,332,344,358,390,390,405,405,270,295,295,295,312,312,408,408,423,437,207,217,228,263,147,147,171,185,210,210,229,254,254,254,254,254,41,66,66],"floor_reached":56,"language":"ENG","playtime":3521,"items_purged":["Strike_R","Strike_R","Strike_R","Strike_R","Defend_R"],"score":1452,"play_id":"925d569c-a9e0-403f-8e91-112afa332619","local_time":"20210223184656","is_ascension_mode":false,"campfire_choices":[{"data":"Exhume","floor":6,"key":"SMITH"},{"data":"Hemogenesis","floor":12,"key":"SMITH"},{"floor":15,"key":"RECALL"},{"data":"Berserk","floor":24,"key":"SMITH"},{"data":"Bash","floor":30,"key":"SMITH"},{"data":"Rupture","floor":32,"key":"SMITH"},{"data":"Dual Wield","floor":42,"key":"SMITH"},{"data":"REME_HeartOfCthun","floor":46,"key":"SMITH"},{"data":"Battle Trance","floor":49,"key":"SMITH"},{"data":"Seeing Red","floor":49,"key":"SMITH"},{"data":"Blood for Blood","floor":52,"key":"SMITH"},{"data":"Defend_R","floor":52,"key":"SMITH"}],"circlet_count":0,"master_deck":["Strike_R","Defend_R+1","Defend_R","Defend_R","Bash+1","Hemogenesis+1","Exhume+1","Blood for Blood+1","Berserk+1","Battle Trance+1","Hemokinesis+1","REME_HeartOfCthun+1","Rupture+1","Seeing Red+1","Dual Wield+1","Dark Shackles"],"relics":["Burning Blood","REME_ComplimentaryCards","Garlic","Membership Card","REME_DuelDisc","Darkstone Periapt","aspiration:HummingbirdHeart","Electric Blood","Bottled Flame","Replay:Kaleidoscope","MerchantsRug","PreservedInsect","Blue Candle","Replay:Arrowhead","Boot"],"acts_visited":["Exordium","TheCity","TheBeyond","TheEnding"],"potions_floor_usage":[10,16,18,20,31,50,50,55,55,55],"damage_taken":[{"damage":1,"enemies":"Jaw Worm","floor":1,"turns":3},{"damage":0,"enemies":"Cultist","floor":2,"turns":4},{"damage":4,"enemies":"Small Slimes","floor":3,"turns":5},{"damage":15,"enemies":"Exordium Wildlife","floor":5,"turns":6},{"damage":17,"enemies":"Lots of Slimes","floor":7,"turns":6},{"damage":19,"enemies":"2 Fungi Beasts","floor":8,"turns":5},{"damage":7,"enemies":"Blue Slaver","floor":10,"turns":6},{"damage":5,"enemies":"Looter","floor":14,"turns":4},{"damage":40,"enemies":"Hexaghost","floor":16,"turns":9},{"damage":20,"enemies":"2 Thieves","floor":18,"turns":5},{"damage":6,"enemies":"Chosen","floor":19,"turns":6},{"damage":39,"enemies":"Sentry and Sphere","floor":20,"turns":7},{"damage":14,"enemies":"Shelled Parasite and Fungi","floor":21,"turns":5},{"damage":30,"enemies":"Snake Plant","floor":22,"turns":4},{"damage":51,"enemies":"Gremlin Leader","floor":23,"turns":10},{"damage":15,"enemies":"Centurion and Healer","floor":25,"turns":6},{"damage":30,"enemies":"REME_1_Revenger","floor":28,"turns":4},{"damage":18,"enemies":"Sentry and Sphere","floor":31,"turns":5},{"damage":38,"enemies":"Automaton","floor":33,"turns":7},{"damage":8,"enemies":"3 Shapes","floor":35,"turns":2},{"damage":20,"enemies":"3 Darklings","floor":36,"turns":2},{"damage":18,"enemies":"Transient","floor":38,"turns":5},{"damage":22,"enemies":"Sphere and 2 Shapes","floor":39,"turns":2},{"damage":19,"enemies":"Reptomancer","floor":40,"turns":3},{"damage":16,"enemies":"Maw","floor":44,"turns":4},{"damage":15,"enemies":"Giant Head","floor":45,"turns":3},{"damage":9,"enemies":"Jaw Worm Horde","floor":47,"turns":2},{"damage":11,"enemies":"R_Hoarder","floor":48,"turns":3},{"damage":33,"enemies":"Awakened One","floor":50,"turns":7},{"damage":12,"enemies":"Shield and Spear","floor":54,"turns":3},{"damage":95,"enemies":"The Heart","floor":55,"turns":7}],"seed_played":"-6597672034158393692","potions_obtained":[{"floor":5,"key":"SpeedPotion"},{"floor":8,"key":"LiquidBronze"},{"floor":16,"key":"champ:CounterPotion"},{"floor":19,"key":"sneckomod:MuddlingPotion"},{"floor":23,"key":"Milkshake"},{"floor":28,"key":"Block Potion"},{"floor":31,"key":"SneckoOil"},{"floor":35,"key":"Explosive Potion"},{"floor":39,"key":"BlessingOfTheForge"}],"is_trial":false,"path_per_floor":["M","M","M","?","M","R","M","M","T","M","$","R","T","M","R","B",null,"M","M","M","M","M","E","R","M","T","$","E","?","R","M","R","B",null,"M","M","$","M","M","E","$","R","T","M","E","R","M","E","R","B",null,"R","$","E","B",null],"character_chosen":"IRONCLAD","items_purchased":["Membership Card","Blood for Blood","REME_HeartOfCthun","Bottled Flame","Dual Wield","MerchantsRug","sneckomod:MuddlingPotion","Strength Potion","HeartOfIron","Dark Shackles"],"campfire_rested":0,"item_purchase_floors":[11,11,27,37,37,41,53,53,53,53],"current_hp_per_floor":[80,80,80,72,68,68,57,54,54,63,63,63,63,72,72,54,80,80,80,54,80,80,67,67,80,80,80,79,79,79,80,80,64,80,80,82,82,82,82,82,82,82,82,82,82,82,82,82,82,82,82,82,82,82,82],"gold":66,"neow_bonus":"ONE_RANDOM_RARE_CARD","is_daily":false,"chose_seed":false,"campfire_upgraded":11,"win_rate":0.0,"timestamp":1614106016,"path_taken":["M","M","M","?","?","R","M","?","T","M","$","R","?","M","R","BOSS","M","M","M","M","M","E","R","M","T","$","E","?","R","M","R","BOSS","M","M","$","M","M","E","$","R","T","M","E","R","M","E","R","BOSS","R","$","E","BOSS"],"items_purchased_type":["Relic","Card","Card","Relic","Card","Relic","Potion","Potion","Potion","Card"],"build_version":"2020-12-22","purchased_purges":5,"victory":true,"max_hp_per_floor":[80,80,80,80,80,80,80,80,80,80,80,80,80,80,80,80,80,80,80,80,80,80,80,80,80,80,80,80,80,80,80,80,80,80,80,82,82,82,82,82,82,82,82,82,82,82,82,82,82,82,82,82,82,82,82],"card_choices":[{"not_picked":["Warcry","Twin Strike","Inflame"],"picked":"SKIP","floor":1},{"not_picked":["ReplayTheSpireMod:Strike From Hell","Wild Strike","Headbutt"],"picked":"SKIP","floor":2},{"not_picked":["Wild Strike","Dark Embrace","Sword Boomerang"],"picked":"SKIP","floor":3},{"not_picked":["Havoc","Iron Wave","Rage"],"picked":"SKIP","floor":5},{"not_picked":["Iron Wave","Headbutt","Entrench"],"picked":"SKIP","floor":7},{"not_picked":["Massacre","Defy Death","Warcry"],"picked":"SKIP","floor":8},{"not_picked":["Fire Breathing","Rampage","Headbutt"],"picked":"SKIP","floor":10},{"not_picked":["Heavy Blade","Burning Pact","True Grit"],"picked":"SKIP","floor":14},{"not_picked":["Replay:Many Hands","Impervious"],"picked":"Berserk","floor":16},{"not_picked":["Headbutt","Cleave","Pommel Strike"],"picked":"SKIP","floor":18},{"not_picked":["Iron Wave","Thunderclap+1"],"picked":"Battle Trance","floor":19},{"not_picked":["Clothesline","REME_Scribble+1"],"picked":"Hemokinesis+1","floor":20},{"not_picked":["Body Slam","Rage","Headbutt+1"],"picked":"SKIP","floor":21},{"not_picked":["Pommel Strike","Evolve","Heavy Blade"],"picked":"SKIP","floor":22},{"not_picked":["Abandon","Havoc","Anger+1"],"picked":"SKIP","floor":23},{"not_picked":["Power Through","Run Through","Pummel+1"],"picked":"SKIP","floor":25},{"not_picked":["Pummel","Headbutt","Flex"],"picked":"SKIP","floor":28},{"not_picked":["ReplayTheSpireMod:LeadingStrike+1","REME_TheLastStrike"],"picked":"Rupture","floor":31},{"not_picked":["Replay:Undeath\u0027s Touch","REME_SingleHolding+1","Headbutt+1"],"picked":"SKIP","floor":35},{"not_picked":["Sword Boomerang","REME_Cut+1"],"picked":"Seeing Red","floor":36},{"not_picked":["ReplayTheSpireMod:Stacked","Armaments","Flex"],"picked":"SKIP","floor":38},{"not_picked":["Reckless Charge+1","Twin Strike","Eclipse"],"picked":"SKIP","floor":39},{"not_picked":["Warcry","Replay:Undeath\u0027s Touch+1","ReplayTheSpireMod:Corrosion Curse"],"picked":"SKIP","floor":40},{"not_picked":["True Grit","Body Slam","Anger+1"],"picked":"SKIP","floor":44},{"not_picked":["Reaper","Iron Wave+1","ReplayReversal+1"],"picked":"SKIP","floor":45},{"not_picked":["Dual Wield","Warcry","Sentinel+1"],"picked":"SKIP","floor":47},{"not_picked":["Rampage+1","Clothesline","Sword Boomerang+1"],"picked":"SKIP","floor":48},{"not_picked":["Dual Wield","Intimidate","Cleave+1"],"picked":"SKIP","floor":54}],"player_experience":1227029,"relics_obtained":[{"floor":9,"key":"Garlic"},{"floor":23,"key":"Darkstone Periapt"},{"floor":26,"key":"aspiration:HummingbirdHeart"},{"floor":28,"key":"REME_PuzzleBoxRelic"},{"floor":40,"key":"Replay:Kaleidoscope"},{"floor":43,"key":"PreservedInsect"},{"floor":45,"key":"Blue Candle"},{"floor":48,"key":"Replay:Arrowhead"},{"floor":54,"key":"Boot"}],"event_choices":[{"damage_healed":0,"gold_gain":75,"player_choice":"Touch","damage_taken":8,"max_hp_gain":0,"max_hp_loss":0,"event_name":"FaceTrader","floor":4,"gold_loss":0},{"cards_removed":["REME_HeartOfCthun"],"damage_healed":0,"gold_gain":0,"player_choice":"Give","damage_taken":0,"max_hp_gain":0,"max_hp_loss":0,"event_name":"betterNote:BetterNote","floor":29,"gold_loss":0,"cards_obtained":["None"]}],"is_beta":false,"boss_relics":[{"not_picked":["Pandora\u0027s Box","REME_LowDesire"],"picked":"REME_DuelDisc"},{"not_picked":["Busted Crown","SacredBark"],"picked":"Electric Blood"}],"items_purged_floors":[11,27,37,41,53],"is_endless":false,"potions_floor_spawned":[5,8,16,19,23,28,31,35,39,40],"ascension_level":0}}