{"host":"mr1ctipv0dcr6y8g","time":1614099410,"event":{"mods":["BaseMod","Beaked The Cultist","DeckTracker","Downfall","Energized Spire","Minty Spire (QoL Compilation)","READ ME - Guardian Mod","Shop Mod","StSLib","The Construct"],"gold_per_floor":[99,117,134,146,165,178,178,178,178,189,189,208,208,235,246,344,344,344,359,375,375,402,26,76,108,125,136,163,163,148,167,179,284,284,84,97,97,107,107,117,117,9,9,25,25,55,55,55,69,69,69,69],"floor_reached":50,"language":"ENG","playtime":5398,"items_purged":["downfall:Bewildered"],"score":545,"play_id":"ef192775-5f79-4da5-806b-df55b30f0ece","local_time":"20210223095650","is_ascension_mode":false,"campfire_choices":[{"data":"Guardian:TwinSlam","floor":1,"key":"SMITH"},{"data":"Guardian:PiercingHide","floor":8,"key":"SMITH"},{"data":"Guardian:ShieldCharger","floor":11,"key":"SMITH"},{"data":"Guardian:Defend_Guardian","floor":13,"key":"SMITH"},{"data":"Guardian:ShieldSpikes","floor":18,"key":"SMITH"},{"data":"Apotheosis","floor":29,"key":"SMITH"},{"floor":35,"key":"RECALL"},{"floor":45,"key":"REST"},{"floor":47,"key":"REST"}],"circlet_count":0,"master_deck":["Guardian:Strike_Guardian","Guardian:Strike_Guardian","Guardian:Strike_Guardian","Guardian:Strike_Guardian","Guardian:Defend_Guardian","Guardian:Defend_Guardian","Guardian:Defend_Guardian","Guardian:Defend_Guardian+1","Guardian:CurlUp","Guardian:TwinSlam+1","Guardian:Planning","Guardian:PiercingHide+1","Guardian:ShieldCharger+1","downfall:Haunted","downfall:Haunted","Guardian:BronzeOrb","Guardian:ShieldSpikes+1","Guardian:AncientConstruct","Guardian:Emergency","Apotheosis+1","Guardian:PiercingHide","Guardian:Repulse+1","Guardian:Suspension+1","Guardian:Preprogram","Guardian:ExploitGems","Guardian:TemporalShield+1","expansioncontent:AwakenDeath","expansioncontent:LastStand","Guardian:Incinerate+1","Flash of Steel","Guardian:Emergency+1","Guardian:TemporalShield+1"],"relics":["Busted Crown","Guardian:PocketSentry","Darkstone Periapt","Bag of Marbles","energizedSpire:DeadBattery","Red Mask","Meat on the Bone","Centennial Puzzle","Sozu","downfall:HeartBlessingGreen","downfall:HeartBlessingBlue","Juzu Bracelet","PreservedInsect"],"acts_visited":["Exordium","TheCity","TheBeyond"],"potions_floor_usage":[4,14,14,19,22,33,43,44,50],"damage_taken":[{"damage":8,"enemies":"Jaw Worm","floor":2,"turns":3},{"damage":2,"enemies":"2 Louse","floor":3,"turns":2},{"damage":6,"enemies":"Cultist","floor":4,"turns":3},{"damage":9,"enemies":"Lots of Slimes","floor":5,"turns":4},{"damage":0,"enemies":"Blue Slaver","floor":6,"turns":4},{"damage":2,"enemies":"downfall:LooterAlt","floor":10,"turns":4},{"damage":0,"enemies":"3 Louse","floor":12,"turns":3},{"damage":9,"enemies":"Lagavulin","floor":14,"turns":5},{"damage":0,"enemies":"Lots of Slimes","floor":15,"turns":5},{"damage":17,"enemies":"WA_ARCHETYPE_RETAIN","floor":16,"turns":13},{"damage":0,"enemies":"3 Byrds","floor":19,"turns":6},{"damage":13,"enemies":"downfall:LooterAlt2","floor":20,"turns":6},{"damage":19,"enemies":"Masked Bandits","floor":22,"turns":6},{"damage":0,"enemies":"downfall:FleeingMerchant","floor":23,"turns":4},{"damage":4,"enemies":"Slavers","floor":25,"turns":9},{"damage":0,"enemies":"Snecko","floor":26,"turns":5},{"damage":3,"enemies":"Centurion and Healer","floor":27,"turns":9},{"damage":7,"enemies":"Book of Stabbing","floor":28,"turns":6},{"damage":0,"enemies":"downfall:FleeingMerchant","floor":30,"turns":4},{"damage":0,"enemies":"Snake Plant","floor":31,"turns":4},{"damage":6,"enemies":"Sentry and Sphere","floor":32,"turns":7},{"damage":49,"enemies":"SI_MIRROR_ARCHETYPE","floor":33,"turns":17},{"damage":11,"enemies":"3 Shapes","floor":36,"turns":7},{"damage":1,"enemies":"Orb Walker","floor":38,"turns":4},{"damage":1,"enemies":"Spire Growth","floor":40,"turns":8},{"damage":15,"enemies":"downfall:FleeingMerchant","floor":42,"turns":4},{"damage":0,"enemies":"Writhing Mass","floor":43,"turns":1},{"damage":3,"enemies":"Sphere and 2 Shapes","floor":44,"turns":7},{"damage":34,"enemies":"beaked:SuperParasite","floor":46,"turns":12},{"damage":16,"enemies":"Jaw Worm Horde","floor":49,"turns":6},{"damage":280,"enemies":"IC_BLOCK_ARCHETYPE","floor":50,"turns":10}],"seed_played":"-5762832566003976982","potions_obtained":[{"floor":3,"key":"bronze:BurnAndBuffPotion"},{"floor":4,"key":"DistilledChaos"},{"floor":5,"key":"champ:CounterPotion"},{"floor":6,"key":"Slimebound:ThreeZeroPotion"},{"floor":12,"key":"Fire Potion"},{"floor":20,"key":"SkillPotion"},{"floor":25,"key":"SmokeBomb"},{"floor":31,"key":"Fire Potion"},{"floor":32,"key":"ColorlessPotion"},{"floor":33,"key":"Weak Potion"}],"is_trial":false,"path_per_floor":["R","M","M","M","M","M","T","R","?","M","R","M","R","E","M","B",null,"R","M","M","?","?","$","T","E","M","M","E","R","$","M","M","B",null,"R","M","?","M","?","M","T","$","M","M","R","E","R","?","M","B"],"character_chosen":"GUARDIAN","items_purchased":["Apotheosis","Guardian:PiercingHide","Guardian:Repulse","Flash of Steel"],"campfire_rested":2,"item_purchase_floors":[23,23,23,42],"current_hp_per_floor":[80,72,70,64,55,55,55,55,73,71,71,71,71,62,62,45,98,98,98,85,85,66,66,66,62,62,59,52,52,52,52,58,21,98,108,97,97,96,91,90,90,75,75,72,104,70,102,102,86,0,0,0],"gold":69,"neow_bonus":"BOSS_RELIC","is_daily":false,"chose_seed":false,"campfire_upgraded":6,"win_rate":0.0,"timestamp":1614099410,"path_taken":["R","M","M","M","M","M","T","R","?","M","R","M","R","E","M","BOSS","R","M","M","?","?","?","T","E","M","M","E","R","?","?","M","BOSS","R","?","?","M","?","M","T","$","M","M","R","E","R","?","M","BOSS"],"items_purchased_type":["Card","Card","Card","Card"],"build_version":"2020-12-22","purchased_purges":1,"victory":false,"max_hp_per_floor":[80,80,80,80,80,80,80,80,98,98,98,98,98,98,98,98,98,98,98,98,98,98,98,98,98,98,98,98,98,98,98,98,98,98,108,108,108,108,108,108,108,108,108,108,108,108,108,108,108,108,108,108],"card_choices":[{"not_picked":["Guardian:RollAttack"],"picked":"SKIP","floor":2},{"not_picked":[],"picked":"Guardian:Planning","floor":3},{"not_picked":[],"picked":"Guardian:PiercingHide","floor":4},{"not_picked":[],"picked":"Guardian:ShieldCharger","floor":5},{"not_picked":["Guardian:PrimingBeam"],"picked":"SKIP","floor":6},{"not_picked":[],"picked":"Guardian:Gem_Red","floor":10},{"not_picked":[],"picked":"Guardian:BronzeOrb","floor":12},{"not_picked":[],"picked":"Guardian:ShieldSpikes","floor":14},{"not_picked":["Guardian:Reroute"],"picked":"SKIP","floor":15},{"not_picked":[],"picked":"Guardian:AncientConstruct","floor":16},{"not_picked":["Guardian:Planning"],"picked":"SKIP","floor":19},{"not_picked":[],"picked":"Guardian:Emergency","floor":20},{"not_picked":["Guardian:Reroute"],"picked":"SKIP","floor":23},{"not_picked":["Guardian:WalkerClaw"],"picked":"SKIP","floor":25},{"not_picked":[],"picked":"Guardian:Suspension+1","floor":26},{"not_picked":["Guardian:TemporalStrike"],"picked":"SKIP","floor":27},{"not_picked":[],"picked":"Guardian:Preprogram","floor":28},{"not_picked":["Guardian:Gem_Cyan"],"picked":"SKIP","floor":30},{"not_picked":[],"picked":"Guardian:ExploitGems","floor":31},{"not_picked":["Guardian:Harden+1"],"picked":"SKIP","floor":32},{"not_picked":[],"picked":"Guardian:TemporalShield+1","floor":36},{"not_picked":["Guardian:Planning"],"picked":"SKIP","floor":38},{"not_picked":["expansioncontent:HyperBeam","expansioncontent:PrepareCrush"],"picked":"expansioncontent:AwakenDeath","floor":39},{"not_picked":["expansioncontent:AwakenDeath","expansioncontent:InvincibleStrength"],"picked":"expansioncontent:LastStand","floor":39},{"not_picked":["Guardian:Reroute"],"picked":"SKIP","floor":40},{"not_picked":[],"picked":"Guardian:Incinerate+1","floor":42},{"not_picked":[],"picked":"Guardian:Emergency+1","floor":44},{"not_picked":["Guardian:RevengeProtocol"],"picked":"SKIP","floor":46},{"not_picked":[],"picked":"Guardian:TemporalShield+1","floor":49}],"player_experience":1764600,"relics_obtained":[{"floor":7,"key":"Guardian:PocketSentry"},{"floor":14,"key":"Bag of Marbles"},{"floor":22,"key":"Red Mask"},{"floor":25,"key":"Meat on the Bone"},{"floor":28,"key":"Centennial Puzzle"},{"floor":41,"key":"Juzu Bracelet"},{"floor":46,"key":"PreservedInsect"}],"event_choices":[{"damage_healed":0,"gold_gain":0,"player_choice":"Ignored","damage_taken":0,"max_hp_gain":0,"max_hp_loss":0,"event_name":"Ghosts","floor":21,"gold_loss":0},{"damage_healed":0,"gold_gain":0,"player_choice":"Fought Bandits","damage_taken":0,"max_hp_gain":0,"max_hp_loss":0,"event_name":"Masked Bandits","floor":22,"gold_loss":0}],"is_beta":false,"boss_relics":[{"not_picked":["bronze:MakeshiftBattery","Runic Pyramid"],"picked":"energizedSpire:DeadBattery"},{"not_picked":["Tiny House","energizedSpire:MagnifyingGlass"],"picked":"Sozu"}],"items_purged_floors":[23],"is_endless":false,"potions_floor_spawned":[3,4,5,6,12,20,25,31,32,33,36,40,49],"killed_by":"IC_BLOCK_ARCHETYPE","ascension_level":0}}