{"host":"d2gh6suihlstufn7","time":1614064140,"event":{"mods":["AchievementEnabler","BaseMod","Colored Map","Colored Powertips","Minty Spire (QoL Compilation)","Permanent Neow","Quick Restart","StSLib","SuperFastMode"],"gold_per_floor":[109,59,69,86,103,137,148,148,148,164,164,181,181,181,181,276,276,290,322,335,335,351,351,363,363,363,363,363,363,137,4,4,102,102,114,114,161,1160,1160,1160,1,1,54,64,77,37,37,37,37,37,37],"floor_reached":50,"language":"KOR","playtime":1287,"items_purged":["Normality"],"score":512,"play_id":"f6af72a5-8d16-4a56-8631-5b1abb28b91a","local_time":"20210223160900","is_ascension_mode":false,"campfire_choices":[{"data":"Seeing Red","floor":11.0,"key":"SMITH"},{"data":"Impervious","floor":13.0,"key":"SMITH"},{"data":"Uppercut","floor":15.0,"key":"SMITH"},{"floor":23.0,"key":"REST"},{"floor":25.0,"key":"REST"},{"data":"Offering","floor":27.0,"key":"SMITH"},{"data":"Perfected Strike","floor":32.0,"key":"SMITH"},{"floor":40.0,"key":"RECALL"},{"data":"Double Tap","floor":42.0,"key":"SMITH"},{"floor":47.0,"key":"REST"},{"floor":49.0,"key":"REST"}],"circlet_count":0,"master_deck":["Strike_R","Strike_R","Strike_R","Strike_R+1","Strike_R","Defend_R+1","Defend_R","Defend_R","Defend_R+1","Seeing Red+1","Perfected Strike+1","Headbutt","Headbutt+1","Impervious+1","Uppercut+1","Offering+1","Wild Strike","Perfected Strike+1","Ghostly","Ghostly","Ghostly","Ghostly","Double Tap+1","Perfected Strike+1","Evolve","Perfected Strike"],"relics":["Burning Blood","Juzu Bracelet","The Courier","SlaversCollar","Red Mask","StrikeDummy","Nilry\u0027s Codex","Lee\u0027s Waffle","Lantern","Empty Cage","Shovel","Chemical X","Singing Bowl","Anchor","Pear","Whetstone","War Paint","Oddly Smooth Stone","Nunchaku","Spirit Poop"],"acts_visited":["Exordium","TheCity","TheBeyond"],"potions_floor_usage":[50,50],"damage_taken":[{"damage":5.0,"enemies":"Cultist","floor":1.0,"turns":4.0},{"damage":8.0,"enemies":"2 Louse","floor":3.0,"turns":3.0},{"damage":1.0,"enemies":"Jaw Worm","floor":4.0,"turns":3.0},{"damage":10.0,"enemies":"Exordium Wildlife","floor":5.0,"turns":3.0},{"damage":35.0,"enemies":"3 Sentries","floor":6.0,"turns":7.0},{"damage":4.0,"enemies":"2 Fungi Beasts","floor":7.0,"turns":4.0},{"damage":10.0,"enemies":"Looter","floor":10.0,"turns":2.0},{"damage":12.0,"enemies":"Blue Slaver","floor":12.0,"turns":2.0},{"damage":32.0,"enemies":"Slime Boss","floor":16.0,"turns":7.0},{"damage":5.0,"enemies":"Chosen","floor":18.0,"turns":4.0},{"damage":34.0,"enemies":"Masked Bandits","floor":19.0,"turns":4.0},{"damage":21.0,"enemies":"Shell Parasite","floor":20.0,"turns":4.0},{"damage":30.0,"enemies":"Snecko","floor":22.0,"turns":4.0},{"damage":52.0,"enemies":"Sentry and Sphere","floor":24.0,"turns":5.0},{"damage":41.0,"enemies":"Champ","floor":33.0,"turns":8.0},{"damage":14.0,"enemies":"3 Shapes","floor":35.0,"turns":6.0},{"damage":5.0,"enemies":"2 Orb Walkers","floor":37.0,"turns":5.0},{"damage":19.0,"enemies":"Orb Walker","floor":44.0,"turns":4.0},{"damage":35.0,"enemies":"Writhing Mass","floor":45.0,"turns":7.0},{"damage":82,"enemies":"Awakened One","floor":50,"turns":10}],"seed_played":"5359702928584624391","potions_obtained":[{"floor":1.0,"key":"Swift Potion"},{"floor":7.0,"key":"FairyPotion"},{"floor":12.0,"key":"BlessingOfTheForge"},{"floor":16.0,"key":"ColorlessPotion"},{"floor":18.0,"key":"AttackPotion"},{"floor":19.0,"key":"ElixirPotion"},{"floor":44.0,"key":"Block Potion"}],"is_trial":false,"path_per_floor":["M","$","M","M","M","E","M","?","T","M","R","M","R","?","R","B",null,"M","?","M","?","M","R","M","R","T","R","?","?","$","$","R","B",null,"M","?","?","?","?","R","$","R","T","M","M","$","R","?","R","B"],"character_chosen":"IRONCLAD","items_purchased":["Perfected Strike","Lee\u0027s Waffle","Double Tap","Perfected Strike","Lantern","Evolve","Chemical X","Singing Bowl","Anchor","Pear","Whetstone","War Paint","Oddly Smooth Stone","PowerPotion","Perfected Strike"],"campfire_rested":4,"item_purchase_floors":[2,30,30,31,31,41,41,41,41,41,41,41,41,41,46],"current_hp_per_floor":[80,80,78,80,76,47,49,49,49,45,45,39,39,65,65,39,80,80,52,37,63,39,63,17,41,41,41,25,25,47,47,47,12,47,39,39,40,40,40,40,50,50,50,39,12,12,30,30,48,0,0],"gold":37,"neow_bonus":"RANDOM_COMMON_RELIC","is_daily":false,"chose_seed":false,"campfire_upgraded":6,"win_rate":0.0,"timestamp":1614064140,"path_taken":["M","?","M","M","M","E","M","?","T","M","R","M","R","?","R","BOSS","M","?","M","?","M","R","M","R","T","R","?","?","?","$","R","BOSS","M","?","?","?","?","R","$","R","T","M","M","?","R","?","R","BOSS"],"items_purchased_type":["Card","Relic","Card","Card","Relic","Card","Relic","Relic","Relic","Relic","Relic","Relic","Relic","Potion","Card"],"build_version":"2020-12-22","purchased_purges":1,"victory":false,"max_hp_per_floor":[80,80,80,80,80,80,80,80,80,80,80,80,80,80,80,80,80,80,80,80,80,80,80,80,80,80,80,80,40,47,47,47,47,47,47,47,47,47,47,47,57,57,57,59,61,61,61,61,61,61,61],"card_choices":[{"not_picked":["Bloodletting","Thunderclap"],"picked":"Seeing Red","floor":1.0},{"not_picked":["Cleave","Sentinel"],"picked":"Headbutt","floor":3.0},{"not_picked":["Ghostly Armor","Second Wind","Body Slam"],"picked":"SKIP","floor":4.0},{"not_picked":["Ghostly Armor","Second Wind","Body Slam"],"picked":"SKIP","floor":4.0},{"not_picked":["Armaments","Shrug It Off"],"picked":"Headbutt","floor":5.0},{"not_picked":["Dark Embrace","Iron Wave"],"picked":"Impervious","floor":6.0},{"not_picked":["Second Wind","Dark Embrace"],"picked":"Uppercut","floor":7.0},{"not_picked":["Shockwave","Shrug It Off","Anger"],"picked":"SKIP","floor":10.0},{"not_picked":["Clothesline","Whirlwind","Rupture"],"picked":"SKIP","floor":12.0},{"not_picked":["Bludgeon","Brutality"],"picked":"Offering","floor":16.0},{"not_picked":["Dark Embrace","Flame Barrier"],"picked":"Headbutt","floor":18.0},{"not_picked":["Sword Boomerang","Rupture"],"picked":"Wild Strike","floor":19.0},{"not_picked":["Dropkick","Burning Pact","Cleave"],"picked":"SKIP","floor":20.0},{"not_picked":["Twin Strike","Warcry"],"picked":"Perfected Strike+1","floor":22.0},{"not_picked":["Combust+1","Thunderclap","Heavy Blade+1"],"picked":"SKIP","floor":24.0},{"not_picked":["Reckless Charge","Uppercut+1","Dropkick"],"picked":"SKIP","floor":35.0},{"not_picked":["Clothesline+1","Sword Boomerang","Cleave+1"],"picked":"Singing Bowl","floor":44.0},{"not_picked":["Iron Wave+1","Anger","Rupture"],"picked":"Singing Bowl","floor":45.0}],"player_experience":162206,"relics_obtained":[{"floor":6.0,"key":"The Courier"},{"floor":19.0,"key":"Red Mask"},{"floor":26.0,"key":"StrikeDummy"},{"floor":28.0,"key":"Nilry\u0027s Codex"},{"floor":37.0,"key":"Shovel"},{"floor":43.0,"key":"Nunchaku"}],"event_choices":[{"damage_healed":0.0,"max_hp_gain":0.0,"max_hp_loss":0.0,"gold_gain":0.0,"event_name":"Living Wall","player_choice":"Grow","floor":8.0,"gold_loss":0.0,"damage_taken":0.0,"cards_upgraded":["Perfected Strike"]},{"damage_healed":26.0,"max_hp_gain":0.0,"max_hp_loss":0.0,"gold_gain":0.0,"event_name":"Big Fish","player_choice":"Banana","floor":14.0,"gold_loss":0.0,"damage_taken":0.0},{"damage_healed":0.0,"max_hp_gain":0.0,"max_hp_loss":0.0,"gold_gain":0.0,"event_name":"Masked Bandits","player_choice":"Fought Bandits","floor":19.0,"gold_loss":0.0,"damage_taken":0.0},{"damage_healed":26.0,"max_hp_gain":0.0,"max_hp_loss":0.0,"gold_gain":0.0,"event_name":"The Library","player_choice":"Heal","floor":21.0,"gold_loss":0.0,"damage_taken":0.0},{"damage_healed":0.0,"max_hp_gain":0.0,"max_hp_loss":0.0,"gold_gain":0.0,"event_name":"Cursed Tome","player_choice":"Obtained Book","floor":28.0,"gold_loss":0.0,"damage_taken":16.0},{"damage_healed":0.0,"max_hp_gain":0.0,"max_hp_loss":40.0,"gold_gain":0.0,"event_name":"Ghosts","player_choice":"Became a Ghost","floor":29.0,"gold_loss":0.0,"damage_taken":0.0,"cards_obtained":["Ghostly","Ghostly","Ghostly","Ghostly","Ghostly"]},{"cards_removed":["Ghostly"],"damage_healed":0.0,"max_hp_gain":0.0,"max_hp_loss":0.0,"gold_gain":0.0,"event_name":"Falling","player_choice":"Removed Skill","floor":36.0,"gold_loss":0.0,"damage_taken":0.0},{"damage_healed":0.0,"max_hp_gain":0.0,"max_hp_loss":0.0,"gold_gain":0.0,"event_name":"Mysterious Sphere","player_choice":"Fight","floor":37.0,"gold_loss":0.0,"damage_taken":0.0},{"damage_healed":0.0,"max_hp_gain":0.0,"max_hp_loss":0.0,"gold_gain":999.0,"event_name":"MindBloom","player_choice":"Gold","floor":38.0,"gold_loss":0.0,"damage_taken":0.0,"cards_obtained":["Normality","Normality"]},{"damage_healed":0.0,"max_hp_gain":0.0,"max_hp_loss":0.0,"gold_gain":0.0,"event_name":"SensoryStone","player_choice":"Memory 1","floor":39.0,"gold_loss":0.0,"damage_taken":0.0},{"cards_removed":["Normality"],"damage_healed":0.0,"max_hp_gain":0.0,"max_hp_loss":0.0,"gold_gain":0.0,"event_name":"Bonfire Elementals","player_choice":"Offered Curse","floor":48.0,"gold_loss":0.0,"damage_taken":0.0,"relics_obtained":["Spirit Poop"]}],"is_beta":false,"boss_relics":[{"not_picked":["Velvet Choker","Runic Cube"],"picked":"SlaversCollar"},{"not_picked":["Mark of Pain","Pandora\u0027s Box"],"picked":"Empty Cage"}],"items_purged_floors":[41],"is_endless":false,"potions_floor_spawned":[1,7,12,16,18,19,44,45],"killed_by":"Awakened One","ascension_level":0}}