{"host":"4gkev1dtxxhiue3x","time":1614100500,"event":{"mods":["AchievementEnabler","BaseMod","Better Altar","Better Match","Better Note","Better Sensory Stone","Better Skull","Better Third Choice","Colored Powertips","Friendly Minions","Hermit","Minty Spire (QoL Compilation)","Relic Stats","Robot Space Explorer","Shop Mod","StSLib","The Disciple","The Hierophant"],"gold_per_floor":[111,59,59,59,77,102,102,135,161,192,202,220,220,237,237,335,335,345,361,361,389,407,419,457,496,508,552,564,610,235,251,251,355,355,373,391,410,410,430,430,457,457,480,507,521,552,118,143,143,143],"floor_reached":51,"language":"ENG","playtime":1818,"items_purged":[],"score":1438,"play_id":"e04925df-fcd7-4b88-803d-f9dc4eaa3384","local_time":"20210223181500","daily_mods":["SealedDeck","Vintage","DeadlyEvents","Cursed Run","Elite Swarm","Lethality","Uncertain Future"],"is_ascension_mode":false,"campfire_choices":[{"floor":7,"key":"REST"},{"data":"Whirlwind","floor":13,"key":"SMITH"},{"data":"Whirlwind","floor":15,"key":"SMITH"},{"data":"Flex","floor":23,"key":"SMITH"},{"floor":28,"key":"DIG"},{"floor":32,"key":"DIG"},{"floor":40,"key":"DIG"},{"floor":42,"key":"DIG"},{"floor":49,"key":"DIG"}],"circlet_count":0,"master_deck":["Infernal Blade","Infernal Blade+1","Warcry","Whirlwind+1","Whirlwind+1","Heavy Blade","Feel No Pain","Warcry","Flex","Pummel","Flex+1","Reaper","Offering","Decay","Impervious+1","Decay","Demon Form","CurseOfTheBell","Limit Break","Doubt","Parasite","Double Tap","Flash of Steel","Injury","Impervious","Regret","Limit Break","Limit Break"],"relics":["Cursed Key","Darkstone Periapt","Du-Vu Doll","Nunchaku","Bag of Marbles","Potion Belt","Gambling Chip","Eternal Feather","Smiling Mask","Turnip","Pear","Vajra","Strawberry","Calling Bell","Red Skull","The Courier","Champion Belt","StrikeDummy","Tiny Chest","Akabeko","MawBank","Shovel","Centennial Puzzle","Pantograph","InkBottle","Gremlin Horn","Unceasing Top","ClockworkSouvenir","Sundial","Bird Faced Urn","Letter Opener","Philosopher\u0027s Stone","Dream Catcher","Bag of Preparation","Shuriken","HornCleat","Meat on the Bone","Question Card","Boot","Omamori","War Paint","Art of War","PreservedInsect","White Beast Statue","Bottled Lightning","Strange Spoon","Ancient Tea Set","Happy Flower","Pen Nib"],"acts_visited":["Exordium","TheCity","TheBeyond"],"potions_floor_usage":[],"damage_taken":[{"damage":0,"enemies":"Cultist","floor":1,"turns":1},{"damage":0,"enemies":"2 Louse","floor":5,"turns":1},{"damage":0,"enemies":"Gremlin Nob","floor":6,"turns":2},{"damage":12,"enemies":"3 Sentries","floor":8,"turns":2},{"damage":0,"enemies":"Gremlin Nob","floor":10,"turns":2},{"damage":0,"enemies":"Small Slimes","floor":11,"turns":1},{"damage":0,"enemies":"3 Louse","floor":12,"turns":1},{"damage":0,"enemies":"Gremlin Gang","floor":14,"turns":1},{"damage":23,"enemies":"The Guardian","floor":16,"turns":4},{"damage":0,"enemies":"Shell Parasite","floor":18,"turns":1},{"damage":0,"enemies":"Chosen","floor":19,"turns":1},{"damage":6,"enemies":"Gremlin Leader","floor":21,"turns":1},{"damage":0,"enemies":"3 Cultists","floor":22,"turns":1},{"damage":0,"enemies":"Book of Stabbing","floor":24,"turns":1},{"damage":0,"enemies":"Gremlin Leader","floor":27,"turns":1},{"damage":0,"enemies":"Book of Stabbing","floor":29,"turns":1},{"damage":0,"enemies":"Snecko","floor":31,"turns":1},{"damage":6,"enemies":"Collector","floor":33,"turns":1},{"damage":16,"enemies":"3 Shapes","floor":35,"turns":2},{"damage":0,"enemies":"Orb Walker","floor":36,"turns":1},{"damage":6,"enemies":"Maw","floor":37,"turns":1},{"damage":10,"enemies":"Transient","floor":39,"turns":5},{"damage":0,"enemies":"Giant Head","floor":41,"turns":1},{"damage":0,"enemies":"Nemesis","floor":44,"turns":1},{"damage":0,"enemies":"Sphere and 2 Shapes","floor":45,"turns":1},{"damage":0,"enemies":"Giant Head","floor":46,"turns":1},{"damage":0,"enemies":"Reptomancer","floor":48,"turns":1},{"damage":0,"enemies":"Donu and Deca","floor":50,"turns":1}],"seed_played":"1002216242450044171","potions_obtained":[{"floor":5,"key":"Weak Potion"},{"floor":6,"key":"Dexterity Potion"},{"floor":12,"key":"SpeedPotion"},{"floor":16,"key":"FearPotion"},{"floor":19,"key":"Energy Potion"},{"floor":27,"key":"AttackPotion"},{"floor":44,"key":"SteroidPotion"}],"is_trial":true,"path_per_floor":["M","$","?","?","M","E","R","E","T","E","M","M","R","M","R","B",null,"M","M","?","E","M","R","E","T","T","E","R","E","$","M","R","B",null,"M","M","M","T","M","R","E","R","T","E","M","E","$","E","R","B",null],"character_chosen":"IRONCLAD","items_purchased":["Flex","ClockworkSouvenir","Flash of Steel","Sundial","Bottled Lightning","Strange Spoon","Ancient Tea Set"],"campfire_rested":1,"item_purchase_floors":[2,30,30,30,47,47,47],"current_hp_per_floor":[80,80,38,38,38,38,62,68,74,74,84,96,96,103,103,86,115,115,115,115,109,109,115,115,121,127,127,127,127,127,127,127,127,133,130,130,133,139,135,139,139,139,139,139,139,139,139,139,139,139],"gold":143,"neow_bonus":"","is_daily":false,"chose_seed":false,"campfire_upgraded":3,"win_rate":0.0,"timestamp":1614100500,"path_taken":["M","$","?","?","?","E","R","E","T","E","M","M","R","M","R","BOSS","M","M","?","?","M","R","E","?","T","E","R","E","$","M","R","BOSS","M","M","M","?","M","R","E","R","T","?","?","E","$","E","R","BOSS"],"items_purchased_type":["Card","Relic","Card","Relic","Relic","Relic","Relic"],"build_version":"2020-12-22","purchased_purges":0,"victory":true,"max_hp_per_floor":[80,80,80,80,80,80,80,80,86,86,96,96,96,103,103,109,115,115,115,115,115,115,115,115,121,127,127,127,127,127,127,127,133,133,133,133,133,139,139,139,139,139,139,139,139,139,139,139,139,139],"relic_stats":{"Darkstone Periapt":42,"Gremlin Horn":[3,3],"Bag of Preparation":[16],"Cursed Key":5,"Smiling Mask":0,"Boot":[0],"Nunchaku":[7],"Centennial Puzzle":[12],"Dream Catcher":0,"Shovel":5,"Sundial":[0],"Gambling Chip":[85],"Pantograph":0,"Tiny Chest":1,"InkBottle":[6],"Happy Flower":[0],"counters":[28,39],"Eternal Feather":10,"PreservedInsect":181,"Pen Nib":[0],"Letter Opener":[60],"War Paint":["Infernal Blade","Impervious"],"MawBank":96,"Question Card":4,"Strange Spoon":[5],"Shuriken":[3],"Bird Faced Urn":[0],"Turnip":[0],"Art of War":[0],"Champion Belt":[30],"obtain_stats":[{"Gremlin Horn":28,"Vajra":12,"Boot":41,"Centennial Puzzle":25,"HornCleat":38,"Sundial":30,"Strawberry":14,"Philosopher\u0027s Stone":34,"Pear":11,"Happy Flower":48,"Eternal Feather":8,"Pen Nib":49,"Letter Opener":32,"War Paint":43,"Question Card":40,"Akabeko":21,"Du-Vu Doll":0,"Shuriken":37,"Bird Faced Urn":31,"StrikeDummy":18,"Unceasing Top":29,"Meat on the Bone":39,"Darkstone Periapt":0,"Bag of Preparation":36,"Cursed Key":0,"Smiling Mask":9,"Ancient Tea Set":47,"ClockworkSouvenir":30,"Nunchaku":1,"Dream Catcher":35,"Shovel":24,"Gambling Chip":6,"Pantograph":26,"Tiny Chest":19,"Red Skull":17,"InkBottle":27,"Potion Belt":5,"The Courier":17,"PreservedInsect":45,"Omamori":42,"MawBank":22,"White Beast Statue":46,"Calling Bell":17,"Strange Spoon":47,"Turnip":10,"Bag of Marbles":3,"Art of War":44,"Champion Belt":17,"Bottled Lightning":47},{"Gremlin Horn":15,"Vajra":7,"Boot":23,"Centennial Puzzle":14,"HornCleat":21,"Sundial":16,"Strawberry":8,"Philosopher\u0027s Stone":18,"Pear":6,"Happy Flower":27,"Eternal Feather":4,"Pen Nib":27,"Letter Opener":17,"War Paint":23,"Question Card":22,"Akabeko":12,"Du-Vu Doll":0,"Shuriken":21,"Bird Faced Urn":17,"StrikeDummy":10,"Unceasing Top":16,"Meat on the Bone":22,"Darkstone Periapt":0,"Bag of Preparation":20,"Cursed Key":0,"Smiling Mask":4,"Ancient Tea Set":26,"ClockworkSouvenir":16,"Nunchaku":1,"Dream Catcher":19,"Shovel":14,"Gambling Chip":3,"Pantograph":14,"Tiny Chest":11,"Red Skull":9,"InkBottle":15,"Potion Belt":2,"The Courier":9,"PreservedInsect":25,"Omamori":23,"MawBank":13,"White Beast Statue":26,"Calling Bell":9,"Strange Spoon":26,"Turnip":5,"Bag of Marbles":1,"Art of War":24,"Champion Belt":9,"Bottled Lightning":26},{"Gremlin Horn":21,"Vajra":10,"Boot":34,"Centennial Puzzle":20,"HornCleat":28,"Sundial":22,"Strawberry":11,"Philosopher\u0027s Stone":24,"Pear":9,"Happy Flower":38,"Eternal Feather":6,"Pen Nib":38,"Letter Opener":23,"War Paint":34,"Question Card":33,"Akabeko":18,"Du-Vu Doll":0,"Shuriken":28,"Bird Faced Urn":23,"StrikeDummy":16,"Unceasing Top":22,"Meat on the Bone":33,"Darkstone Periapt":0,"Bag of Preparation":27,"Cursed Key":0,"Smiling Mask":6,"Ancient Tea Set":37,"ClockworkSouvenir":22,"Nunchaku":1,"Dream Catcher":26,"Shovel":20,"Gambling Chip":4,"Pantograph":20,"Tiny Chest":17,"Red Skull":15,"InkBottle":21,"Potion Belt":2,"The Courier":15,"PreservedInsect":36,"Omamori":34,"MawBank":19,"White Beast Statue":37,"Calling Bell":15,"Strange Spoon":37,"Turnip":8,"Bag of Marbles":1,"Art of War":35,"Champion Belt":15,"Bottled Lightning":37}],"Unceasing Top":[0],"Meat on the Bone":0},"card_choices":[{"not_picked":["Berserk","Immolate"],"picked":"Reaper","floor":6},{"not_picked":["Berserk","Impervious"],"picked":"Offering","floor":8},{"not_picked":["Berserk","Exhume"],"picked":"Impervious","floor":10},{"not_picked":["Corruption","Immolate"],"picked":"Demon Form","floor":16},{"not_picked":["Feed","Immolate"],"picked":"Limit Break","floor":21},{"not_picked":["Fiend Fire","Barricade","Juggernaut"],"picked":"SKIP","floor":24},{"not_picked":["Demon Form","Bludgeon","Juggernaut"],"picked":"SKIP","floor":27},{"not_picked":["Immolate","Brutality"],"picked":"Double Tap","floor":29},{"not_picked":["Brutality","Fiend Fire"],"picked":"Impervious","floor":33},{"not_picked":["Berserk","Reaper","Juggernaut"],"picked":"Limit Break","floor":41},{"not_picked":["Brutality","Immolate","Reaper","Exhume"],"picked":"SKIP","floor":44},{"not_picked":["Corruption","Bludgeon","Reaper"],"picked":"Limit Break","floor":46},{"not_picked":["Demon Form","Brutality","Barricade","Bludgeon"],"picked":"SKIP","floor":48}],"player_experience":259850,"relics_obtained":[{"floor":1,"key":"Nunchaku"},{"floor":5,"key":"Potion Belt"},{"floor":6,"key":"Gambling Chip"},{"floor":8,"key":"Eternal Feather"},{"floor":9,"key":"Smiling Mask"},{"floor":10,"key":"Turnip"},{"floor":11,"key":"Pear"},{"floor":12,"key":"Vajra"},{"floor":14,"key":"Strawberry"},{"floor":17,"key":"Red Skull"},{"floor":17,"key":"The Courier"},{"floor":17,"key":"Champion Belt"},{"floor":18,"key":"StrikeDummy"},{"floor":19,"key":"Tiny Chest"},{"floor":21,"key":"Akabeko"},{"floor":22,"key":"MawBank"},{"floor":24,"key":"Shovel"},{"floor":25,"key":"Centennial Puzzle"},{"floor":26,"key":"Pantograph"},{"floor":27,"key":"InkBottle"},{"floor":28,"key":"Gremlin Horn"},{"floor":29,"key":"Unceasing Top"},{"floor":31,"key":"Bird Faced Urn"},{"floor":32,"key":"Letter Opener"},{"floor":35,"key":"Dream Catcher"},{"floor":36,"key":"Bag of Preparation"},{"floor":37,"key":"Shuriken"},{"floor":38,"key":"HornCleat"},{"floor":39,"key":"Meat on the Bone"},{"floor":40,"key":"Question Card"},{"floor":41,"key":"Boot"},{"floor":42,"key":"Omamori"},{"floor":43,"key":"War Paint"},{"floor":44,"key":"Art of War"},{"floor":45,"key":"PreservedInsect"},{"floor":46,"key":"White Beast Statue"},{"floor":48,"key":"Happy Flower"},{"floor":49,"key":"Pen Nib"}],"event_choices":[{"damage_healed":0,"gold_gain":0,"player_choice":"Relic ","damage_taken":42,"max_hp_gain":0,"max_hp_loss":0,"event_name":"betterThird:BetterScrap","floor":3,"gold_loss":0,"cards_obtained":["Thunder Strike"]},{"damage_healed":0,"gold_gain":0,"player_choice":"Ignored","damage_taken":0,"max_hp_gain":0,"max_hp_loss":0,"event_name":"Purifier","floor":4,"gold_loss":0},{"damage_healed":0,"gold_gain":0,"player_choice":"Bought 0 Potions","damage_taken":0,"max_hp_gain":0,"max_hp_loss":0,"event_name":"The Woman in Blue","floor":20,"gold_loss":0}],"is_beta":false,"boss_relics":[{"not_picked":["Fusion Hammer","Mark of Pain"],"picked":"Calling Bell"},{"not_picked":["Busted Crown","Snecko Eye"],"picked":"Philosopher\u0027s Stone"}],"items_purged_floors":[],"is_endless":false,"potions_floor_spawned":[5,6,12,16,19,24,27,29,33,37,44,46,48],"ascension_level":0}}