{"host":"6yklbc9za0aylqsj","time":1614108447,"event":{"mods":["AchievementEnabler","BaseMod","Bestiary","Colored Map","Colored Powertips","Minty Spire (QoL Compilation)","Rare Cards Sparkle","Relic Stats","Slay-I","StSLib"],"gold_per_floor":[19,294,305,77,77,102,102,129,154,184,194,194,207,235,235,235,235],"floor_reached":16,"language":"ENG","playtime":757,"items_purged":["Regret"],"score":161,"play_id":"cecc8f56-f056-4469-b228-6801d7df8d2a","local_time":"20210223202727","is_ascension_mode":true,"campfire_choices":[{"data":"Dualcast","floor":7.0,"key":"SMITH"},{"data":"Rip and Tear","floor":12.0,"key":"SMITH"},{"floor":15.0,"key":"RECALL"}],"circlet_count":0,"master_deck":["Strike_B","Strike_B","Defend_B","Defend_B","Defend_B","Zap","Dualcast+1","BootSequence","Aggregate","Rip and Tear+1","Genetic Algorithm","Ball Lightning","Melter","Chill","Reprogram"],"relics":["Cracked Core","ClockworkSouvenir","Bag of Marbles","Art of War","Happy Flower","Centennial Puzzle"],"acts_visited":["Exordium"],"potions_floor_usage":[16,16],"damage_taken":[{"damage":0.0,"enemies":"Small Slimes","floor":1.0,"turns":3.0},{"damage":4.0,"enemies":"Cultist","floor":3.0,"turns":3.0},{"damage":11.0,"enemies":"Lagavulin","floor":6.0,"turns":7.0},{"damage":30.0,"enemies":"3 Sentries","floor":8.0,"turns":9.0},{"damage":10.0,"enemies":"Gremlin Nob","floor":10.0,"turns":3.0},{"damage":1.0,"enemies":"Jaw Worm","floor":11.0,"turns":3.0},{"damage":0.0,"enemies":"Lots of Slimes","floor":13.0,"turns":3.0},{"damage":0.0,"enemies":"Lagavulin","floor":14.0,"turns":4.0},{"damage":26,"enemies":"The Guardian","floor":16,"turns":6}],"seed_played":"-7487804401316315022","potions_obtained":[{"floor":3.0,"key":"SkillPotion"},{"floor":10.0,"key":"FearPotion"},{"floor":13.0,"key":"Ancient Potion"},{"floor":14.0,"key":"FearPotion"}],"is_trial":false,"path_per_floor":["M","?","M","$","?","E","R","E","T","E","M","R","M","E","R","B"],"character_chosen":"DEFECT","items_purchased":["ClockworkSouvenir"],"campfire_rested":0,"item_purchase_floors":[4],"current_hp_per_floor":[75,75,71,71,71,60,60,30,30,20,19,19,19,19,19,0,0],"gold":235,"neow_bonus":"TRANSFORM_TWO_CARDS","is_daily":false,"chose_seed":false,"campfire_upgraded":2,"win_rate":0.0,"timestamp":1614108447,"path_taken":["M","?","?","$","?","E","R","E","T","E","M","R","?","E","R","BOSS"],"items_purchased_type":["Relic"],"build_version":"2020-12-22","purchased_purges":1,"victory":false,"max_hp_per_floor":[75,75,75,75,75,75,75,75,75,75,75,75,75,75,75,75,75],"relic_stats":{"Centennial Puzzle":[3],"Happy Flower":[5],"counters":[9,41],"Art of War":[5],"obtain_stats":[{"Centennial Puzzle":14,"Happy Flower":10,"Bag of Marbles":6,"Art of War":8,"Cracked Core":0,"ClockworkSouvenir":4},{"Centennial Puzzle":8,"Happy Flower":5,"Bag of Marbles":3,"Art of War":4,"Cracked Core":0,"ClockworkSouvenir":2},{"Centennial Puzzle":35,"Happy Flower":25,"Bag of Marbles":13,"Art of War":22,"Cracked Core":0,"ClockworkSouvenir":6}]},"card_choices":[{"not_picked":["Steam","Undo"],"picked":"Rip and Tear","floor":1.0},{"not_picked":["Storm","Beam Cell","Redo"],"picked":"SKIP","floor":3.0},{"not_picked":["Meteor Strike","Turbo","Gash"],"picked":"SKIP","floor":6.0},{"not_picked":["Streamline","Storm"],"picked":"Ball Lightning","floor":8.0},{"not_picked":["Chill","Sunder"],"picked":"Melter","floor":10.0},{"not_picked":["Coolheaded","Sweeping Beam"],"picked":"Chill","floor":11.0},{"not_picked":["Gash","Steam"],"picked":"Reprogram","floor":13.0},{"not_picked":["Rip and Tear","Sweeping Beam","Compile Driver"],"picked":"SKIP","floor":14.0}],"player_experience":703051,"relics_obtained":[{"floor":6.0,"key":"Bag of Marbles"},{"floor":8.0,"key":"Art of War"},{"floor":10.0,"key":"Happy Flower"},{"floor":14.0,"key":"Centennial Puzzle"}],"event_choices":[{"damage_healed":0.0,"max_hp_gain":0.0,"max_hp_loss":0.0,"gold_gain":275.0,"event_name":"Golden Shrine","player_choice":"Desecrate","floor":2.0,"gold_loss":0.0,"damage_taken":0.0,"cards_obtained":["Regret"]},{"damage_healed":0.0,"max_hp_gain":0.0,"max_hp_loss":0.0,"gold_gain":0.0,"cards_transformed":["Strike_B"],"event_name":"Transmorgrifier","player_choice":"Transformed","floor":5.0,"gold_loss":0.0,"damage_taken":0.0,"cards_obtained":["Genetic Algorithm"]}],"is_beta":false,"boss_relics":[],"items_purged_floors":[4],"is_endless":false,"potions_floor_spawned":[3,10,13,14],"killed_by":"The Guardian","ascension_level":1}}