{"host":"sav7uxregyirlf69","time":1614050729,"event":{"mods":["AchievementEnabler","BaseMod","Colored Map","DeckTracker","Keyboard Shortcuts","Minty Spire (QoL Compilation)","READ ME - Guardian Mod","StSLib","SuperFastMode"],"gold_per_floor":[119,119,138,156,81,111,111,111,183,183,183,194,208,258,258,336,336,348,79,94,111,161,190,190,220,220,239,266,266,281,298,298,374,374,389,389,406,418,124,152,152,167,192,192,192,217,235,270,270,270,270,270,270,65,97,97],"floor_reached":57,"language":"KOR","playtime":1595,"items_purged":["Pain","Poisoned Stab","All Out Attack","Flechettes"],"score":3069,"play_id":"f8345f51-5efb-42fd-bdca-3f9d9f42d79d","local_time":"20210223122529","is_ascension_mode":true,"campfire_choices":[{"data":"Noxious Fumes","floor":7.0,"key":"SMITH"},{"data":"Blade Dance","floor":10.0,"key":"SMITH"},{"floor":15.0,"key":"REST"},{"data":"Terror","floor":24.0,"key":"SMITH"},{"data":"Tactician","floor":32.0,"key":"SMITH"},{"floor":41.0,"key":"RECALL"},{"floor":49.0,"key":"REST"},{"floor":53.0,"key":"REST"}],"circlet_count":0,"master_deck":["AscendersBane","Survivor","Neutralize+1","Blade Dance+1","Noxious Fumes+1","Acrobatics","Adrenaline","Burst","Adrenaline","Dagger Throw","Malaise","After Image","Concentrate","Unload","Terror+1","Reflex","Blade Dance","Tactician+1","Escape Plan","Footwork","Escape Plan+1","Blur","After Image","Deflect+1","PiercingWail","Accuracy+1"],"relics":["Ring of the Snake","NeowsBlessing","WarpedTongs","Snake Skull","Shuriken","Pandora\u0027s Box","Orrery","Ninja Scroll","Meat on the Bone","Bag of Marbles","Fusion Hammer","TungstenRod","OrangePellets","Lantern","Pen Nib","Mango","Vajra","Boot"],"acts_visited":["Exordium","TheCity","TheBeyond","TheEnding"],"potions_floor_usage":[56],"damage_taken":[{"damage":0.0,"enemies":"Jaw Worm","floor":1.0,"turns":1.0},{"damage":1.0,"enemies":"Cultist","floor":3.0,"turns":1.0},{"damage":0.0,"enemies":"2 Louse","floor":4.0,"turns":1.0},{"damage":16.0,"enemies":"Lagavulin","floor":6.0,"turns":7.0},{"damage":0.0,"enemies":"Large Slime","floor":12.0,"turns":4.0},{"damage":3.0,"enemies":"Looter","floor":13.0,"turns":3.0},{"damage":0.0,"enemies":"The Guardian","floor":16.0,"turns":9.0},{"damage":0.0,"enemies":"Chosen","floor":18.0,"turns":3.0},{"damage":0.0,"enemies":"3 Byrds","floor":20.0,"turns":3.0},{"damage":6.0,"enemies":"Snake Plant","floor":21.0,"turns":3.0},{"damage":6.0,"enemies":"Book of Stabbing","floor":23.0,"turns":3.0},{"damage":4.0,"enemies":"Slavers","floor":25.0,"turns":3.0},{"damage":0.0,"enemies":"Centurion and Healer","floor":27.0,"turns":2.0},{"damage":0.0,"enemies":"Book of Stabbing","floor":28.0,"turns":3.0},{"damage":0.0,"enemies":"Snecko","floor":30.0,"turns":2.0},{"damage":0.0,"enemies":"3 Cultists","floor":31.0,"turns":3.0},{"damage":0.0,"enemies":"Automaton","floor":33.0,"turns":5.0},{"damage":0.0,"enemies":"3 Shapes","floor":35.0,"turns":5.0},{"damage":0.0,"enemies":"Orb Walker","floor":37.0,"turns":3.0},{"damage":0.0,"enemies":"Sphere and 2 Shapes","floor":38.0,"turns":4.0},{"damage":5.0,"enemies":"Reptomancer","floor":40.0,"turns":4.0},{"damage":0.0,"enemies":"Transient","floor":42.0,"turns":6.0},{"damage":0.0,"enemies":"Mind Bloom Boss Battle","floor":46.0,"turns":2.0},{"damage":0.0,"enemies":"Writhing Mass","floor":47.0,"turns":5.0},{"damage":0.0,"enemies":"Nemesis","floor":48.0,"turns":5.0},{"damage":58.0,"enemies":"Awakened One","floor":50.0,"turns":8.0},{"damage":15.0,"enemies":"Donu and Deca","floor":51.0,"turns":8.0},{"damage":11,"enemies":"Shield and Spear","floor":55,"turns":3},{"damage":43,"enemies":"The Heart","floor":56,"turns":10}],"seed_played":"7992930924239120063","potions_obtained":[{"floor":1.0,"key":"SteroidPotion"},{"floor":4.0,"key":"AttackPotion"},{"floor":12.0,"key":"Regen Potion"},{"floor":21.0,"key":"SpeedPotion"},{"floor":25.0,"key":"DistilledChaos"},{"floor":40.0,"key":"FearPotion"},{"floor":55,"key":"FairyPotion"}],"is_trial":false,"path_per_floor":["M","?","M","M","$","E","R","?","T","R","?","M","M","?","R","B",null,"M","$","M","M","?","E","R","E","T","M","E","?","M","M","R","B",null,"M","?","M","M","$","E","R","M","T","?","?","?","M","E","R","B","B",null,"R","$","E","B",null],"character_chosen":"THE_SILENT","items_purchased":["Orrery","OrangePellets","Block Potion"],"campfire_rested":3,"item_purchase_floors":[19,39,54],"current_hp_per_floor":[59,59,58,58,58,42,42,42,42,42,22,22,19,13,32,47,61,61,61,61,55,55,49,49,45,45,45,45,45,45,45,45,45,61,61,61,61,61,61,56,56,56,56,56,56,70,70,70,77,31,28,65,77,77,66,35],"gold":97,"neow_bonus":"THREE_ENEMY_KILL","is_daily":false,"chose_seed":false,"campfire_upgraded":4,"win_rate":0.0,"timestamp":1614050729,"path_taken":["M","?","M","?","$","E","R","?","T","R","?","M","M","?","R","BOSS","M","$","?","M","?","E","R","E","T","?","E","?","M","?","R","BOSS","M","?","?","M","$","E","R","M","T","?","?","?","M","E","R","BOSS","BOSS","R","$","E","BOSS"],"items_purchased_type":["Relic","Relic","Potion"],"build_version":"2020-12-22","purchased_purges":4,"victory":true,"max_hp_per_floor":[66,66,66,66,66,66,66,66,66,66,66,66,66,66,66,66,66,66,66,66,66,66,66,66,66,66,66,66,66,66,66,66,66,66,66,66,66,66,66,66,66,66,66,63,63,77,77,77,77,77,77,77,77,77,77,77],"card_choices":[{"not_picked":["Endless Agony","Backflip","Underhanded Strike"],"picked":"SKIP","floor":1.0},{"not_picked":["Expertise","Flying Knee"],"picked":"Blade Dance","floor":3.0},{"not_picked":["Deadly Poison","Tactician"],"picked":"Noxious Fumes","floor":4.0},{"not_picked":["Dagger Throw","Glass Knife"],"picked":"Acrobatics","floor":6.0},{"not_picked":["Deflect","Prepared"],"picked":"Heel Hook","floor":12.0},{"not_picked":["Acrobatics","Setup","Sucker Punch"],"picked":"SKIP","floor":13.0},{"not_picked":["Burst","Glass Knife"],"picked":"Adrenaline","floor":16.0},{"not_picked":["Underhanded Strike","Poisoned Stab","Terror"],"picked":"SKIP","floor":18.0},{"not_picked":["Underhanded Strike","Poisoned Stab"],"picked":"Terror","floor":18.0},{"not_picked":["Acrobatics","After Image"],"picked":"Reflex","floor":19.0},{"not_picked":["PiercingWail","Underhanded Strike"],"picked":"Blade Dance","floor":19.0},{"not_picked":["Poisoned Stab","Quick Slash","Deadly Poison"],"picked":"SKIP","floor":20.0},{"not_picked":["Acrobatics","Reflex"],"picked":"Tactician","floor":21.0},{"not_picked":["Acrobatics","Dagger Spray"],"picked":"Escape Plan","floor":23.0},{"not_picked":["Cloak And Dagger","Blade Dance","Dagger Throw"],"picked":"SKIP","floor":25.0},{"not_picked":["Slice","All Out Attack"],"picked":"Footwork","floor":27.0},{"not_picked":["Leg Sweep","Underhanded Strike","Burst"],"picked":"SKIP","floor":28.0},{"not_picked":["Noxious Fumes","Poisoned Stab"],"picked":"Escape Plan+1","floor":30.0},{"not_picked":["Poisoned Stab+1","Deflect"],"picked":"Blur","floor":31.0},{"not_picked":["Wraith Form v2","Envenom"],"picked":"After Image","floor":33.0},{"not_picked":["Backstab","Underhanded Strike","Dodge and Roll"],"picked":"SKIP","floor":35.0},{"not_picked":["Distraction","Dagger Spray+1","Quick Slash+1"],"picked":"SKIP","floor":37.0},{"not_picked":["Caltrops+1","Glass Knife"],"picked":"Deflect+1","floor":38.0},{"not_picked":["Endless Agony+1","Distraction"],"picked":"PiercingWail","floor":40.0},{"not_picked":["Poisoned Stab","Dodge and Roll"],"picked":"Accuracy+1","floor":42.0},{"not_picked":["Acrobatics","Dodge and Roll","Grand Finale"],"picked":"SKIP","floor":47.0},{"not_picked":["Flechettes+1","Escape Plan+1","Underhanded Strike"],"picked":"SKIP","floor":48.0},{"not_picked":["Cloak And Dagger","Slice","Reflex"],"picked":"SKIP","floor":55}],"player_experience":1664876,"relics_obtained":[{"floor":6.0,"key":"Snake Skull"},{"floor":9.0,"key":"Shuriken"},{"floor":23.0,"key":"Ninja Scroll"},{"floor":25.0,"key":"Meat on the Bone"},{"floor":28.0,"key":"Bag of Marbles"},{"floor":36.0,"key":"TungstenRod"},{"floor":40.0,"key":"Lantern"},{"floor":43.0,"key":"Pen Nib"},{"floor":46.0,"key":"Mango"},{"floor":48.0,"key":"Vajra"},{"floor":55,"key":"Boot"}],"event_choices":[{"damage_healed":0.0,"max_hp_gain":0.0,"max_hp_loss":0.0,"gold_gain":0.0,"event_name":"Accursed Blacksmith","player_choice":"Rummage","floor":2.0,"gold_loss":0.0,"damage_taken":0.0,"relics_obtained":["WarpedTongs"],"cards_obtained":["Pain"]},{"damage_healed":0.0,"max_hp_gain":0.0,"max_hp_loss":0.0,"gold_gain":0.0,"event_name":"Dead Adventurer","player_choice":"Searched \u00270\u0027 times","floor":8.0,"gold_loss":0.0,"damage_taken":0.0},{"damage_healed":0.0,"max_hp_gain":0.0,"max_hp_loss":0.0,"gold_gain":0.0,"event_name":"Shining Light","player_choice":"Entered Light","floor":11.0,"gold_loss":0.0,"damage_taken":20.0,"cards_upgraded":["Defend_G","Neutralize"]},{"damage_healed":0.0,"max_hp_gain":0.0,"max_hp_loss":0.0,"gold_gain":50.0,"event_name":"FaceTrader","player_choice":"Touch","floor":14.0,"gold_loss":0.0,"damage_taken":6.0},{"damage_healed":0.0,"max_hp_gain":0.0,"max_hp_loss":0.0,"gold_gain":50.0,"event_name":"Golden Shrine","player_choice":"Pray","floor":22.0,"gold_loss":0.0,"damage_taken":0.0},{"damage_healed":0.0,"max_hp_gain":0.0,"max_hp_loss":0.0,"gold_gain":0.0,"event_name":"N\u0027loth","player_choice":"Ignored","floor":29.0,"gold_loss":0.0,"damage_taken":0.0},{"damage_healed":0.0,"max_hp_gain":0.0,"max_hp_loss":0.0,"gold_gain":0.0,"event_name":"Wheel of Change","player_choice":"Relic","floor":36.0,"gold_loss":0.0,"damage_taken":0.0},{"damage_healed":0.0,"max_hp_gain":0.0,"max_hp_loss":3.0,"gold_gain":0.0,"event_name":"Winding Halls","player_choice":"Max HP","floor":44.0,"gold_loss":0.0,"damage_taken":0.0},{"cards_removed":["Heel Hook"],"damage_healed":0.0,"max_hp_gain":0.0,"max_hp_loss":0.0,"gold_gain":0.0,"event_name":"Falling","player_choice":"Removed Attack","floor":45.0,"gold_loss":0.0,"damage_taken":0.0},{"damage_healed":0.0,"max_hp_gain":0.0,"max_hp_loss":0.0,"gold_gain":0.0,"event_name":"MindBloom","player_choice":"Fight","floor":46.0,"gold_loss":0.0,"damage_taken":0.0}],"is_beta":false,"boss_relics":[{"not_picked":["Black Star","Calling Bell"],"picked":"Pandora\u0027s Box"},{"not_picked":["Runic Dome","SacredBark"],"picked":"Fusion Hammer"}],"items_purged_floors":[5,19,39,54],"is_endless":false,"potions_floor_spawned":[1,4,12,21,25,27,31,40,42,47,55],"ascension_level":20}}