{"host":"sfkslwp4t49i7lrt","time":1614073025,"event":{"mods":["Act Like it!","BaseMod","Bestiary","Block Reminder","Downfall","Friendly Minions","Gensokyo","Highlight Path","Lobotomy","Minty Spire (QoL Compilation)","Relic Stats","Ruina","Spire Arcade","StSLib","Wide Potions","everything is the same but u backflip on backflip","slay the spire mod where everything is the same but ironclad has a cowboy hat"],"gold_per_floor":[118,193,206,206,222,222,266,266,313,328,349,314,44,57,57,177,177,198,198,222,222,237,237,278,278,278,22,22,38,54,73,73,203,203,216,236,24,24,24,24],"floor_reached":39,"language":"ENG","playtime":2027,"items_purged":["Strike_G","Strike_G"],"score":428,"play_id":"1238ff41-d711-4c2d-84a0-8cd885854716","local_time":"20210223163705","is_ascension_mode":false,"campfire_choices":[{"data":"Neutralize","floor":6,"key":"SMITH"},{"data":"Outmaneuver","floor":8,"key":"SMITH"},{"data":"Noxious Fumes","floor":15,"key":"SMITH"},{"data":"Tools of the Trade","floor":23,"key":"SMITH"},{"floor":25,"key":"REST"},{"data":"Footwork","floor":28,"key":"SMITH"},{"floor":32,"key":"REST"}],"circlet_count":0,"master_deck":["Strike_G","Strike_G","Defend_G","Defend_G","Defend_G","Defend_G","Survivor","Neutralize+1","Corpse Explosion+1","Blade Dance+1","Deadly Poison","OSAHOGD","Flying Knee","Outmaneuver+1","Dagger Spray","Noxious Fumes+1","PiercingWail","Poisoned Stab","Tools of the Trade+1","Blur","Blade Dance+1","Terror","Bane","Footwork+1","Dodge and Roll","Acrobatics","Footwork+1","QueenOfHatred","Accuracy","Bouncing Flask","Accuracy"],"relics":["Ring of the Snake","CogitoBucket","RabbitCall","Golden Idol","Happy Flower","MealTicket","HellTrain","sneckomod:BlankCard","expansioncontent:StudyCardRelic","Blue Candle","Busted Crown"],"acts_visited":["Exordium","TheCity","TheBeyond"],"potions_floor_usage":[20,22,33,35],"damage_taken":[{"damage":1,"enemies":"Small Slimes","floor":1,"turns":2},{"damage":1,"enemies":"2 Louse","floor":3,"turns":2},{"damage":0,"enemies":"Jaw Worm","floor":5,"turns":3},{"damage":11,"enemies":"3 Sentries","floor":7,"turns":4},{"damage":5,"enemies":"Exordium Wildlife","floor":10,"turns":2},{"damage":25,"enemies":"Exordium Thugs","floor":11,"turns":9},{"damage":10,"enemies":"Blue Slaver","floor":14,"turns":3},{"damage":10,"enemies":"Slime Boss","floor":16,"turns":7},{"damage":10,"enemies":"3 Byrds","floor":18,"turns":2},{"damage":0,"enemies":"Chosen","floor":20,"turns":3},{"damage":42,"enemies":"Snake Plant","floor":22,"turns":5},{"damage":22,"enemies":"Slavers","floor":24,"turns":4},{"damage":1,"enemies":"Centurion and Healer","floor":29,"turns":4},{"damage":20,"enemies":"Shelled Parasite and Fungi","floor":30,"turns":4},{"damage":10,"enemies":"Cultist and Chosen","floor":31,"turns":4},{"damage":13,"enemies":"Automaton","floor":33,"turns":9},{"damage":75,"enemies":"3 Shapes","floor":35,"turns":4},{"damage":10,"enemies":"Orb Walker","floor":36,"turns":5}],"seed_played":"4385676535845529914","potions_obtained":[{"floor":1,"key":"Swift Potion"},{"floor":16,"key":"PowerPotion"},{"floor":22,"key":"SpeedPotion"},{"floor":29,"key":"LiquidBronze"},{"floor":35,"key":"Block Potion"}],"is_trial":false,"path_per_floor":["M","?","M","?","M","R","E","R","T","M","M","?","$","M","R","B",null,"M","?","M","?","M","R","E","R","T","$","R","M","M","M","R","B",null,"M","M","$","$","M"],"character_chosen":"THE_SILENT","items_purchased":["Noxious Fumes","sneckomod:BlankCard","PiercingWail","Footwork","Dodge and Roll","PowerPotion","Bouncing Flask","Accuracy"],"campfire_rested":2,"item_purchase_floors":[13,13,13,27,27,27,37,37],"current_hp_per_floor":[69,58,57,57,57,57,46,46,46,42,20,36,51,42,42,34,65,55,49,50,65,23,23,1,20,20,35,35,34,14,4,23,10,65,35,25,40,55,0,0],"gold":24,"neow_bonus":"","is_daily":false,"chose_seed":false,"campfire_upgraded":5,"win_rate":0.0,"timestamp":1614073025,"path_taken":["M","?","M","?","M","R","E","R","T","?","M","?","$","M","R","BOSS","M","?","M","?","?","R","E","R","T","?","R","M","M","M","R","BOSS","M","M","?","$","M"],"items_purchased_type":["Card","Relic","Card","Card","Card","Potion","Card","Card"],"build_version":"2020-12-22","purchased_purges":2,"victory":false,"max_hp_per_floor":[70,70,70,65,65,65,65,65,65,65,65,65,65,65,65,65,65,65,65,65,65,65,65,65,65,65,65,65,65,65,65,65,65,65,65,65,65,65,65,65],"relic_stats":{"Busted Crown":12,"Happy Flower":[24],"counters":[22,84],"Golden Idol":109,"Blue Candle":[0],"MealTicket":60,"obtain_stats":[{"RabbitCall":0,"CogitoBucket":0,"Busted Crown":34,"Happy Flower":7,"Golden Idol":4,"sneckomod:BlankCard":13,"Blue Candle":24,"MealTicket":9,"expansioncontent:StudyCardRelic":17,"HellTrain":11,"Ring of the Snake":0},{"RabbitCall":0,"CogitoBucket":0,"Busted Crown":18,"Happy Flower":4,"Golden Idol":2,"sneckomod:BlankCard":7,"Blue Candle":14,"MealTicket":4,"expansioncontent:StudyCardRelic":9,"HellTrain":7,"Ring of the Snake":0},{"RabbitCall":0,"CogitoBucket":0,"Busted Crown":69,"Happy Flower":11,"Golden Idol":4,"sneckomod:BlankCard":23,"Blue Candle":48,"MealTicket":11,"expansioncontent:StudyCardRelic":33,"HellTrain":23,"Ring of the Snake":0}],"Ring of the Snake":[44]},"card_choices":[{"not_picked":["Tactician","Sucker Punch"],"picked":"Deadly Poison","floor":1},{"not_picked":["CherryBlossoms","Bloodbath","ShyLook"],"picked":"Singing Bowl","floor":1},{"not_picked":["MHz","CrumblingArmor"],"picked":"OSAHOGD","floor":1},{"not_picked":["VoidDream","HeroicMonk","MHz"],"picked":"Singing Bowl","floor":3},{"not_picked":["Glass Knife","Slice","Deflect"],"picked":"SKIP","floor":3},{"not_picked":["Escape Plan","Prepared"],"picked":"Flying Knee","floor":5},{"not_picked":["LittleHelper","Mercenary","MHz"],"picked":"Singing Bowl","floor":5},{"not_picked":["Well Laid Plans","Riddle With Holes"],"picked":"Outmaneuver","floor":7},{"not_picked":["LittleHelper","MHz","ShyLook"],"picked":"Singing Bowl","floor":7},{"not_picked":["SingingMachine","OldLady"],"picked":"Funeral","floor":7},{"not_picked":["Choke","Finisher"],"picked":"Dagger Spray","floor":10},{"not_picked":["ShyLook","PunishingBird","BigBadWolf"],"picked":"Singing Bowl","floor":10},{"not_picked":["BeautyBeast","QueenOfHatred","ShyLook"],"picked":"Singing Bowl","floor":11},{"not_picked":["Reflex","Tactician","Eviscerate"],"picked":"SKIP","floor":11},{"not_picked":["Deadly Poison","Bane"],"picked":"Poisoned Stab","floor":14},{"not_picked":["QueenOfHatred","PunishingBird","RedShoes"],"picked":"Singing Bowl","floor":14},{"not_picked":["Phantasmal Killer","Storm of Steel"],"picked":"Tools of the Trade","floor":16},{"not_picked":["VoidDream","BeautyBeast","QueenBee"],"picked":"Singing Bowl","floor":16},{"not_picked":["Acrobatics","Backstab"],"picked":"Blur","floor":18},{"not_picked":["LittleHelper","OldLady","SnowQueen"],"picked":"Singing Bowl","floor":18},{"not_picked":["Heel Hook","Sucker Punch"],"picked":"Blade Dance+1","floor":20},{"not_picked":["OldLady","FairyFestival","Murderer"],"picked":"Singing Bowl","floor":20},{"not_picked":["Venomology","Endless Agony+1"],"picked":"Terror","floor":22},{"not_picked":["Scorched","Mercenary","DreamingCurrent"],"picked":"Singing Bowl","floor":22},{"not_picked":["Slice","Quick Slash"],"picked":"Bane","floor":24},{"not_picked":["Scarecrow","BodiesMountain","ShyLook"],"picked":"Singing Bowl","floor":24},{"not_picked":["PiercingWail","Dagger Throw"],"picked":"Acrobatics","floor":29},{"not_picked":["Scorched","HeroicMonk","LittlePrince"],"picked":"Singing Bowl","floor":29},{"not_picked":["FairyFestival","PunishingBird","VoidDream"],"picked":"Singing Bowl","floor":30},{"not_picked":["Dagger Spray","All Out Attack+1","Blade Dance"],"picked":"SKIP","floor":30},{"not_picked":["Acrobatics","All Out Attack"],"picked":"Footwork+1","floor":31},{"not_picked":["BeautyBeast","LittlePrince","Freischutz"],"picked":"Singing Bowl","floor":31},{"not_picked":["LongBird","Scorched","DespairKnight"],"picked":"Singing Bowl","floor":33},{"not_picked":["Scarecrow","CrumblingArmor"],"picked":"QueenOfHatred","floor":35},{"not_picked":["Bane+1"],"picked":"SKIP","floor":35},{"not_picked":["WallGazer","HeroicMonk","SingingMachine"],"picked":"Singing Bowl","floor":36},{"not_picked":[],"picked":"Accuracy","floor":36}],"player_experience":478964,"relics_obtained":[{"floor":7,"key":"Happy Flower"},{"floor":9,"key":"MealTicket"},{"floor":24,"key":"Blue Candle"}],"event_choices":[{"damage_healed":0,"gold_gain":75,"player_choice":"Gather Gold","damage_taken":11,"max_hp_gain":0,"max_hp_loss":0,"event_name":"World of Goop","floor":2,"gold_loss":0},{"damage_healed":0,"gold_gain":0,"player_choice":"Lose Max HP","damage_taken":0,"relics_obtained":["Golden Idol"],"max_hp_gain":0,"max_hp_loss":5,"event_name":"Golden Idol","floor":4,"gold_loss":0},{"damage_healed":16,"gold_gain":0,"player_choice":"Healed","damage_taken":0,"max_hp_gain":0,"max_hp_loss":0,"event_name":"The Cleric","floor":12,"gold_loss":35},{"damage_healed":0,"gold_gain":0,"player_choice":"Joined the Cult","damage_taken":6,"max_hp_gain":0,"max_hp_loss":0,"event_name":"Nest","floor":19,"gold_loss":0,"cards_obtained":["RitualDagger"]},{"cards_removed":["Funeral"],"damage_healed":15,"gold_gain":0,"player_choice":"Offered Uncommon","damage_taken":0,"max_hp_gain":0,"max_hp_loss":0,"event_name":"Bonfire Elementals","floor":21,"gold_loss":0}],"is_beta":false,"boss_relics":[{"not_picked":["Philosopher\u0027s Stone","Calling Bell"],"picked":"expansioncontent:StudyCardRelic"},{"not_picked":["Astrolabe","Black Star"],"picked":"Busted Crown"}],"items_purged_floors":[27,37],"is_endless":false,"potions_floor_spawned":[1,7,16,22,29,30,31,35],"killed_by":"Sphere and 2 Shapes","ascension_level":0}}