{"host":"zcqxp6x6rw0ud13y","time":1614089224,"event":{"mods":["Aspiration","Bard","BaseMod","Beaked The Cultist","Bestiary","Better Altar","Better Match","Better Note","Better Sensory Stone","Better Skull","Better Third Choice","ChefMod","Colored Map","Colored Powertips","Conspire","Downfall","Energized Spire","Friendly Minions","Gremlin Mod","Highlight Path","Hubris","Infinite Spire","Minty Spire (QoL Compilation)","Random Character Button","Rare Cards Sparkle","Reliquary","Replay The Spire","SIMod","Slumbering Mod","Spicy Shops","StSLib","The Blue Laboratory","The Disciple","The Dragon Tamer","The Gatherer","The Hierophant","The Runesmith","The Showman","The Spell Scribe","The Trickster","The Valiant","TheBandit","Trackpad","Wandering Minibosses"],"gold_per_floor":[99,114,132,57,71,91,114,142,156,56,56,67,67,78,94,199,199,199,217,217,237,247,247,272,172,184,210,228,240,240,271,287,387,387,287,331,349,368,387,404,404,419,445,370,403,403,403,403,419,522,522,522],"floor_reached":51,"language":"ENG","playtime":5442,"items_purged":[],"score":809,"play_id":"df6a33e8-ef9e-4064-9f34-0ff1ed4ca71a","local_time":"20210223150704","is_ascension_mode":false,"campfire_choices":[{"floor":1,"key":"RECALL"},{"data":"theTrickster:UpThePace","floor":10,"key":"SMITH"},{"data":"theTrickster:ImpulsiveDefend","floor":13,"key":"SMITH"},{"data":"theTrickster:FancyCape","floor":18,"key":"SMITH"},{"data":"hubris:Fate","floor":25,"key":"SMITH"},{"data":"theTrickster:MistForm","floor":30,"key":"SMITH"},{"data":"infinitespire:Menacing","floor":35,"key":"SMITH"},{"data":"Specialist","floor":46,"key":"SMITH"}],"circlet_count":0,"master_deck":["theTrickster:Strike_Brown","theTrickster:Strike_Brown","theTrickster:Strike_Brown","theTrickster:Strike_Brown","theTrickster:Strike_Brown","theTrickster:Defend_Brown","theTrickster:Defend_Brown+1","theTrickster:Defend_Brown","theTrickster:Defend_Brown","theTrickster:Defend_Brown","theTrickster:DaringSlash","theTrickster:BackStep","theTrickster:SwiftSlash","theTrickster:RampingUpDefend","theTrickster:TrickyStrike+1","Writhe","theTrickster:UpThePace+1","theTrickster:LightTrick","theTrickster:Salvage","theTrickster:ImpulsiveDefend+1","theTrickster:CautiousManeuver","theTrickster:FancyCape+1","theTrickster:Firecrackers","theTrickster:PistolWhip","theTrickster:Feint","hubris:Fate+1","theTrickster:TrickyDefend+1","theTrickster:MistForm+1","theTrickster:EnhancingDrug","theTrickster:PistolWhip","Overencumbered","MinorHealing","theTrickster:TriedTechniques+1","Specialist+1","infinitespire:Menacing+1","theTrickster:DeepPockets+1","theTrickster:UpThePace+1","Flash of Steel+1"],"relics":["theTrickster:OpticalIllusionRelic","Vajra","infinitespire:Satchel","Mummified Hand","downfall:HeartBlessingRed","Anchor","reliquary:TuningFork","aspiration:SecretTechniqueScroll","downfall:HeartBlessingBlue","Mummified Hand","reliquary:Buckler","ReplayTheSpireMod:SealedPack","downfall:HeartBlessingGreen","aspiration:EmptySkull","reliquary:PurpleTingedLeaf","Meat on the Bone","hubris:VirtuousBlindfold"],"acts_visited":["Exordium","TheCity","TheBeyond","Exordium"],"potions_floor_usage":[],"damage_taken":[{"damage":0,"enemies":"Cultist","floor":2,"turns":4},{"damage":0,"enemies":"Jaw Worm","floor":3,"turns":4},{"damage":0,"enemies":"downfall:FleeingMerchant","floor":4,"turns":4},{"damage":0,"enemies":"2 Louse","floor":5,"turns":2},{"damage":9,"enemies":"Gremlin Gang","floor":6,"turns":4},{"damage":16,"enemies":"3 Sentries","floor":8,"turns":8},{"damage":1,"enemies":"Lots of Slimes","floor":9,"turns":3},{"damage":0,"enemies":"3 Louse","floor":12,"turns":2},{"damage":0,"enemies":"Exordium Thugs","floor":14,"turns":5},{"damage":0,"enemies":"Blue Slaver","floor":15,"turns":3},{"damage":7,"enemies":"SI_SHIV_ARCHETYPE","floor":16,"turns":12},{"damage":11,"enemies":"Spheric Guardian","floor":19,"turns":5},{"damage":6,"enemies":"3 Byrds","floor":21,"turns":4},{"damage":10,"enemies":"Snake Plant","floor":22,"turns":5},{"damage":0,"enemies":"Snecko","floor":26,"turns":3},{"damage":5,"enemies":"Book of Stabbing","floor":27,"turns":3},{"damage":2,"enemies":"Sentry and Sphere","floor":28,"turns":4},{"damage":0,"enemies":"Centurion and Healer","floor":29,"turns":4},{"damage":22,"enemies":"Nightmare","floor":31,"turns":7},{"damage":0,"enemies":"Shelled Parasite and Fungi","floor":32,"turns":3},{"damage":35,"enemies":"DF_ARCHETYPE_CLAW","floor":33,"turns":6},{"damage":24,"enemies":"3 Darklings","floor":36,"turns":3},{"damage":2,"enemies":"3 Shapes","floor":37,"turns":4},{"damage":0,"enemies":"Transient","floor":38,"turns":4},{"damage":0,"enemies":"Maw","floor":39,"turns":6},{"damage":0,"enemies":"4 Shapes","floor":40,"turns":1},{"damage":0,"enemies":"Transient","floor":42,"turns":5},{"damage":15,"enemies":"beaked:SuperParasite","floor":43,"turns":7},{"damage":0,"enemies":"Giant Head","floor":45,"turns":6},{"damage":0,"enemies":"Spire Growth","floor":49,"turns":4},{"damage":32,"enemies":"WA_ARCHETYPE_DIVINITY","floor":50,"turns":10}],"seed_played":"3679378176993128221","potions_obtained":[{"floor":3,"key":"FearPotion"},{"floor":5,"key":"theTrickster:PresciencePotion"},{"floor":6,"key":"Block Potion"},{"floor":8,"key":"Fire Potion"},{"floor":14,"key":"blueLaboratory:ForbiddenFruitJuice"},{"floor":43,"key":"blueLaboratory:FruitPunch"}],"is_trial":false,"path_per_floor":["R","M","M","$","M","M","T","E","M","R","?","M","R","M","M","B",null,"R","M","?","M","M","AVR","T","R","M","E","M","M","R","NM","M","B",null,"R","M","M","M","M","M","T","M","E","?","E","R","AVR","?","M","B",null],"character_chosen":"THE_TRICKSTER","items_purchased":["Vajra"],"campfire_rested":0,"item_purchase_floors":[4],"current_hp_per_floor":[82,82,82,82,82,73,73,57,56,56,17,17,17,17,17,12,82,82,71,71,67,59,59,59,69,71,68,73,75,75,55,55,22,92,92,68,83,85,92,92,92,92,77,77,85,85,85,85,92,61,92,92],"gold":522,"neow_bonus":"TEN_PERCENT_HP_BONUS","is_daily":false,"chose_seed":false,"campfire_upgraded":7,"win_rate":0.0,"timestamp":1614089224,"path_taken":["R","M","M","$","M","M","T","E","?","R","?","?","R","M","M","BOSS","R","M","?","M","M","AVR","T","R","?","E","M","M","R","NM","M","BOSS","R","M","M","M","?","M","T","M","E","?","E","R","AVR","?","M","BOSS"],"items_purchased_type":["Relic"],"build_version":"2020-12-22","purchased_purges":0,"victory":false,"max_hp_per_floor":[82,82,82,82,82,82,82,82,82,82,82,82,82,82,82,82,82,82,82,82,82,82,82,82,92,92,92,92,92,92,92,92,92,92,92,92,92,92,92,92,92,92,92,92,92,92,92,92,92,92,92,92],"card_choices":[{"not_picked":["theTrickster:MentalStrength","theTrickster:RampingUpDefend"],"picked":"theTrickster:SwiftSlash","floor":2},{"not_picked":["theTrickster:TickingPackage","theTrickster:StudiedSnipe"],"picked":"theTrickster:RampingUpDefend","floor":3},{"not_picked":["theTrickster:PlayingWithFire","theTrickster:TrickyDefend"],"picked":"theTrickster:TrickyStrike","floor":4},{"not_picked":["theTrickster:IntrepidRush","theTrickster:Parry"],"picked":"theTrickster:UpThePace","floor":5},{"not_picked":["theTrickster:ImpulsiveStrike","theTrickster:DebilitatingShot"],"picked":"theTrickster:LightTrick","floor":6},{"not_picked":["theTrickster:MentalStrength","theTrickster:HandGrenade"],"picked":"theTrickster:Salvage","floor":8},{"not_picked":["theTrickster:TickingPackage","theTrickster:Parry"],"picked":"theTrickster:ImpulsiveDefend","floor":9},{"not_picked":["theTrickster:CapriciousThrust","theTrickster:Practice"],"picked":"theTrickster:CautiousManeuver","floor":12},{"not_picked":["theTrickster:SwiftSlash","theTrickster:BetterSafe"],"picked":"theTrickster:FancyCape","floor":14},{"not_picked":["theTrickster:LightTrick","theTrickster:RampingUpStrike"],"picked":"theTrickster:Firecrackers","floor":15},{"not_picked":["theTrickster:Safeguard","theTrickster:Impale"],"picked":"theTrickster:PistolWhip","floor":16},{"not_picked":["theTrickster:MentalStrength","theTrickster:TacticalStrike"],"picked":"theTrickster:Feint","floor":19},{"not_picked":["theTrickster:Frenzy+1","theTrickster:NickAndSkid+1","theTrickster:TrickyStrike"],"picked":"SKIP","floor":21},{"not_picked":["theTrickster:KillThemAll","theTrickster:TickingPackage","theTrickster:DebilitatingShot"],"picked":"SKIP","floor":22},{"not_picked":["theTrickster:Frenzy","theTrickster:Salvage+1"],"picked":"theTrickster:TrickyDefend+1","floor":26},{"not_picked":["theTrickster:ImpulsiveDefend","theTrickster:StudiedSnipe","theTrickster:EnhancingDrug"],"picked":"SKIP","floor":27},{"not_picked":["theTrickster:Frenzy","theTrickster:CreateAnOpening","theTrickster:SuperiorTactics"],"picked":"SKIP","floor":28},{"not_picked":["theTrickster:TacticalDefend+1","theTrickster:CreateAnOpening+1"],"picked":"theTrickster:MistForm","floor":29},{"not_picked":["theTrickster:KeepCool","theTrickster:Handicraft"],"picked":"theTrickster:EnhancingDrug","floor":31},{"not_picked":["theTrickster:StudiedSnipe+1","theTrickster:Audacity","theTrickster:MentalStrength"],"picked":"SKIP","floor":32},{"not_picked":["theTrickster:HiddenPistol","theTrickster:Safeguard"],"picked":"theTrickster:PistolWhip","floor":33},{"not_picked":["Vigilance","Replay:GuardianBash"],"picked":"MinorHealing","floor":34},{"not_picked":["theTrickster:Safeguard","theTrickster:ForbiddenMedicine"],"picked":"theTrickster:TriedTechniques","floor":34},{"not_picked":["Purity","hubris:Insight"],"picked":"Specialist","floor":34},{"not_picked":["infinitespire:DeathsTouch","ReplayTheSpireMod:Haul"],"picked":"infinitespire:Menacing","floor":34},{"not_picked":["theTrickster:BlurTheLines","theTrickster:Frenzy+1","theTrickster:ImpulsiveStrike"],"picked":"SKIP","floor":36},{"not_picked":["theTrickster:CreateAnOpening+1","theTrickster:Feint+1"],"picked":"theTrickster:DeepPockets+1","floor":37},{"not_picked":["theTrickster:Salvage","theTrickster:BladeSurge+1","theTrickster:ImpulsiveStrike+1"],"picked":"SKIP","floor":38},{"not_picked":["theTrickster:StudiedSnipe+1","theTrickster:CapriciousThrust+1","theTrickster:ImpulsiveStrike"],"picked":"SKIP","floor":39},{"not_picked":["theTrickster:CautiousManeuver","theTrickster:TrickyStrike","theTrickster:SwiftSlash+1"],"picked":"SKIP","floor":40},{"not_picked":["theTrickster:BattlePlan+1","theTrickster:ImpulsiveStrike","theTrickster:Repetition"],"picked":"SKIP","floor":42},{"not_picked":["theTrickster:StudiedSnipe","theTrickster:RampingUpStrike+1"],"picked":"theTrickster:UpThePace+1","floor":43},{"not_picked":["PanicButton+1","ReplayTheSpireMod:Trickstab+1"],"picked":"Flash of Steel+1","floor":44},{"not_picked":["theTrickster:Gunblade","theTrickster:RampingUpStrike+1","theTrickster:TrickyDefend"],"picked":"SKIP","floor":45},{"not_picked":["theTrickster:Frenzy+1","theTrickster:CautiousManeuver+1","theTrickster:ForbiddenMedicine"],"picked":"SKIP","floor":49}],"player_experience":93128,"relics_obtained":[{"floor":7,"key":"infinitespire:Satchel"},{"floor":8,"key":"Mummified Hand"},{"floor":27,"key":"reliquary:SculptingSteel"},{"floor":31,"key":"reliquary:Buckler"},{"floor":43,"key":"aspiration:EmptySkull"},{"floor":45,"key":"reliquary:PurpleTingedLeaf"}],"event_choices":[{"damage_healed":0,"gold_gain":0,"player_choice":"RE RE ","damage_taken":43,"relics_obtained":["Anchor","reliquary:TuningFork"],"max_hp_gain":0,"max_hp_loss":0,"event_name":"betterSkull:BetterSkull","floor":11,"gold_loss":0,"cards_upgraded":[]},{"damage_healed":0,"gold_gain":0,"player_choice":"2","damage_taken":0,"max_hp_gain":0,"max_hp_loss":0,"event_name":"betterMatch:BetterMatch","floor":44,"gold_loss":0,"cards_obtained":["betterMatch:UncommonCard","betterMatch:ColorlessUncommonCard"]}],"is_beta":false,"boss_relics":[{"not_picked":["infinitespire:Cupcake","Replay:Ancient Bell"],"picked":"aspiration:SecretTechniqueScroll"},{"not_picked":["trackpad:Trackpad","Philosopher\u0027s Stone"],"picked":"ReplayTheSpireMod:SealedPack"},{"not_picked":["reliquary:KinkedSpring","theTrickster:AncientPicklesRelic"],"picked":"hubris:VirtuousBlindfold"}],"items_purged_floors":[],"is_endless":true,"potions_floor_spawned":[3,5,6,8,14,16,27,31,32,33,37,38,40,43],"ascension_level":0}}