{"host":"f3dvv0vsuv7uaerw","time":1614041704,"event":{"mods":["Aspiration","BaseMod","BetterRewards","Colored Map","Conspire","Downfall","GifTheSpireLib","Hermit","Hubris","Infinite Spire","Minty Spire (QoL Compilation)","Replay The Spire","StSLib","Stuff the Spire"],"gold_per_floor":[99,117,130,148,148,180,180,193,228,239,251,251,266,295,322,428,428,328,346,365,388,402,74,74,74,100,117,143,158,158,178,190,293,293,293,306,325,375,388,388,388,422,422,447,447,458,458,476,487,588,588,588,588],"floor_reached":51,"language":"ENG","playtime":9417,"items_purged":["hexamod:Defend"],"score":936,"play_id":"0372e846-8f3f-4a9d-bab4-b85291a7c936","local_time":"20210222215504","is_ascension_mode":false,"campfire_choices":[{"floor":12,"key":"REST"},{"floor":18,"key":"RECALL"},{"data":"expansioncontent:DashGenerateEvil","floor":30,"key":"SMITH"},{"data":"hexamod:EtherealExpedition","floor":40,"key":"SMITH"},{"data":"hexamod:GiftsFromTheDead","floor":43,"key":"SMITH"},{"data":"hexamod:RecurringNightmare","floor":47,"key":"SMITH"}],"circlet_count":0,"master_deck":["hexamod:Strike","hexamod:Strike","hexamod:Strike","hexamod:Defend","hexamod:Float","Enlightenment","hexamod:GhostflameInferno","hexamod:EtherealExpedition+1","hexamod:RecurringNightmare+1","hexamod:WildfireWeapon","hexamod:TimeOfNeed","hexamod:ExtraCrispy+1","hexamod:FlamesFromBeyond","hexamod:WildfireWeapon","hexamod:InspiringFlames","hexamod:PhantomCloak","hexamod:RecurringNightmare+1","hexamod:RadiantFlame","hexamod:NightmareStrike","hexamod:HeatCrush+1","hexamod:ShieldOfDarkness","hexamod:UnlimitedPower","hexamod:ParanormalForm","hexamod:HauntingEcho+1","hexamod:SpectralAdrenaline+1","hexamod:TurnItUp+1","hexamod:GhostShield+1","hexamod:Hexaguard+1","hexamod:RecurringNightmare+1","hexamod:FlamesFromBeyond","hexamod:HeatShield+1","hexamod:EmpoweredFlame+1","hexamod:Hexaguard","expansioncontent:DashGenerateEvil+1","hexamod:Haunt","hexamod:SixthSeal","hexamod:PhantomCloak+1","hexamod:AdvancingGuard","hexamod:NightmareGuise","hexamod:GhostOfSpireFuture+1","hexamod:GiftsFromTheDead+1","hexamod:PowerFromBeyond+1","hexamod:EmpoweredFlame","hexamod:ParanormalForm","hexamod:HeatShield+1","hexamod:PhantomFireball","hexamod:AdvancingGuard+1","hexamod:HexaLevel"],"relics":["hexamod:SpiritBrand","infinitespire:Lucky Rock","hubris:PeanutButter","Replay:Bottled Snecko","aspiration:FrozenJewel","Astrolabe","downfall:HeartBlessingGreen","hexamod:TheBrokenSeal","Juzu Bracelet","downfall:HeartBlessingBlue","downfall:HeartBlessingRed","bronze:MakeshiftBattery","hubris:Towel","infinitespire:Joker Card","StuffTheSpire:Experiment12","aspiration:FetidBarrel","conspire:Dentures","hubris:VirtuousBlindfold"],"acts_visited":["Exordium","TheCity","TheBeyond","Exordium"],"potions_floor_usage":[13,14,16,16,16,20,20,22,22,26,28,31,33,33,33,44,50],"damage_taken":[{"damage":0,"enemies":"conspire:RoseBush","floor":2,"turns":3},{"damage":6,"enemies":"infinitespire:Voidling","floor":3,"turns":4},{"damage":7,"enemies":"2 Louse","floor":4,"turns":2},{"damage":17,"enemies":"Replay:BlueRogue","floor":6,"turns":6},{"damage":0,"enemies":"Blue Slaver","floor":8,"turns":5},{"damage":13,"enemies":"3 Sentries","floor":9,"turns":6},{"damage":9,"enemies":"Exordium Thugs","floor":10,"turns":4},{"damage":11,"enemies":"3 Louse","floor":11,"turns":6},{"damage":0,"enemies":"conspire:2 RoseBushes","floor":13,"turns":3},{"damage":4,"enemies":"Lagavulin","floor":14,"turns":4},{"damage":4,"enemies":"2 Fungi Beasts","floor":15,"turns":4},{"damage":1,"enemies":"SI_SHIV_ARCHETYPE","floor":16,"turns":8},{"damage":5,"enemies":"Spheric Guardian","floor":19,"turns":6},{"damage":3,"enemies":"downfall:LooterAlt2","floor":20,"turns":5},{"damage":16,"enemies":"Centurion and Healer","floor":21,"turns":7},{"damage":10,"enemies":"Cultist and Chosen","floor":22,"turns":6},{"damage":0,"enemies":"downfall:FleeingMerchant","floor":23,"turns":4},{"damage":5,"enemies":"Snake Plant","floor":26,"turns":4},{"damage":0,"enemies":"Centurion and Healer","floor":27,"turns":4},{"damage":11,"enemies":"Nightmare","floor":28,"turns":6},{"damage":9,"enemies":"Shelled Parasite and Fungi","floor":29,"turns":4},{"damage":0,"enemies":"Cultist and Chosen","floor":31,"turns":4},{"damage":15,"enemies":"conspire:HollyBat","floor":32,"turns":13},{"damage":0,"enemies":"WA_ARCHETYPE_CALM","floor":33,"turns":9},{"damage":0,"enemies":"Orb Walker","floor":36,"turns":4},{"damage":0,"enemies":"3 Darklings","floor":37,"turns":7},{"damage":16,"enemies":"3 Darklings","floor":38,"turns":8},{"damage":0,"enemies":"Spire Growth","floor":39,"turns":5},{"damage":0,"enemies":"Giant Head","floor":42,"turns":7},{"damage":22,"enemies":"Nemesis","floor":44,"turns":7},{"damage":0,"enemies":"Jaw Worm Horde","floor":46,"turns":4},{"damage":4,"enemies":"Sphere and 2 Shapes","floor":48,"turns":4},{"damage":0,"enemies":"4 Shapes","floor":49,"turns":4},{"damage":0,"enemies":"DF_ARCHETYPE_ORBS","floor":50,"turns":10}],"seed_played":"8590145312220113973","potions_obtained":[{"floor":4,"key":"Toxic Potion"},{"floor":6,"key":"Death Potion"},{"floor":8,"key":"Milkshake"},{"floor":10,"key":"LiquidMemories"},{"floor":14,"key":"Milkshake"},{"floor":14,"key":"Energy Potion"},{"floor":16,"key":"hexamod:DoubleChargePotion"},{"floor":16,"key":"DistilledChaos"},{"floor":19,"key":"Swift Potion"},{"floor":20,"key":"ColorlessPotion"},{"floor":21,"key":"LifebloodPotion"},{"floor":21,"key":"Fire Potion"},{"floor":22,"key":"BlessingOfTheForge"},{"floor":25,"key":"CultistPotion"},{"floor":28,"key":"hexamod:EctoCoolerPotion"},{"floor":31,"key":"Weak Potion"},{"floor":32,"key":"Weak Potion"},{"floor":39,"key":"Fire Potion"},{"floor":42,"key":"Block Potion"},{"floor":44,"key":"SteroidPotion"},{"floor":49,"key":"Milkshake"}],"is_trial":false,"path_per_floor":["R_BF","M","M","M","?","E","T","M","E","M","M","R","M","E","M","B",null,"R","M","M","M","M","$","T","?","M","M","NM","M","R","M","M","B",null,"R_BF","M","M","?","M","R","T","E","R","E","?","M","R","M","M","B",null],"character_chosen":"THE_SPIRIT","items_purchased":["expansioncontent:DashGenerateEvil","hexamod:Haunt"],"campfire_rested":1,"item_purchase_floors":[23,23],"current_hp_per_floor":[70,70,64,57,57,40,40,40,27,18,7,28,28,31,27,26,70,70,70,70,61,58,65,65,65,80,80,69,60,70,70,55,55,90,90,90,90,74,74,74,74,74,74,52,52,52,52,48,48,48,90,90,90],"gold":588,"neow_bonus":"RANDOM_COLORLESS","is_daily":false,"chose_seed":false,"campfire_upgraded":4,"win_rate":0.0,"timestamp":1614041704,"path_taken":["R_BF","M","M","M","?","E","T","M","E","M","M","R","?","E","M","BOSS","R","M","M","M","M","$","T","?","M","M","NM","M","R","M","M","BOSS","R_BF","M","M","?","M","R","T","E","R","E","?","M","R","M","M","BOSS"],"items_purchased_type":["Card","Card"],"build_version":"2020-12-22","purchased_purges":1,"victory":false,"max_hp_per_floor":[70,70,70,70,70,70,70,70,70,70,70,70,70,70,70,70,70,70,70,70,70,70,70,70,70,80,80,80,80,90,90,90,90,90,90,90,90,90,90,90,90,90,90,90,90,90,90,90,90,90,90,90,90],"card_choices":[{"not_picked":["Dark Shackles","StuffTheSpire:PlasmaPulse"],"picked":"Enlightenment","floor":0},{"not_picked":["hexamod:SwordOfDarkness","hexamod:Firestarter"],"picked":"hexamod:ThirdSeal","floor":2},{"not_picked":["hexamod:Firestarter","hexamod:HauntingEcho"],"picked":"hexamod:EtherealExpedition","floor":3},{"not_picked":["hexamod:PhantomCloak","hexamod:SwordOfDarkness"],"picked":"hexamod:RecurringNightmare","floor":3},{"not_picked":["hexamod:ThermalTransfer","hexamod:Haunt"],"picked":"hexamod:WildfireWeapon","floor":4},{"not_picked":["hexamod:HeatCrush","hexamod:BacktrackSmack"],"picked":"hexamod:FourthSeal","floor":6},{"not_picked":["hexamod:GhostShield","hexamod:Hexaguard"],"picked":"hexamod:TimeOfNeed","floor":6},{"not_picked":["hexamod:AdvancingGuard","hexamod:NightmareGuise"],"picked":"hexamod:ExtraCrispy","floor":8},{"not_picked":["hexamod:HeatMetal","hexamod:BacktrackSmack"],"picked":"hexamod:FlamesFromBeyond","floor":8},{"not_picked":["hexamod:SpectersWail","hexamod:ThirdSeal"],"picked":"hexamod:WildfireWeapon","floor":9},{"not_picked":["hexamod:CatchUp","hexamod:Haunt"],"picked":"hexamod:InspiringFlames","floor":9},{"not_picked":["hexamod:FastForward","hexamod:Again"],"picked":"hexamod:PhantomCloak","floor":10},{"not_picked":["hexamod:Haunt","hexamod:HeatMetal"],"picked":"hexamod:RecurringNightmare","floor":10},{"not_picked":["hexamod:SpectersWail","hexamod:ThirdSeal"],"picked":"hexamod:RadiantFlame","floor":11},{"not_picked":["hexamod:HauntingEcho","hexamod:FourthSeal"],"picked":"hexamod:NightmareStrike","floor":11},{"not_picked":["hexamod:SwordOfDarkness","hexamod:Rewind"],"picked":"hexamod:FirstSeal","floor":13},{"not_picked":["hexamod:Hexaguard","hexamod:SpectersWail"],"picked":"hexamod:HeatCrush","floor":13},{"not_picked":["hexamod:AdvancingGuard","hexamod:HauntingEcho"],"picked":"hexamod:SecondSeal","floor":14},{"not_picked":["hexamod:HauntingEcho","hexamod:SwordOfDarkness"],"picked":"hexamod:ShieldOfDarkness","floor":14},{"not_picked":["hexamod:Firestarter","hexamod:NightmareStrike","hexamod:TurnItUp"],"picked":"SKIP","floor":15},{"not_picked":["hexamod:SpectersWail","hexamod:BacktrackSmack","hexamod:HauntingEcho"],"picked":"SKIP","floor":15},{"not_picked":["hexamod:GhostflameInferno","hexamod:WildfireWeapon"],"picked":"hexamod:UnlimitedPower","floor":16},{"not_picked":["hexamod:UnlimitedPower","hexamod:ForkedFlame"],"picked":"hexamod:ParanormalForm","floor":16},{"not_picked":["hexamod:NightmareGuise","hexamod:InspiringFlames"],"picked":"hexamod:GhostShield+1","floor":19},{"not_picked":["hexamod:CatchUp","hexamod:Rewind","hexamod:DynamicBlow"],"picked":"SKIP","floor":19},{"not_picked":["hexamod:NightmareGuise","hexamod:Firestarter+1"],"picked":"hexamod:Hexaguard","floor":20},{"not_picked":["hexamod:SoulSteal","hexamod:SecondSeal","hexamod:UnlimitedPower"],"picked":"SKIP","floor":20},{"not_picked":["hexamod:Rewind","hexamod:AdvancingGuard"],"picked":"hexamod:RecurringNightmare","floor":21},{"not_picked":["hexamod:HeatMetal+1","hexamod:DynamicBlow"],"picked":"hexamod:FlamesFromBeyond","floor":21},{"not_picked":["hexamod:ShieldOfDarkness","hexamod:RecurringNightmare"],"picked":"hexamod:HeatShield+1","floor":22},{"not_picked":["hexamod:SpectersWail","hexamod:RadiantFlame","hexamod:SwordOfDarkness"],"picked":"SKIP","floor":22},{"not_picked":["hexamod:SpectersWail","hexamod:RadiantFlame","hexamod:SwordOfDarkness"],"picked":"SKIP","floor":22},{"not_picked":["hexamod:SpectersWail","hexamod:PhantomFireball+1"],"picked":"hexamod:EmpoweredFlame+1","floor":23},{"not_picked":["hexamod:HeatMetal","hexamod:ShieldOfDarkness"],"picked":"hexamod:Hexaguard","floor":23},{"not_picked":["hexamod:NightmareStrike","hexamod:Firestarter+1"],"picked":"hexamod:SixthSeal","floor":26},{"not_picked":["hexamod:NecessarySacrifice","hexamod:GhostShield+1"],"picked":"hexamod:PhantomCloak","floor":27},{"not_picked":["hexamod:GhostShield+1","hexamod:FirstSeal"],"picked":"hexamod:AdvancingGuard","floor":28},{"not_picked":["hexamod:HauntingEcho","hexamod:HeatMetal+1"],"picked":"hexamod:NightmareGuise","floor":29},{"not_picked":["hexamod:Hexaguard","hexamod:FourthSeal"],"picked":"hexamod:GhostOfSpireFuture","floor":31},{"not_picked":["hexamod:FastForward","hexamod:FourthSeal","hexamod:SpectersWail+1"],"picked":"SKIP","floor":32},{"not_picked":["hexamod:ForkedFlame","hexamod:TimeOfNeed"],"picked":"hexamod:GiftsFromTheDead","floor":33},{"not_picked":["hexamod:EtherealExpedition","hexamod:BacktrackSmack"],"picked":"hexamod:PowerFromBeyond+1","floor":36},{"not_picked":["hexamod:GhostLash+1","hexamod:HauntingEcho+1","hexamod:Firestarter+1"],"picked":"SKIP","floor":37},{"not_picked":["hexamod:CatchUp","hexamod:SecondSeal"],"picked":"hexamod:EmpoweredFlame","floor":38},{"not_picked":["hexamod:DynamicBlow+1","hexamod:SwordOfDarkness+1","hexamod:RainOfEmbers"],"picked":"SKIP","floor":39},{"not_picked":["hexamod:SwordOfDarkness+1","hexamod:SpectralAdrenaline"],"picked":"hexamod:ParanormalForm","floor":42},{"not_picked":["hexamod:HeatMetal","hexamod:NightmareGuise"],"picked":"hexamod:HeatShield+1","floor":44},{"not_picked":["hexamod:ThermalTransfer","hexamod:GhostLash"],"picked":"hexamod:PhantomFireball","floor":46},{"not_picked":["hexamod:HauntingEcho+1","hexamod:GhostOfSpirePresent","hexamod:NecessarySacrifice"],"picked":"SKIP","floor":48},{"not_picked":["hexamod:CatchUp","hexamod:GhostShield"],"picked":"hexamod:AdvancingGuard+1","floor":49},{"not_picked":["hexamod:SearingWound","hexamod:UnlimitedPower"],"picked":"hexamod:HexaLevel","floor":50}],"player_experience":40988,"relics_obtained":[{"floor":6,"key":"infinitespire:Lucky Rock"},{"floor":7,"key":"hubris:PeanutButter"},{"floor":9,"key":"Replay:Bottled Snecko"},{"floor":14,"key":"aspiration:FrozenJewel"},{"floor":28,"key":"Juzu Bracelet"},{"floor":38,"key":"infinitespire:Joker Card"},{"floor":41,"key":"StuffTheSpire:Experiment12"},{"floor":42,"key":"aspiration:FetidBarrel"},{"floor":44,"key":"conspire:Dentures"}],"event_choices":[{"damage_healed":0,"gold_gain":0,"player_choice":"Ignored","damage_taken":0,"max_hp_gain":0,"max_hp_loss":0,"event_name":"NoteForYourself","floor":5,"gold_loss":0}],"is_beta":false,"boss_relics":[{"not_picked":["conspire:RoyalGoblet","aspiration:RunicSpoon"],"picked":"Astrolabe"},{"not_picked":["conspire:RunicOctahedron","hubris:GrandSneckoEye"],"picked":"bronze:MakeshiftBattery"},{"not_picked":["hubris:CrackedHourglass","aspiration:SecretTechniqueScroll"],"picked":"hubris:VirtuousBlindfold"}],"items_purged_floors":[23],"is_endless":true,"potions_floor_spawned":[4,6,9,14,16,19,21,28,31,32,39,42,44,49],"ascension_level":0}}