{"host":"wy4vwr4x0uqk666t","time":1614090687,"event":{"mods":["Aspiration","BaseMod","BetterRewards","Colored Powertips","Curses Come First","Defuse TimeMaze Blight","Downfall","Hubris","Infinite Spire","Jorbs\u0027s Wanderer Trilogy","Kalas","Lobotomy","Minty Spire (QoL Compilation)","Quick Restart","READ ME - Guardian Mod","Replay The Spire","StSLib","The Cursed","The Elementalist","The Hierophant","The Jungle","The Runesmith","The Servant 0.9.4","The Spell Scribe"],"gold_per_floor":[118,128,128,140,65,94,94,94,94,94,106,137,156,156,156,156,156],"floor_reached":16,"language":"ENG","playtime":951,"items_purged":["Strike_G"],"score":116,"play_id":"20cbf16d-1cd2-44ea-bad6-acdb86ec0b2a","local_time":"20210223153127","is_ascension_mode":true,"campfire_choices":[{"floor":7,"key":"REST"},{"data":"After Image","floor":15,"key":"SMITH"}],"circlet_count":0,"master_deck":["Strike_G+1","Strike_G","Defend_G","Defend_G","Defend_G","Defend_G","Defend_G","Survivor","Neutralize","CrumblingArmor","Flying Knee+1","BlackSwan","Toxin Wave","Replay:Bag of Tricks+1","Backflip","After Image+1","PiercingWail"],"relics":["Ring of the Snake","CogitoBucket","Whetstone","hubris:TenFootPole","Pet Ghost","FleshIdol"],"acts_visited":["Exordium"],"potions_floor_usage":[],"damage_taken":[{"damage":2,"enemies":"2 Louse","floor":1,"turns":4},{"damage":0,"enemies":"Cultist","floor":2,"turns":4},{"damage":0,"enemies":"Small Slimes","floor":4,"turns":3},{"damage":21,"enemies":"Gremlin Nob","floor":6,"turns":4},{"damage":8,"enemies":"Blue Slaver","floor":11,"turns":2},{"damage":7,"enemies":"3 Sentries","floor":12,"turns":8},{"damage":3,"enemies":"3 Louse","floor":13,"turns":5},{"damage":65,"enemies":"Fading Forest","floor":16,"turns":7}],"seed_played":"-2260924035820133533","potions_obtained":[{"floor":1,"key":"Explosive Potion"},{"floor":2,"key":"Regen Potion"},{"floor":12,"key":"Strength Potion"}],"is_trial":false,"path_per_floor":["M","M","?","M","$","E","R","$","T","?","M","E","M","?","R","B"],"character_chosen":"THE_SILENT","items_purchased":[],"campfire_rested":1,"item_purchase_floors":[],"current_hp_per_floor":[68,68,68,68,68,47,68,68,68,68,60,53,50,50,50,0,0],"gold":156,"neow_bonus":"","is_daily":false,"chose_seed":false,"campfire_upgraded":1,"win_rate":0.0,"timestamp":1614090687,"path_taken":["M","M","?","M","?","E","R","$","T","?","M","E","M","?","R","BOSS"],"items_purchased_type":[],"build_version":"2020-12-22","purchased_purges":1,"victory":false,"max_hp_per_floor":[70,70,70,70,70,70,70,70,70,70,70,70,70,70,70,70,70],"card_choices":[{"not_picked":["Setup","Sucker Punch"],"picked":"Finisher","floor":1},{"not_picked":["LongBird","SpiderBud"],"picked":"CrumblingArmor","floor":1},{"not_picked":["Sucker Punch","Masterful Stab"],"picked":"Flying Knee","floor":2},{"not_picked":["MHz","PunishingBird"],"picked":"BlackSwan","floor":2},{"not_picked":["hubris:Sniper","Escape Plan"],"picked":"Toxin Wave","floor":4},{"not_picked":["hubris:TrickCloak","hubris:Counter","Hidden Blade"],"picked":"SKIP","floor":6},{"not_picked":["Quick Slash","Escape Plan"],"picked":"Backflip","floor":11},{"not_picked":["Backflip","Replay:Poison Smokescreen"],"picked":"After Image","floor":12},{"not_picked":["Dodge and Roll","Calculated Gamble"],"picked":"PiercingWail","floor":13}],"player_experience":3753868,"relics_obtained":[{"floor":6,"key":"Whetstone"},{"floor":9,"key":"hubris:TenFootPole"},{"floor":12,"key":"Pet Ghost"}],"event_choices":[{"cards_removed":["Strike_G"],"damage_healed":0,"gold_gain":0,"player_choice":"Purged","damage_taken":0,"max_hp_gain":0,"max_hp_loss":0,"event_name":"Purifier","floor":3,"gold_loss":0},{"cards_removed":["Strike_G"],"damage_healed":0,"gold_gain":0,"player_choice":"Card Removal","damage_taken":0,"max_hp_gain":0,"max_hp_loss":0,"event_name":"Wheel of Change","floor":14,"gold_loss":0}],"is_beta":false,"boss_relics":[],"items_purged_floors":[5],"is_endless":false,"potions_floor_spawned":[1,2,12],"killed_by":"Fading Forest","ascension_level":1}}