{"host":"edndssuekvzbh3is","time":1614056491,"event":{"mods":["BaseMod","Colored Map","Colored Powertips","Minty Spire (QoL Compilation)","SuperFastMode"],"gold_per_floor":[118,135,152,168,168,199,159,1,1,301,332,332,332,332,332,437,437,453,471,486,179,179,179],"floor_reached":22,"language":"ENG","playtime":616,"items_purged":["Strike_R"],"score":366,"play_id":"bd04a788-f614-4bc3-8f47-55cd96be02c0","local_time":"20210223000131","is_ascension_mode":true,"campfire_choices":[{"floor":10,"key":"DIG"},{"floor":13,"key":"REST"},{"floor":15,"key":"REST"}],"circlet_count":0,"master_deck":["AscendersBane","Strike_R","Defend_R","Defend_R","Defend_R+1","Defend_R","Bash","Shrug It Off","Fire Breathing","Hemokinesis","Bloodletting","Fire Breathing","Feed+1","Pommel Strike","Clothesline","Impervious","Double Tap","Brutality+1","Hemokinesis+1","Flame Barrier+1","Shrug It Off","Armaments","Reaper","Apotheosis","Evolve"],"relics":["Burning Blood","Gremlin Horn","Shovel","Old Coin","Dream Catcher","Shuriken","Astrolabe","Membership Card"],"acts_visited":["Exordium","TheCity"],"potions_floor_usage":[6,6,11,16,20,22],"damage_taken":[{"damage":1,"enemies":"Cultist","floor":1,"turns":3},{"damage":0,"enemies":"Small Slimes","floor":2,"turns":3},{"damage":6,"enemies":"Jaw Worm","floor":3,"turns":4},{"damage":24,"enemies":"Exordium Wildlife","floor":4,"turns":6},{"damage":39,"enemies":"Gremlin Nob","floor":6,"turns":4},{"damage":49,"enemies":"Lagavulin","floor":11,"turns":9},{"damage":7,"enemies":"Slime Boss","floor":16,"turns":6},{"damage":26,"enemies":"2 Thieves","floor":18,"turns":4},{"damage":24,"enemies":"Spheric Guardian","floor":19,"turns":6},{"damage":38,"enemies":"Chosen and Byrds","floor":20,"turns":6},{"damage":53,"enemies":"Snecko","floor":22,"turns":5}],"seed_played":"4348234085434971847","potions_obtained":[{"floor":0,"key":"Ancient Potion"},{"floor":0,"key":"Fire Potion"},{"floor":0,"key":"BlessingOfTheForge"},{"floor":6,"key":"Regen Potion"},{"floor":11,"key":"Swift Potion"},{"floor":16,"key":"FearPotion"},{"floor":18,"key":"Explosive Potion"},{"floor":20,"key":"BloodPotion"}],"is_trial":false,"path_per_floor":["M","M","M","M","?","E","?","$","T","R","E","?","R","T","R","B",null,"M","M","M","$","M"],"character_chosen":"IRONCLAD","items_purchased":["Feed","Membership Card","Apotheosis","Evolve"],"campfire_rested":2,"item_purchase_floors":[8,21,21,21],"current_hp_per_floor":[77,80,80,62,80,47,47,47,47,47,19,3,27,27,51,54,77,61,43,15,15,0,0],"gold":179,"neow_bonus":"THREE_SMALL_POTIONS","is_daily":false,"chose_seed":false,"campfire_upgraded":0,"win_rate":0.0,"timestamp":1614056491,"path_taken":["M","M","M","?","?","E","?","?","T","R","E","?","R","?","R","BOSS","M","M","M","$","M"],"items_purchased_type":["Card","Relic","Card","Card"],"build_version":"2020-12-22","purchased_purges":1,"victory":false,"max_hp_per_floor":[80,80,80,80,80,80,80,80,80,80,80,80,80,80,80,84,84,88,88,92,92,92,92],"card_choices":[{"not_picked":["Anger","Twin Strike"],"picked":"Shrug It Off","floor":1},{"not_picked":["Havoc","Evolve"],"picked":"Fire Breathing","floor":2},{"not_picked":["Flex","Clash"],"picked":"Hemokinesis","floor":3},{"not_picked":["Havoc","Hemokinesis"],"picked":"Bloodletting","floor":4},{"not_picked":["Blood for Blood","Ghostly Armor"],"picked":"Fire Breathing","floor":6},{"not_picked":["Dark Embrace","Thunderclap"],"picked":"Pommel Strike","floor":11},{"not_picked":["Perfected Strike","Clash"],"picked":"Clothesline","floor":13},{"not_picked":["Fire Breathing","Dark Embrace"],"picked":"Impervious","floor":15},{"not_picked":["Demon Form","Brutality"],"picked":"Double Tap","floor":16},{"not_picked":["Heavy Blade+1","Iron Wave"],"picked":"Shrug It Off","floor":18},{"not_picked":["Anger","True Grit"],"picked":"Armaments","floor":19},{"not_picked":["Clothesline+1","Havoc"],"picked":"Reaper","floor":20}],"player_experience":373011,"relics_obtained":[{"floor":6,"key":"Gremlin Horn"},{"floor":9,"key":"Shovel"},{"floor":10,"key":"Old Coin"},{"floor":11,"key":"Dream Catcher"},{"floor":14,"key":"Shuriken"}],"event_choices":[{"damage_healed":26,"gold_gain":0,"player_choice":"Banana","damage_taken":0,"max_hp_gain":0,"max_hp_loss":0,"event_name":"Big Fish","floor":5,"gold_loss":0},{"damage_healed":0,"gold_gain":0,"player_choice":"Left Gold","damage_taken":0,"max_hp_gain":0,"max_hp_loss":0,"event_name":"World of Goop","floor":7,"gold_loss":40},{"damage_healed":0,"gold_gain":0,"player_choice":"Entered Light","damage_taken":16,"max_hp_gain":0,"max_hp_loss":0,"event_name":"Shining Light","floor":12,"gold_loss":0,"cards_upgraded":["Defend_R","Feed"]}],"is_beta":false,"boss_relics":[{"not_picked":["Runic Cube","SlaversCollar"],"picked":"Astrolabe"}],"items_purged_floors":[21],"is_endless":false,"potions_floor_spawned":[6,11,16,18,20],"killed_by":"Snecko","ascension_level":10}}