{"host":"p15wz9ezm2y4vyo6","time":1614069882,"event":{"mods":["BaseMod","Better Third Choice","Colored Map","Colored Powertips","Custom Start","Defuse TimeMaze Blight","Disable Question Mark Monsters","Displayed Cursed Tome","Downfall","Friendly Minions","Hermit","Hubris","Infinite Spire","Minty Spire (QoL Compilation)","Quick Restart","Rare Cards Sparkle","Replay The Spire","StSLib","SuperFastMode","The Construct","The Servant 0.9.4"],"gold_per_floor":[111,111,64,76,76,76,102,119,119,119,130,55,55,55],"floor_reached":13,"language":"ENG","playtime":357,"items_purged":["construct:Strike_Gold"],"score":83,"play_id":"f57bd943-0623-4259-a28c-bfcabc9de026","local_time":"20210223084442","is_ascension_mode":false,"campfire_choices":[{"data":"Reinforced Body","floor":6,"key":"SMITH"}],"circlet_count":0,"master_deck":["construct:Strike_Gold","construct:Strike_Gold","construct:Strike_Gold","construct:Defend_Gold","construct:Defend_Gold","construct:Defend_Gold+1","construct:Defend_Gold+1","construct:Defend_Gold","construct:AttackMode","construct:DefenseMode","construct:HeavyBolt","construct:Analyze","construct:ClusterMines","Reinforced Body+1","construct:ReactiveShield"],"relics":["construct:ClockworkPhoenix","infinitespire:Cubic Diamond","Ancient Tea Set","ReplayTheSpireMod:Lightbulb","Bronze Scales","War Paint"],"acts_visited":["Exordium"],"potions_floor_usage":[],"damage_taken":[{"damage":7,"enemies":"2 Louse","floor":1,"turns":2},{"damage":2,"enemies":"Small Slimes","floor":4,"turns":5},{"damage":35,"enemies":"Lagavulin","floor":7,"turns":5},{"damage":1,"enemies":"Jaw Worm","floor":8,"turns":2},{"damage":5,"enemies":"Looter","floor":11,"turns":4},{"damage":27,"enemies":"Gremlin Nob","floor":13,"turns":3}],"seed_played":"254912001369477557","potions_obtained":[{"floor":1,"key":"DuplicationPotion"},{"floor":4,"key":"SteroidPotion"}],"is_trial":false,"path_per_floor":["M","?","$","M","?","R","E","M","T","?","M","$","E"],"character_chosen":"THE_CONSTRUCT_MOD","items_purchased":["construct:Analyze"],"campfire_rested":0,"item_purchase_floors":[3],"current_hp_per_floor":[78,78,78,76,64,64,29,28,28,28,23,23,0,0],"gold":55,"neow_bonus":"TRANSFORM_CARD","is_daily":false,"chose_seed":false,"campfire_upgraded":1,"win_rate":0.0,"timestamp":1614069882,"path_taken":["M","?","$","M","?","R","E","?","T","?","?","$","E"],"items_purchased_type":["Card"],"build_version":"2020-12-22","purchased_purges":1,"victory":false,"max_hp_per_floor":[85,85,85,85,85,85,85,85,85,85,85,85,85,85],"card_choices":[{"not_picked":["construct:ScrapCannon","construct:Backfire","construct:SuppressiveFire"],"picked":"SKIP","floor":1},{"not_picked":["construct:Failsafe","construct:Forcefield"],"picked":"construct:ClusterMines","floor":4},{"not_picked":["construct:SyphonStrike","construct:Versatility","construct:Anticipate"],"picked":"SKIP","floor":7},{"not_picked":["construct:Autoturret","construct:GuardCore"],"picked":"construct:ReactiveShield","floor":8},{"not_picked":["construct:SyphonStrike","construct:Accumulate","construct:ShieldGenerator"],"picked":"SKIP","floor":11}],"player_experience":1112019,"relics_obtained":[{"floor":7,"key":"ReplayTheSpireMod:Lightbulb"},{"floor":9,"key":"Bronze Scales"}],"event_choices":[{"damage_healed":0,"gold_gain":0,"player_choice":"Gave Potion","damage_taken":0,"relics_obtained":["War Paint"],"max_hp_gain":0,"max_hp_loss":0,"event_name":"WeMeetAgain","floor":10,"gold_loss":0}],"is_beta":false,"boss_relics":[],"items_purged_floors":[12],"is_endless":false,"potions_floor_spawned":[1,4],"killed_by":"Gremlin Nob","ascension_level":0}}