{"host":"prxrhpgaxnj4om9r","time":1614092191,"event":{"mods":["AchievementEnabler","BaseMod","Colored Map","DeckTracker","Minty Spire (QoL Compilation)"],"gold_per_floor":[116,116,191,207,207,248,248,266,266,307,327,292,292,305,305,305,305],"floor_reached":16,"language":"KOR","playtime":437,"items_purged":[],"score":176,"play_id":"27a46174-c89e-4ccd-a69f-61658fd526ab","local_time":"20210223235631","is_ascension_mode":true,"campfire_choices":[{"floor":7,"key":"REST"},{"data":"Flying Knee","floor":13,"key":"SMITH"},{"floor":15,"key":"REST"}],"circlet_count":0,"master_deck":["Strike_G","Strike_G","Strike_G","Strike_G","Strike_G","Defend_G","Defend_G","Defend_G","Defend_G","Survivor","Neutralize","Heel Hook","Deflect","Flying Knee+1","Wraith Form v2","All Out Attack","Footwork","Acrobatics","Poisoned Stab"],"relics":["Ring of the Snake","NeowsBlessing","Golden Idol","Dead Branch","Torii","Calipers"],"acts_visited":["Exordium"],"potions_floor_usage":[10,11,16],"damage_taken":[{"damage":0,"enemies":"Small Slimes","floor":1,"turns":1},{"damage":0,"enemies":"2 Louse","floor":4,"turns":1},{"damage":0,"enemies":"Gremlin Nob","floor":6,"turns":1},{"damage":10,"enemies":"Jaw Worm","floor":8,"turns":4},{"damage":18,"enemies":"3 Sentries","floor":10,"turns":5},{"damage":7,"enemies":"Large Slime","floor":11,"turns":5},{"damage":23,"enemies":"Exordium Thugs","floor":14,"turns":4},{"damage":42,"enemies":"Slime Boss","floor":16,"turns":7}],"seed_played":"-380198055035745819","potions_obtained":[{"floor":1,"key":"LiquidMemories"},{"floor":6,"key":"FearPotion"},{"floor":11,"key":"SpeedPotion"},{"floor":14,"key":"Energy Potion"}],"is_trial":false,"path_per_floor":["M","?","?","M","?","E","R","M","T","E","M","?","R","M","R","B"],"character_chosen":"THE_SILENT","items_purchased":[],"campfire_rested":2,"item_purchase_floors":[],"current_hp_per_floor":[63,63,52,52,35,35,56,46,46,28,21,38,38,15,36,0,0],"gold":305,"neow_bonus":"THREE_ENEMY_KILL","is_daily":false,"chose_seed":false,"campfire_upgraded":1,"win_rate":0.0,"timestamp":1614092191,"path_taken":["M","?","?","M","?","E","R","M","T","E","M","?","R","?","R","BOSS"],"items_purchased_type":[],"build_version":"2020-12-22","purchased_purges":0,"victory":false,"max_hp_per_floor":[70,70,70,70,70,70,70,70,70,70,70,70,70,70,70,70,70],"card_choices":[{"not_picked":["Well Laid Plans","Quick Slash"],"picked":"Heel Hook","floor":1},{"not_picked":["Dodge and Roll","Finisher"],"picked":"Flying Knee","floor":4},{"not_picked":["Accuracy","Outmaneuver"],"picked":"Wraith Form v2","floor":6},{"not_picked":["Outmaneuver","Infinite Blades"],"picked":"All Out Attack","floor":8},{"not_picked":["Deflect","Cloak And Dagger"],"picked":"Footwork","floor":10},{"not_picked":["Concentrate","Bane"],"picked":"Acrobatics","floor":11},{"not_picked":["Backflip","Dash"],"picked":"Poisoned Stab","floor":14}],"player_experience":615425,"relics_obtained":[{"floor":6,"key":"Dead Branch"},{"floor":9,"key":"Torii"},{"floor":10,"key":"Calipers"}],"event_choices":[{"damage_healed":0,"gold_gain":0,"cards_transformed":["Defend_G"],"player_choice":"Change","damage_taken":0,"max_hp_gain":0,"max_hp_loss":0,"event_name":"Living Wall","floor":2,"gold_loss":0,"cards_obtained":["Deflect"]},{"damage_healed":0,"gold_gain":75,"player_choice":"Gather Gold","damage_taken":11,"max_hp_gain":0,"max_hp_loss":0,"event_name":"World of Goop","floor":3,"gold_loss":0},{"damage_healed":0,"gold_gain":0,"player_choice":"Take Damage","damage_taken":17,"relics_obtained":["Golden Idol"],"max_hp_gain":0,"max_hp_loss":0,"event_name":"Golden Idol","floor":5,"gold_loss":0},{"damage_healed":17,"gold_gain":0,"player_choice":"Healed","damage_taken":0,"max_hp_gain":0,"max_hp_loss":0,"event_name":"The Cleric","floor":12,"gold_loss":35}],"is_beta":false,"boss_relics":[],"items_purged_floors":[],"is_endless":false,"potions_floor_spawned":[1,6,11,14],"killed_by":"Slime Boss","ascension_level":6}}