{"host":"121m0oxswv9tg9hk","time":1614110612,"event":{"mods":["BaseMod","Better Altar","Better Third Choice","Hubris","Ironclad Rager","MarisaÅiñ∂âJÅ@ñÇóùçπÅj","Minty Spire (QoL Compilation)","Replay The Spire","StSLib","The Cursed","The Gatherer","The Hierophant"],"gold_per_floor":[109,109,284,304,321,321,355,383,383,383,417,417,440,449,449,554,554,577,604,623,647,572,572,624,624,698,726,651,651,651,693,693,791,791,808,830,830,442,471,503,503,533,611,611,611,328,368,388,388,388,388,388,20,56,56],"floor_reached":56,"language":"ENG","playtime":7287,"items_purged":["TheCursedMod:Strike_TheCursed","TheCursedMod:Defend_TheCursed"],"score":1965,"play_id":"381a3f58-5a50-44ee-b875-b4bccc4ac02c","local_time":"20210223210332","is_ascension_mode":true,"campfire_choices":[{"data":"Deep Breath","floor":6,"key":"SMITH"},{"floor":10,"key":"REST"},{"floor":15,"key":"DIG"},{"data":"TheCursedMod:SpitefulPlan","floor":23,"key":"SMITH"},{"floor":25,"key":"RECALL"},{"data":"TheCursedMod:ReleasedKnowledge","floor":29,"key":"SMITH"},{"data":"TheCursedMod:StingEye","floor":32,"key":"SMITH"},{"floor":41,"key":"REST"},{"floor":45,"key":"REST"},{"floor":49,"key":"REST"},{"floor":52,"key":"REST"}],"circlet_count":0,"master_deck":["TheCursedMod:Defend_TheCursed","TheCursedMod:Defend_TheCursed","TheCursedMod:CursedWand","TheCursedMod:CleanUpWorkshop","TheCursedMod:Dregs","Deep Breath+1","TheCursedMod:CursedShiv","Doubt","TheCursedMod:WearCloak","TheCursedMod:RapidMovement","TheCursedMod:ForbiddenAlchemy+1","TheCursedMod:TacticalStrike","TheCursedMod:ReleasedKnowledge+1","TheCursedMod:SpitefulPlan+1","TheCursedMod:CursedAmulet+1","TheCursedMod:DemonSword+1","TheCursedMod:CursedBoomerang","TheCursedMod:FleshFromBone","TheCursedMod:DemonSword","TheCursedMod:CursedBoomerang","Pot Of Greed+1","Pot Of Greed","TheCursedMod:CursedSpellbook+1","TheCursedMod:LuckyCharm","Pot Of Greed","TheCursedMod:StingEye+1","TheCursedMod:Torture+1","TheCursedMod:ManaCirculation","Parasite","TheCursedMod:WearCloak","TheCursedMod:LuckyCharm","TheCursedMod:HellfireBreathing","TheCursedMod:HellsGateOpen","Deep Breath","TheCursedMod:SoulReap"],"relics":["TheCursedMod:BlackMagic101","CeramicFish","Meat on the Bone","Mummified Hand","Matryoshka","TheCursedMod:OminousMark","Grinning Jar","Pantograph","Bronze Scales","Turnip","Fusion Hammer","Gremlin Food","Sling","Simple Rune","TheCursedMod:CrystalBall","HornCleat","Replay:WaspNest","Mango","hubris:Reverence","Boot"],"acts_visited":["Exordium","TheCity","TheBeyond","TheEnding"],"potions_floor_usage":[7,11,11,11,13,13,13,16,16,16,16,18,18,18,18,20,21,24,24,24,24,24,24,24,27,27,27,27,33,33,33,33,33,33,35,35,36,36,36,39,40,40,40,42,42,42,42,50,50,50,50,54,54,54,54,55,55,55,55],"damage_taken":[{"damage":0,"enemies":"2 Louse","floor":1,"turns":4},{"damage":4,"enemies":"Small Slimes","floor":4,"turns":4},{"damage":5,"enemies":"Cultist","floor":5,"turns":4},{"damage":37,"enemies":"Lagavulin","floor":7,"turns":10},{"damage":7,"enemies":"Lots of Slimes","floor":8,"turns":7},{"damage":27,"enemies":"3 Sentries","floor":11,"turns":9},{"damage":0,"enemies":"Large Slime","floor":13,"turns":7},{"damage":0,"enemies":"The Guardian","floor":16,"turns":11},{"damage":0,"enemies":"2 Thieves","floor":18,"turns":2},{"damage":0,"enemies":"Shell Parasite","floor":19,"turns":5},{"damage":2,"enemies":"Cultist and Chosen","floor":20,"turns":6},{"damage":4,"enemies":"Shelled Parasite and Fungi","floor":21,"turns":4},{"damage":4,"enemies":"Gremlin Leader","floor":24,"turns":7},{"damage":24,"enemies":"Snake Plant","floor":27,"turns":3},{"damage":0,"enemies":"Book of Stabbing","floor":31,"turns":4},{"damage":0,"enemies":"Automaton","floor":33,"turns":7},{"damage":0,"enemies":"Orb Walker","floor":35,"turns":3},{"damage":14,"enemies":"3 Shapes","floor":36,"turns":4},{"damage":9,"enemies":"Writhing Mass","floor":39,"turns":7},{"damage":17,"enemies":"Nemesis","floor":40,"turns":9},{"damage":7,"enemies":"Reptomancer","floor":42,"turns":6},{"damage":0,"enemies":"Nemesis","floor":47,"turns":4},{"damage":0,"enemies":"Jaw Worm Horde","floor":48,"turns":3},{"damage":0,"enemies":"Donu and Deca","floor":50,"turns":8},{"damage":26,"enemies":"Shield and Spear","floor":54,"turns":6},{"damage":71,"enemies":"The Heart","floor":55,"turns":6}],"seed_played":"-7519603855558166256","potions_obtained":[{"floor":1,"key":"Weak Potion"},{"floor":5,"key":"Elixir"},{"floor":13,"key":"Doom Potion"},{"floor":16,"key":"Adrenaline Potion"},{"floor":20,"key":"Explosive Potion"},{"floor":21,"key":"Weak Potion"}],"is_trial":false,"path_per_floor":["M","?","?","M","M","R","E","M","T","R","E","?","M","?","R","B",null,"M","M","M","M","$","R","E","R","T","M","?","R","?","E","R","B",null,"M","M","T","$","M","E","R","E","T","?","R","$","E","M","R","B",null,"R","$","E","B",null],"character_chosen":"THE_CURSED","items_purchased":["TheCursedMod:ManaCirculation","Sling","Replay:WaspNest","TheCursedMod:LuckyCharm","hubris:Reverence","TheCursedMod:HellsGateOpen","Deep Breath"],"campfire_rested":5,"item_purchase_floors":[38,38,46,46,53,53,53],"current_hp_per_floor":[68,61,61,57,52,52,15,8,8,30,15,15,27,27,27,39,66,66,66,64,60,60,60,56,56,56,44,44,44,69,69,69,75,75,75,61,61,61,52,47,69,62,62,62,75,75,89,89,89,89,89,89,89,63,40],"gold":56,"neow_bonus":"RANDOM_COLORLESS","is_daily":false,"chose_seed":false,"campfire_upgraded":4,"win_rate":0.0,"timestamp":1614110612,"path_taken":["M","?","?","M","M","R","E","M","T","R","E","?","M","?","R","BOSS","M","M","M","?","?","R","E","R","T","M","?","R","?","E","R","BOSS","M","M","?","$","M","E","R","E","T","?","R","$","E","M","R","BOSS","R","$","E","BOSS"],"items_purchased_type":["Card","Relic","Relic","Card","Relic","Card","Card"],"build_version":"2020-12-22","purchased_purges":2,"victory":true,"max_hp_per_floor":[75,75,75,75,75,75,75,75,75,75,75,75,75,75,75,75,75,75,75,75,75,75,75,75,75,75,75,75,75,75,75,75,75,75,75,75,75,75,75,75,75,75,75,75,75,75,89,89,89,89,89,89,89,89,89],"card_choices":[{"not_picked":["Finesse","Good Instincts"],"picked":"Deep Breath","floor":0},{"not_picked":["TheCursedMod:SaltUponWound","TheCursedMod:RapidMovement"],"picked":"TheCursedMod:CursedShiv","floor":1},{"not_picked":["TheCursedMod:Stigma","TheCursedMod:CursedShiv"],"picked":"TheCursedMod:WearCloak","floor":4},{"not_picked":["TheCursedMod:Stretching","TheCursedMod:VitalStrike"],"picked":"TheCursedMod:RapidMovement","floor":5},{"not_picked":["TheCursedMod:Obscuration","TheCursedMod:EmpowerCircles"],"picked":"TheCursedMod:ForbiddenAlchemy","floor":7},{"not_picked":["TheCursedMod:StingEye","TheCursedMod:Stretching"],"picked":"TheCursedMod:TacticalStrike","floor":8},{"not_picked":["TheCursedMod:Evocation","TheCursedMod:SpitefulStrike"],"picked":"TheCursedMod:ReleasedKnowledge","floor":11},{"not_picked":["TheCursedMod:Torture","TheCursedMod:ReleasedStrength"],"picked":"TheCursedMod:SpitefulPlan","floor":13},{"not_picked":["TheCursedMod:ForbiddenAlchemy","TheCursedMod:AntiAging"],"picked":"TheCursedMod:DemonSword","floor":16},{"not_picked":["TheCursedMod:TroublousMinions","TheCursedMod:CircleOfFocus"],"picked":"TheCursedMod:CursedBoomerang","floor":18},{"not_picked":["TheCursedMod:ManaBullet+1","TheCursedMod:CursedBlade+1"],"picked":"TheCursedMod:FleshFromBone","floor":19},{"not_picked":["TheCursedMod:Evocation","TheCursedMod:Torture"],"picked":"TheCursedMod:DemonSword","floor":20},{"not_picked":["TheCursedMod:RapidMovement","TheCursedMod:CursedMace"],"picked":"TheCursedMod:CursedBoomerang","floor":21},{"not_picked":["TheCursedMod:HellfireBreathing","TheCursedMod:Neurasthenia"],"picked":"TheCursedMod:CursedSpellbook+1","floor":24},{"not_picked":["TheCursedMod:CircleOfCorruption","TheCursedMod:SoulCrush"],"picked":"TheCursedMod:LuckyCharm","floor":27},{"not_picked":["TheCursedMod:CursedAmulet","TheCursedMod:CursedBoomerang"],"picked":"TheCursedMod:StingEye","floor":31},{"not_picked":["TheCursedMod:CursedShiv","TheCursedMod:ReleasedKnowledge","TheCursedMod:TacticalStrike"],"picked":"SKIP","floor":35},{"not_picked":["TheCursedMod:SaltUponWound+1","TheCursedMod:Stretching"],"picked":"TheCursedMod:Torture+1","floor":36},{"not_picked":["TheCursedMod:Obscuration","TheCursedMod:ShockAndAwe"],"picked":"TheCursedMod:WearCloak","floor":39},{"not_picked":["TheCursedMod:ReleasedStrength","TheCursedMod:Grudge+1","TheCursedMod:SmokeScreen"],"picked":"SKIP","floor":40},{"not_picked":["TheCursedMod:SpitefulStrike+1","TheCursedMod:RavingStaff","TheCursedMod:TacticalStrike+1"],"picked":"SKIP","floor":42},{"not_picked":["TheCursedMod:ParallelWorld","TheCursedMod:Stretching"],"picked":"TheCursedMod:HellfireBreathing","floor":47},{"not_picked":["TheCursedMod:SpitefulStrike","TheCursedMod:StingEye","TheCursedMod:CursedShiv"],"picked":"SKIP","floor":48},{"not_picked":["TheCursedMod:FleshFromBone+1","TheCursedMod:NeowsMight"],"picked":"TheCursedMod:SoulReap","floor":54}],"player_experience":2477537,"relics_obtained":[{"floor":7,"key":"CeramicFish"},{"floor":9,"key":"Meat on the Bone"},{"floor":11,"key":"Mummified Hand"},{"floor":15,"key":"Matryoshka"},{"floor":24,"key":"Grinning Jar"},{"floor":26,"key":"Pantograph"},{"floor":26,"key":"Bronze Scales"},{"floor":31,"key":"Turnip"},{"floor":37,"key":"Gremlin Food"},{"floor":40,"key":"Simple Rune"},{"floor":42,"key":"TheCursedMod:CrystalBall"},{"floor":43,"key":"HornCleat"},{"floor":47,"key":"Mango"},{"floor":54,"key":"Boot"}],"event_choices":[{"cards_removed":["TheCursedMod:Strike_TheCursed"],"damage_healed":0,"gold_gain":0,"player_choice":"Card Removal","damage_taken":7,"max_hp_gain":0,"max_hp_loss":0,"event_name":"Golden Wing","floor":2,"gold_loss":0},{"damage_healed":0,"gold_gain":175,"player_choice":"AGREE","damage_taken":109,"max_hp_gain":0,"max_hp_loss":0,"event_name":"betterThird:BetterSerpent","floor":3,"gold_loss":0},{"damage_healed":0,"gold_gain":0,"cards_transformed":["TheCursedMod:Defend_TheCursed"],"player_choice":"Transformed","damage_taken":0,"max_hp_gain":0,"max_hp_loss":0,"event_name":"Transmorgrifier","floor":14,"gold_loss":0,"cards_obtained":["TheCursedMod:CursedAmulet"]},{"cards_removed":["TheCursedMod:Strike_TheCursed"],"damage_healed":0,"gold_gain":0,"player_choice":"Gave Gold","damage_taken":0,"max_hp_gain":0,"max_hp_loss":0,"event_name":"Beggar","floor":28,"gold_loss":75},{"damage_healed":25,"gold_gain":0,"player_choice":"Heal","damage_taken":0,"max_hp_gain":0,"max_hp_loss":0,"event_name":"The Library","floor":30,"gold_loss":0},{"damage_healed":0,"gold_gain":0,"player_choice":"Ignored","damage_taken":0,"max_hp_gain":0,"max_hp_loss":0,"event_name":"Tomb of Lord Red Mask","floor":44,"gold_loss":0}],"is_beta":false,"boss_relics":[{"not_picked":["Replay:Bronze Core","Empty Cage"],"picked":"TheCursedMod:OminousMark"},{"not_picked":["Sozu","hubris:TerracottaHorce"],"picked":"Fusion Hammer"}],"items_purged_floors":[22,38],"is_endless":false,"potions_floor_spawned":[1,5,13,16,20,21,24,31,40],"ascension_level":7}}