{"host":"a1eatafr7pisesky","time":1614056956,"event":{"mods":["AchievementEnabler","BaseMod","Colored Map","Keyboard Shortcuts","Minty Spire (QoL Compilation)","Say the Spire","StSLib","SuperFastMode","everything is the same but u backflip on backflip"],"gold_per_floor":[115,131,131,147,72,101,101,27,80,80,99,8,8,8],"floor_reached":13,"language":"KOR","playtime":291,"items_purged":["Strike_B","Strike_B"],"score":154,"play_id":"9e1d94ce-9f03-4f3f-8cd9-3ff5d8befd56","local_time":"20210223140916","is_ascension_mode":true,"campfire_choices":[{"data":"Dualcast","floor":7,"key":"SMITH"}],"circlet_count":0,"master_deck":["AscendersBane","Strike_B","Strike_B","Defend_B","Defend_B","Defend_B","Defend_B","Zap","Dualcast+1","Sweeping Beam","Coolheaded","Ball Lightning","Buffer","Capacitor","Turbo","Self Repair"],"relics":["Cracked Core","NeowsBlessing","Smiling Mask","Pen Nib"],"acts_visited":["Exordium"],"potions_floor_usage":[13,13],"damage_taken":[{"damage":0,"enemies":"Cultist","floor":1,"turns":1},{"damage":0,"enemies":"Small Slimes","floor":2,"turns":1},{"damage":0,"enemies":"Jaw Worm","floor":4,"turns":1},{"damage":38,"enemies":"3 Sentries","floor":6,"turns":7},{"damage":13,"enemies":"2 Fungi Beasts","floor":11,"turns":4},{"damage":19,"enemies":"Lagavulin","floor":13,"turns":5}],"seed_played":"907433469063440113","potions_obtained":[{"floor":2,"key":"Ancient Potion"},{"floor":11,"key":"FocusPotion"}],"is_trial":false,"path_per_floor":["M","M","?","M","$","E","R","$","T","?","M","$","E"],"character_chosen":"DEFECT","items_purchased":["Capacitor","Self Repair"],"campfire_rested":0,"item_purchase_floors":[8,12],"current_hp_per_floor":[64,64,69,69,69,31,31,31,31,31,18,18,0,0],"gold":8,"neow_bonus":"THREE_ENEMY_KILL","is_daily":false,"chose_seed":false,"campfire_upgraded":1,"win_rate":0.0,"timestamp":1614056956,"path_taken":["M","?","?","M","?","E","R","$","T","?","M","$","E"],"items_purchased_type":["Card","Card"],"build_version":"2020-12-22","purchased_purges":2,"victory":false,"max_hp_per_floor":[71,71,76,76,76,76,76,76,76,76,76,76,76,76],"card_choices":[{"not_picked":["Stack","Go for the Eyes"],"picked":"Sweeping Beam","floor":1},{"not_picked":["Gash","Chill"],"picked":"Coolheaded","floor":2},{"not_picked":["Go for the Eyes","Leap"],"picked":"Ball Lightning","floor":4},{"not_picked":["Reinforced Body","Glacier"],"picked":"Buffer","floor":6},{"not_picked":["Rip and Tear","Rebound"],"picked":"Turbo","floor":11}],"player_experience":488181,"relics_obtained":[{"floor":6,"key":"Smiling Mask"},{"floor":9,"key":"Pen Nib"}],"event_choices":[{"damage_healed":0,"gold_gain":0,"player_choice":"Donut","damage_taken":0,"max_hp_gain":5,"max_hp_loss":0,"event_name":"Big Fish","floor":3,"gold_loss":0},{"damage_healed":0,"gold_gain":0,"player_choice":"Ignored","damage_taken":0,"max_hp_gain":0,"max_hp_loss":0,"event_name":"Shining Light","floor":10,"gold_loss":0}],"is_beta":false,"boss_relics":[],"items_purged_floors":[5,12],"is_endless":false,"potions_floor_spawned":[2,11],"killed_by":"Lagavulin","ascension_level":17}}