{"host":"birdoosa9v9yfc1w","time":1614069306,"event":{"mods":["2.2 Compatiblity","BaseMod","Bossed Relics","Colored Map","Colored Powertips","Dark Map","Halation","Highlight Path","Minty Spire (QoL Compilation)","Rare Cards Sparkle","Relic Filter","SacredBarkPlus","StSLib","The Jungle","Thrall Mod"],"gold_per_floor":[109,109,109,120,120,140,140,150,150,183,203,203,229,229,229,331,331,342,342,252,265,284,284,309,309,309,309,309,343,357,368,368,463,463,482,103,103,25,25,25,75,87,87,87,98,152,187,0,0,0,0],"floor_reached":50,"language":"ENG","playtime":1945,"items_purged":["Forkedlightning"],"score":956,"play_id":"775b8642-4954-43ae-acae-90a752cf5113","local_time":"20210223033506","is_ascension_mode":true,"campfire_choices":[{"floor":12,"key":"REST"},{"floor":15,"key":"REST"},{"floor":23,"key":"REST"},{"data":"Alakir","floor":25,"key":"SMITH"},{"data":"Flametonguetotem","floor":32,"key":"SMITH"},{"data":"Doomhammer","floor":40,"key":"SMITH"},{"floor":44,"key":"RECALL"},{"floor":49,"key":"REST"}],"circlet_count":0,"master_deck":["AscendersBane","Strike_Thrall+1","Strike_Thrall+1","Strike_Thrall+1","Strike_Thrall+1","Strike_Thrall+1","Defend_Thrall+1","Defend_Thrall+1","Defend_Thrall+1","Defend_Thrall+1","Defend_Thrall+1","Lightningbolt+1","Thecoin+1","Frostshock","Airelemental","Beakeredlightning+1","Lavaburst","Hex+1","Menacingnimbus","Elementaldestruction","Airelemental","Witchsapprentice","Alakir+1","Thingfrombelow","Flametonguetotem+1","Dustdevil","Tunneltrogg","Manatidetotem","Maelstromportal","Manatidetotem","Impatience","Bandage Up","Bandage Up","Doomhammer+1","Writhe","Frostshock","Earthshock","Rumblingelemental"],"relics":["Totem","Juzu Bracelet","Regal Pillow","halation:LostSnail","Question Card","Happy Flower","Philosopher\u0027s Stone","Pen Nib","Bronze Scales","Bird Faced Urn","halation:IncompleteEncyclopedia","Lee\u0027s Waffle","Turnip","halation:BlackBeret","Whetstone","Red Mask"],"acts_visited":["Exordium","TheCity","TheBeyond"],"potions_floor_usage":[4,13,21,24,33,33,35,50],"damage_taken":[{"damage":3,"enemies":"Small Slimes","floor":1,"turns":4},{"damage":5,"enemies":"2 Louse","floor":4,"turns":2},{"damage":0,"enemies":"Cultist","floor":6,"turns":3},{"damage":16,"enemies":"Large Slime","floor":8,"turns":5},{"damage":19,"enemies":"Gremlin Nob","floor":10,"turns":4},{"damage":4,"enemies":"Blue Slaver","floor":11,"turns":3},{"damage":8,"enemies":"3 Sentries","floor":13,"turns":5},{"damage":23,"enemies":"The Guardian","floor":16,"turns":10},{"damage":9,"enemies":"2 Thieves","floor":18,"turns":3},{"damage":7,"enemies":"3 Byrds","floor":21,"turns":3},{"damage":14,"enemies":"Snecko","floor":22,"turns":3},{"damage":35,"enemies":"Book of Stabbing","floor":24,"turns":4},{"damage":0,"enemies":"Slavers","floor":29,"turns":1},{"damage":3,"enemies":"Centurion and Healer","floor":30,"turns":7},{"damage":20,"enemies":"Snake Plant","floor":31,"turns":3},{"damage":61,"enemies":"Collector","floor":33,"turns":7},{"damage":34,"enemies":"3 Darklings","floor":35,"turns":4},{"damage":0,"enemies":"Mind Bloom Boss Battle","floor":41,"turns":4},{"damage":20,"enemies":"3 Shapes","floor":42,"turns":4},{"damage":0,"enemies":"Jaw Worm Horde","floor":45,"turns":1},{"damage":48,"enemies":"2 Orb Walkers","floor":46,"turns":5},{"damage":51,"enemies":"Nemesis","floor":47,"turns":5},{"damage":76,"enemies":"Awakened One","floor":50,"turns":3}],"seed_played":"-3691501794328487256","potions_obtained":[{"floor":4,"key":"Fruit Juice"},{"floor":10,"key":"SneckoOil"},{"floor":11,"key":"EssenceOfSteel"},{"floor":13,"key":"EntropicBrew"},{"floor":22,"key":"Regen Potion"},{"floor":24,"key":"GamblersBrew"},{"floor":31,"key":"PowerPotion"},{"floor":35,"key":"BlessingOfTheForge"}],"is_trial":false,"path_per_floor":["M","?","?","M","?","M","?","M","T","E","M","R","E","?","R","B",null,"M","?","?","M","M","R","E","R","T","?","?","E","M","M","R","B",null,"M","$","?","$","?","R","?","M","T","R","M","?","E","?","R","B"],"character_chosen":"THRALL","items_purchased":["Lee\u0027s Waffle","Maelstromportal","Manatidetotem","Doomhammer"],"campfire_rested":4,"item_purchase_floors":[36,36,36,38],"current_hp_per_floor":[62,62,44,44,44,46,51,37,37,18,14,53,47,31,70,47,72,63,63,63,56,44,80,54,54,54,80,80,80,77,59,59,6,62,30,87,77,77,87,87,87,75,75,75,75,45,12,12,53,0,0],"gold":0,"neow_bonus":"RANDOM_COMMON_RELIC","is_daily":false,"chose_seed":false,"campfire_upgraded":3,"win_rate":0.0,"timestamp":1614069306,"path_taken":["M","?","?","M","?","M","?","M","T","E","M","R","E","?","R","BOSS","M","?","?","M","M","R","E","R","T","?","?","E","M","M","R","BOSS","M","$","?","$","?","R","?","M","T","R","M","?","E","?","R","BOSS"],"items_purchased_type":["Relic","Card","Card","Card"],"build_version":"2020-12-22","purchased_purges":1,"victory":false,"max_hp_per_floor":[70,70,70,75,75,75,80,80,80,80,80,80,80,80,80,80,80,80,80,80,80,80,80,80,80,80,80,80,80,80,80,80,80,80,80,87,87,87,87,87,87,87,87,87,87,87,87,87,87,87,87],"card_choices":[{"not_picked":["Elementaryreaction","Jadelightning"],"picked":"Frostshock","floor":1},{"not_picked":["Zap","Healingrain"],"picked":"Airelemental","floor":4},{"not_picked":["Rockbiter","Fireelemental"],"picked":"Beakeredlightning","floor":6},{"not_picked":["Fireelemental","Jinyu"],"picked":"Lavaburst","floor":8},{"not_picked":["Forkedlightning","Spiritofthefrog"],"picked":"Hex","floor":10},{"not_picked":["Healingwave","Lightningstorm","Jadelightning"],"picked":"Menacingnimbus","floor":11},{"not_picked":["Lightningstorm","Jadelightning","Fireelemental"],"picked":"Forkedlightning","floor":13},{"not_picked":["Thralldeathseer","Tunneltrogg","Eternalsentinel"],"picked":"Elementaldestruction","floor":16},{"not_picked":["Blazing","Lightningbolt","Zap"],"picked":"Airelemental","floor":18},{"not_picked":["Blazing","Tidalsurge+1","Murksparkeel+1"],"picked":"Witchsapprentice","floor":21},{"not_picked":["Jadecheiftain","Rockbiter+1","Tidalsurge","Fireelemental"],"picked":"SKIP","floor":22},{"not_picked":["Evolve","Jadecheiftain","Blazing+1"],"picked":"Alakir","floor":24},{"not_picked":["Elementaryreaction","Jadelightning","Fireelemental"],"picked":"Thingfrombelow","floor":29},{"not_picked":["Beakeredlightning+1","Airelemental","Likkim"],"picked":"Flametonguetotem","floor":30},{"not_picked":["Hex","Snowfurygiant","Spiritofthefrog"],"picked":"Dustdevil","floor":31},{"not_picked":["Alakir","Lavaburst","Elementaldestruction"],"picked":"Tunneltrogg","floor":33},{"not_picked":["Zap","Dunemaul+1","Devolve"],"picked":"Manatidetotem","floor":35},{"not_picked":["Enlightenment","Discovery","Good Instincts"],"picked":"Impatience","floor":37},{"not_picked":["Enlightenment","Sadistic Nature","The Bomb"],"picked":"Bandage Up","floor":37},{"not_picked":["Chrysalis","Good Instincts","Jack Of All Trades"],"picked":"Bandage Up","floor":37},{"not_picked":["Jinyu","Forkedlightning","Reincarnate"],"picked":"Frostshock","floor":41},{"not_picked":["Witchsapprentice","Devolve","Flametonguetotem","Zap+1"],"picked":"SKIP","floor":42},{"not_picked":["Witchsapprentice","Devolve","Flametonguetotem","Zap+1"],"picked":"SKIP","floor":42},{"not_picked":["Zap","Murksparkeel","Dustdevil"],"picked":"Earthshock","floor":45},{"not_picked":["Eureka","Forkedlightning","Jadecheiftain+1"],"picked":"Rumblingelemental","floor":46},{"not_picked":["Flametonguetotem","Beakeredlightning+1","Unstable","Reincarnate"],"picked":"SKIP","floor":47}],"player_experience":659492,"relics_obtained":[{"floor":9,"key":"halation:LostSnail"},{"floor":10,"key":"Question Card"},{"floor":13,"key":"Happy Flower"},{"floor":24,"key":"Pen Nib"},{"floor":26,"key":"Bronze Scales"},{"floor":29,"key":"Bird Faced Urn"},{"floor":41,"key":"Turnip"},{"floor":46,"key":"halation:BlackBeret"},{"floor":47,"key":"Whetstone"}],"event_choices":[{"damage_healed":0,"gold_gain":0,"player_choice":"Success","damage_taken":18,"relics_obtained":["Regal Pillow"],"max_hp_gain":0,"max_hp_loss":0,"event_name":"Scrap Ooze","floor":3,"gold_loss":0},{"damage_healed":0,"gold_gain":0,"player_choice":"Cursed","damage_taken":0,"max_hp_gain":0,"max_hp_loss":0,"event_name":"Wheel of Change","floor":5,"gold_loss":0,"cards_obtained":["Decay"]},{"damage_healed":0,"gold_gain":0,"player_choice":"Donut","damage_taken":0,"max_hp_gain":5,"max_hp_loss":0,"event_name":"Big Fish","floor":7,"gold_loss":0},{"damage_healed":0,"gold_gain":0,"player_choice":"Entered Light","damage_taken":16,"max_hp_gain":0,"max_hp_loss":0,"event_name":"Shining Light","floor":14,"gold_loss":0,"cards_upgraded":["Hex","Strike_Thrall"]},{"damage_healed":0,"gold_gain":0,"player_choice":"Ignored","damage_taken":0,"max_hp_gain":0,"max_hp_loss":0,"event_name":"Ghosts","floor":19,"gold_loss":0},{"cards_removed":["Decay"],"damage_healed":0,"gold_gain":0,"player_choice":"Upgrade and Remove","damage_taken":0,"max_hp_gain":0,"max_hp_loss":0,"event_name":"Designer","floor":20,"gold_loss":90,"cards_upgraded":["Thecoin"]},{"damage_healed":26,"gold_gain":0,"player_choice":"Heal","damage_taken":0,"max_hp_gain":0,"max_hp_loss":0,"event_name":"The Library","floor":27,"gold_loss":0},{"damage_healed":0,"gold_gain":0,"player_choice":"Simplicity","damage_taken":0,"max_hp_gain":0,"max_hp_loss":0,"event_name":"Back to Basics","floor":28,"gold_loss":0,"cards_upgraded":["Strike_Thrall","Strike_Thrall","Strike_Thrall","Strike_Thrall","Defend_Thrall","Defend_Thrall","Defend_Thrall","Defend_Thrall","Defend_Thrall"]},{"damage_healed":0,"gold_gain":0,"player_choice":"Memory 3","damage_taken":10,"max_hp_gain":0,"max_hp_loss":0,"event_name":"SensoryStone","floor":37,"gold_loss":0},{"damage_healed":22,"gold_gain":0,"player_choice":"Writhe","damage_taken":0,"max_hp_gain":0,"max_hp_loss":0,"event_name":"Winding Halls","floor":39,"gold_loss":0,"cards_obtained":["Writhe"]},{"damage_healed":0,"gold_gain":0,"player_choice":"Fight","damage_taken":0,"max_hp_gain":0,"max_hp_loss":0,"event_name":"MindBloom","floor":41,"gold_loss":0},{"damage_healed":0,"gold_gain":0,"player_choice":"Fight","damage_taken":0,"max_hp_gain":0,"max_hp_loss":0,"event_name":"Mysterious Sphere","floor":46,"gold_loss":0},{"damage_healed":0,"gold_gain":0,"player_choice":"Paid","damage_taken":0,"relics_obtained":["Red Mask"],"max_hp_gain":0,"max_hp_loss":0,"event_name":"Tomb of Lord Red Mask","floor":48,"gold_loss":187}],"is_beta":false,"boss_relics":[{"not_picked":["Ectoplasm","halation:ForbiddenBikini"],"picked":"Philosopher\u0027s Stone"},{"not_picked":["Coffee Dripper","Calling Bell"],"picked":"halation:IncompleteEncyclopedia"}],"items_purged_floors":[36],"is_endless":false,"potions_floor_spawned":[4,10,11,13,22,24,29,30,31,35,45],"killed_by":"Awakened One","ascension_level":12}}