{"host":"x4954lblgztusody","time":1614046123,"event":{"mods":["BaseMod","Colored Map","Curses Come First","Minty Spire (QoL Compilation)","Rare Cards Sparkle","StSLib"],"gold_per_floor":[116,135,210,210,3,31,31,62,87,101,101,126,141,60,60,161,161,173,191,171,56,74,103,3,14,14,14,25,41,60,71,71,168,168,187,203,203,216,226,226,252,268,340,391,391,391,43,59,59,59,59],"floor_reached":50,"language":"ENG","playtime":4505,"items_purged":["Strike_B","Defend_B","Strike_B"],"score":568,"play_id":"b5bfcd33-c2a3-44ab-b65b-be94aa1bc6ae","local_time":"20210222180843","is_ascension_mode":true,"campfire_choices":[{"data":"Zap","floor":7,"key":"SMITH"},{"data":"Barrage","floor":11,"key":"SMITH"},{"data":"Buffer","floor":15,"key":"SMITH"},{"data":"Loop","floor":27,"key":"SMITH"},{"data":"Fission","floor":32,"key":"SMITH"},{"data":"Creative AI","floor":40,"key":"SMITH"},{"floor":49,"key":"RECALL"}],"circlet_count":0,"master_deck":["Strike_B","Defend_B+1","Defend_B","Zap+1","Dualcast","Conserve Battery+1","Creative AI+1","Barrage+1","Buffer+1","Sweeping Beam","Doom and Gloom","Biased Cognition","Capacitor","Capacitor","Loop+1","BootSequence","Ball Lightning","Conserve Battery+1","Fission+1","Compile Driver+1","Barrage+1","Echo Form","Storm+1","Static Discharge+1","Defragment"],"relics":["Cracked Core","Meat on the Bone","Bag of Preparation","Lantern","Omamori","War Paint","Bag of Marbles","Calling Bell","Vajra","Sundial","Unceasing Top","Orichalcum","Dream Catcher","Nuclear Battery","Molten Egg 2","Torii","Bronze Scales"],"acts_visited":["Exordium","TheCity","TheBeyond"],"potions_floor_usage":[6,22,33,42,50,50,50],"damage_taken":[{"damage":0,"enemies":"Small Slimes","floor":1,"turns":5},{"damage":0,"enemies":"Jaw Worm","floor":2,"turns":4},{"damage":7,"enemies":"Gremlin Nob","floor":6,"turns":4},{"damage":2,"enemies":"Lagavulin","floor":8,"turns":9},{"damage":0,"enemies":"2 Louse","floor":10,"turns":2},{"damage":2,"enemies":"3 Sentries","floor":12,"turns":7},{"damage":8,"enemies":"Lots of Slimes","floor":13,"turns":3},{"damage":7,"enemies":"Slime Boss","floor":16,"turns":9},{"damage":15,"enemies":"2 Thieves","floor":18,"turns":3},{"damage":0,"enemies":"3 Byrds","floor":19,"turns":3},{"damage":4,"enemies":"Snake Plant","floor":22,"turns":5},{"damage":26,"enemies":"Book of Stabbing","floor":23,"turns":5},{"damage":0,"enemies":"Snecko","floor":25,"turns":4},{"damage":11,"enemies":"3 Cultists","floor":28,"turns":5},{"damage":13,"enemies":"Snake Plant","floor":29,"turns":6},{"damage":12,"enemies":"Sentry and Sphere","floor":30,"turns":4},{"damage":2,"enemies":"3 Cultists","floor":31,"turns":3},{"damage":30,"enemies":"Collector","floor":33,"turns":9},{"damage":0,"enemies":"3 Darklings","floor":35,"turns":3},{"damage":0,"enemies":"Orb Walker","floor":36,"turns":2},{"damage":9,"enemies":"3 Darklings","floor":38,"turns":3},{"damage":10,"enemies":"Sphere and 2 Shapes","floor":39,"turns":3},{"damage":0,"enemies":"Nemesis","floor":41,"turns":5},{"damage":0,"enemies":"Writhing Mass","floor":42,"turns":4},{"damage":20,"enemies":"2 Orb Walkers","floor":44,"turns":3},{"damage":3,"enemies":"4 Shapes","floor":48,"turns":3},{"damage":50,"enemies":"Awakened One","floor":50,"turns":3}],"seed_played":"860153817206095701","potions_obtained":[{"floor":1,"key":"Fire Potion"},{"floor":10,"key":"SpeedPotion"},{"floor":13,"key":"SpeedPotion"},{"floor":16,"key":"PotionOfCapacity"},{"floor":20,"key":"Dexterity Potion"},{"floor":22,"key":"PotionOfCapacity"},{"floor":23,"key":"LiquidBronze"},{"floor":29,"key":"LiquidBronze"},{"floor":36,"key":"Strength Potion"},{"floor":41,"key":"DistilledChaos"},{"floor":44,"key":"FocusPotion"},{"floor":48,"key":"SneckoOil"}],"is_trial":false,"path_per_floor":["M","M","?","T","$","E","R","E","T","M","R","E","M","$","R","B",null,"M","M","?","$","M","E","$","M","T","R","M","M","M","M","R","B",null,"M","M","?","M","M","R","E","M","T","?","?","?","$","M","R","B"],"character_chosen":"DEFECT","items_purchased":["Bag of Preparation","Weak Potion","Doom and Gloom","Loop","Defragment","Bronze Scales"],"campfire_rested":0,"item_purchase_floors":[5,5,14,21,47,47],"current_hp_per_floor":[68,68,57,57,57,50,50,48,48,48,48,46,38,38,38,43,68,53,53,53,53,49,35,35,35,35,35,36,35,35,45,45,27,68,68,68,68,59,49,49,49,49,49,41,41,41,41,38,38,0,0],"gold":59,"neow_bonus":"REMOVE_TWO","is_daily":false,"chose_seed":false,"campfire_upgraded":6,"win_rate":0.0,"timestamp":1614046123,"path_taken":["M","M","?","?","?","E","R","E","T","M","R","E","M","$","R","BOSS","M","M","?","$","M","E","$","?","T","R","?","M","M","M","R","BOSS","M","M","?","M","M","R","E","M","T","?","?","?","$","M","R","BOSS"],"items_purchased_type":["Relic","Potion","Card","Card","Card","Relic"],"build_version":"2020-12-22","purchased_purges":3,"victory":false,"max_hp_per_floor":[68,68,68,68,68,68,68,68,68,68,68,68,68,68,68,68,68,68,68,68,68,68,68,68,68,68,68,68,68,68,68,68,68,68,68,68,68,68,68,68,68,68,68,68,68,65,65,65,65,65,65],"card_choices":[{"not_picked":["Gash","Steam"],"picked":"Cold Snap","floor":1},{"not_picked":["Compile Driver","Stack"],"picked":"Conserve Battery","floor":2},{"not_picked":["Thunder Strike","Cold Snap"],"picked":"Creative AI","floor":6},{"not_picked":["Steam Power","Streamline","Stack"],"picked":"SKIP","floor":8},{"not_picked":["FTL","Coolheaded"],"picked":"Barrage","floor":10},{"not_picked":["Chill","Redo"],"picked":"Buffer","floor":12},{"not_picked":["BootSequence","Auto Shields"],"picked":"Sweeping Beam","floor":13},{"not_picked":["All For One","Seek"],"picked":"Biased Cognition","floor":16},{"not_picked":["Steam","Hello World"],"picked":"Capacitor","floor":18},{"not_picked":["Coolheaded","Compile Driver"],"picked":"Capacitor","floor":19},{"not_picked":["Fusion","Skim"],"picked":"BootSequence","floor":22},{"not_picked":["Stack+1","Sweeping Beam"],"picked":"Ball Lightning","floor":23},{"not_picked":["All For One","Compile Driver"],"picked":"Conserve Battery+1","floor":25},{"not_picked":["Coolheaded","Barrage","Cold Snap"],"picked":"SKIP","floor":28},{"not_picked":["Gash","Doom and Gloom"],"picked":"Fission","floor":29},{"not_picked":["Tempest","Ball Lightning"],"picked":"Compile Driver+1","floor":30},{"not_picked":["Leap+1","Go for the Eyes"],"picked":"Barrage+1","floor":31},{"not_picked":["All For One","Rainbow"],"picked":"Echo Form","floor":33},{"not_picked":["FTL","Hologram+1"],"picked":"Storm+1","floor":35},{"not_picked":["Redo","Ball Lightning","Rip and Tear+1"],"picked":"SKIP","floor":36},{"not_picked":["White Noise+1","Conserve Battery+1","Redo"],"picked":"SKIP","floor":38},{"not_picked":["Chaos+1","Melter+1","Blizzard+1"],"picked":"SKIP","floor":39},{"not_picked":["Fusion","Rainbow","Auto Shields+1"],"picked":"SKIP","floor":41},{"not_picked":["Skim","Ball Lightning+1","Doom and Gloom+1"],"picked":"SKIP","floor":42},{"not_picked":["Barrage+1","Beam Cell+1"],"picked":"Static Discharge+1","floor":44},{"not_picked":["Auto Shields","Machine Learning","Rip and Tear+1"],"picked":"SKIP","floor":48}],"player_experience":28680,"relics_obtained":[{"floor":4,"key":"Meat on the Bone"},{"floor":6,"key":"Lantern"},{"floor":8,"key":"Omamori"},{"floor":9,"key":"War Paint"},{"floor":12,"key":"Bag of Marbles"},{"floor":17,"key":"Vajra"},{"floor":17,"key":"Sundial"},{"floor":17,"key":"Unceasing Top"},{"floor":23,"key":"Orichalcum"},{"floor":26,"key":"Dream Catcher"},{"floor":41,"key":"Molten Egg 2"},{"floor":44,"key":"Torii"}],"event_choices":[{"damage_healed":0,"gold_gain":75,"player_choice":"Gather Gold","damage_taken":11,"max_hp_gain":0,"max_hp_loss":0,"event_name":"World of Goop","floor":3,"gold_loss":0},{"damage_healed":0,"gold_gain":0,"player_choice":"Bought 1 Potion","damage_taken":0,"max_hp_gain":0,"max_hp_loss":0,"event_name":"The Woman in Blue","floor":20,"gold_loss":0},{"damage_healed":0,"gold_gain":0,"player_choice":"Ignored","damage_taken":0,"max_hp_gain":0,"max_hp_loss":0,"event_name":"Tomb of Lord Red Mask","floor":37,"gold_loss":0},{"damage_healed":0,"gold_gain":0,"player_choice":"Fight","damage_taken":0,"max_hp_gain":0,"max_hp_loss":0,"event_name":"Mysterious Sphere","floor":44,"gold_loss":0},{"cards_removed":["Cold Snap"],"damage_healed":0,"gold_gain":0,"player_choice":"Removed Attack","damage_taken":0,"max_hp_gain":0,"max_hp_loss":0,"event_name":"Falling","floor":45,"gold_loss":0},{"damage_healed":0,"gold_gain":0,"player_choice":"Max HP","damage_taken":0,"max_hp_gain":0,"max_hp_loss":3,"event_name":"Winding Halls","floor":46,"gold_loss":0}],"is_beta":false,"boss_relics":[{"not_picked":["Fusion Hammer","Ectoplasm"],"picked":"Calling Bell"},{"not_picked":["Sozu","Philosopher\u0027s Stone"],"picked":"Nuclear Battery"}],"items_purged_floors":[21,24,47],"is_endless":false,"potions_floor_spawned":[1,10,13,16,18,22,23,29,30,36,39,41,44,48],"killed_by":"Awakened One","ascension_level":1}}