{"host":"en4narc5947t7k9n","time":1614092393,"event":{"mods":["AchievementEnabler","BaseMod","Colored Map","Minty Spire (QoL Compilation)","SuperFastMode"],"gold_per_floor":[111,129,129,54,54,98,98,98,98,113,113,113,113],"floor_reached":12,"language":"KOR","playtime":462,"items_purged":["Strike_B"],"score":76,"play_id":"2d43f2f6-0166-4310-897a-320eaa4f3cbd","local_time":"20210223235953","is_ascension_mode":false,"campfire_choices":[{"data":"Loop","floor":7,"key":"SMITH"},{"data":"Sunder","floor":11,"key":"SMITH"}],"circlet_count":0,"master_deck":["Strike_B","Strike_B","Strike_B","Defend_B","Defend_B","Defend_B","Defend_B","Zap","Dualcast","Streamline","Loop+1","Genetic Algorithm+1","Reprogram","Sunder+1"],"relics":["Cracked Core","Golden Idol","Ice Cream"],"acts_visited":["Exordium"],"potions_floor_usage":[12],"damage_taken":[{"damage":6,"enemies":"Jaw Worm","floor":1,"turns":3},{"damage":0,"enemies":"2 Louse","floor":2,"turns":2},{"damage":19,"enemies":"Lagavulin","floor":6,"turns":6},{"damage":17,"enemies":"Cultist","floor":10,"turns":6},{"damage":16,"enemies":"3 Sentries","floor":12,"turns":4}],"seed_played":"280754246805591415","potions_obtained":[{"floor":10,"key":"DuplicationPotion"}],"is_trial":false,"path_per_floor":["M","M","?","$","?","E","R","$","T","M","R","E"],"character_chosen":"DEFECT","items_purchased":[],"campfire_rested":0,"item_purchase_floors":[],"current_hp_per_floor":[69,69,51,51,51,32,32,32,32,15,15,0,0],"gold":113,"neow_bonus":"THREE_CARDS","is_daily":false,"chose_seed":false,"campfire_upgraded":2,"win_rate":0.0,"timestamp":1614092393,"path_taken":["M","M","?","$","?","E","R","?","T","M","R","E"],"items_purchased_type":[],"build_version":"2020-12-22","purchased_purges":1,"victory":false,"max_hp_per_floor":[75,75,75,75,75,75,75,75,75,75,75,75,75],"card_choices":[{"not_picked":["Doom and Gloom","Skim"],"picked":"Streamline","floor":0},{"not_picked":["Rebound","Hologram"],"picked":"Loop","floor":1},{"not_picked":["Streamline","Sweeping Beam"],"picked":"Genetic Algorithm","floor":2},{"not_picked":["Go for the Eyes","Compile Driver"],"picked":"Reprogram","floor":6},{"not_picked":["Barrage","Recycle"],"picked":"Sunder","floor":10}],"player_experience":184621,"relics_obtained":[{"floor":6,"key":"Ice Cream"}],"event_choices":[{"damage_healed":0,"gold_gain":0,"player_choice":"Take Damage","damage_taken":18,"relics_obtained":["Golden Idol"],"max_hp_gain":0,"max_hp_loss":0,"event_name":"Golden Idol","floor":3,"gold_loss":0},{"damage_healed":0,"gold_gain":0,"player_choice":"Grow","damage_taken":0,"max_hp_gain":0,"max_hp_loss":0,"event_name":"Living Wall","floor":5,"gold_loss":0,"cards_upgraded":["Genetic Algorithm"]}],"is_beta":false,"boss_relics":[],"items_purged_floors":[4],"is_endless":false,"potions_floor_spawned":[10],"killed_by":"3 Sentries","ascension_level":0}}