{"host":"ln2g4yzjgztvghi1","time":1614079144,"event":{"mods":["Abigail Mod","Act Like it!","Aspiration","BaseMod","Beaked The Cultist","Better Altar","Better Note","Better Silent Start","Better Skull","Better Third Choice","Better Vampires","Block Reminder","Chen","Colored Map","Colored Powertips","Conspire","DeckTracker","Disable Question Mark Monsters","Downfall","Gensokyo","GifTheSpireLib","GungeonMod","Halation","Hermit","Hubris","Koishi","Marisa????????","Minty Spire (QoL Compilation)","Permanent Neow","Rare Cards Sparkle","Remilia??????","Replay The Spire","Shop Mod","StSLib","Stuff the Spire","Swap Starting Deck Mod","The Cursed","The Disciple","The Forsaken","The Judge","The Necromancer","The Servant 0.9.4"],"gold_per_floor":[109,128,146,166,183,183,183,183,197,197,224,224,224,284,298,226,226,329,329,339,355,373,128,145,156,170,56,79,99,110,121,135,135,211,313,313,332,332,332],"floor_reached":38,"language":"ENG","playtime":1458,"items_purged":[],"score":601,"play_id":"606f7093-d9c9-4812-8dee-a575c834b662","local_time":"20210223121903","daily_mods":["Vintage"],"is_ascension_mode":false,"campfire_choices":[{"data":"Bash","floor":6.0,"key":"SMITH"},{"data":"Strike_R","floor":10.0,"key":"SMITH"},{"data":"Defend_R","floor":12.0,"key":"SMITH"},{"data":"Seeing Red","floor":17.0,"key":"SMITH"}],"circlet_count":0,"master_deck":["Strike_R","Strike_R","Strike_R","Strike_R+1","Defend_R+1","Defend_R","Defend_R","Defend_R+1","Bash+1","Twin Strike","Seeing Red+1","Bludgeon","Flex","Heavy Blade","Limit Break"],"relics":["Burning Blood","DemoMod:OrangeGuonStone","Nunchaku","ReplayFunnel","StuffTheSpire:Rhapsscallions","theForsaken:Lifeblossom","StuffTheSpire:HeavyRock","Shuriken","hubris:TenFootPole","ReplayTheSpireMod:Spearhead","Thread and Needle","Pen Nib","Red Skull","hexamod:BolsterEngine","MerchantsRug","aspiration:Nostalgia","theForsaken:JudgementScales","Oddly Smooth Stone","DemoMod:MeltedRock","Akabeko","Replay:Bottled Snecko","StuffTheSpire:Barrel","DemoMod:GlassGuonStoneRelic","SlaversCollar","Replay:Accelerometer"],"acts_visited":["Exordium","TheCity","TheBeyond"],"potions_floor_usage":[],"damage_taken":[{"damage":12.0,"enemies":"Jaw Worm","floor":1.0,"turns":6.0},{"damage":8.0,"enemies":"Small Slimes","floor":2.0,"turns":3.0},{"damage":0.0,"enemies":"conspire:RoseBush","floor":3.0,"turns":3.0},{"damage":0.0,"enemies":"conspire:2 RoseBushes","floor":4.0,"turns":5.0},{"damage":1.0,"enemies":"Looter","floor":5.0,"turns":3.0},{"damage":2.0,"enemies":"2 Fungi Beasts","floor":9.0,"turns":4.0},{"damage":2.0,"enemies":"3 Louse","floor":15.0,"turns":3.0},{"damage":39.0,"enemies":"Fading Forest","floor":18.0,"turns":11.0},{"damage":14.0,"enemies":"2 Thieves","floor":20.0,"turns":3.0},{"damage":9.0,"enemies":"Shell Parasite","floor":21.0,"turns":2.0},{"damage":0.0,"enemies":"Centurion and Healer","floor":22.0,"turns":4.0},{"damage":0.0,"enemies":"Snecko","floor":24.0,"turns":3.0},{"damage":0.0,"enemies":"Chosen and Byrds","floor":25.0,"turns":4.0},{"damage":12.0,"enemies":"3 Cultists","floor":26.0,"turns":5.0},{"damage":10.0,"enemies":"Snecko","floor":29.0,"turns":4.0},{"damage":10.0,"enemies":"Snake Plant","floor":30.0,"turns":3.0},{"damage":7.0,"enemies":"Chosen and Byrds","floor":31.0,"turns":6.0},{"damage":9.0,"enemies":"Snecko","floor":32.0,"turns":3.0},{"damage":42,"enemies":"conspire:MysteriousRune","floor":35,"turns":10},{"damage":5,"enemies":"3 Shapes","floor":37,"turns":3},{"damage":0,"enemies":"3 Darklings","floor":38,"turns":2}],"seed_played":"-2234694310175012796","potions_obtained":[{"floor":3.0,"key":"Toxic Potion"},{"floor":4.0,"key":"LiquidMemories"},{"floor":9.0,"key":"LiquidMemories"},{"floor":20.0,"key":"Reflective Coating"},{"floor":24.0,"key":"Adrenaline Potion"},{"floor":25.0,"key":"SteroidPotion"},{"floor":30.0,"key":"Energy Potion"}],"is_trial":true,"path_per_floor":["M","M","M","M","M","R","PTL","PTL","M","R","T","R","?","?","M","$","R","B",null,"M","M","M","$","M","M","M","$","T","M","M","M","M","?","R_BF","B",null,"M","M"],"character_chosen":"IRONCLAD","items_purchased":["Seeing Red","Flex","Red Skull","Heavy Blade","MerchantsRug","aspiration:Nostalgia"],"campfire_rested":0,"item_purchase_floors":[16,23,23,23,27,27],"current_hp_per_floor":[74,72,78,86,86,86,86,86,86,86,86,86,86,86,86,86,86,71,86,80,80,86,86,86,86,80,80,80,82,83,85,83,83,83,50,86,86,86,86],"gold":332,"neow_bonus":"","is_daily":false,"chose_seed":false,"campfire_upgraded":4,"win_rate":0.0,"timestamp":1614079143,"path_taken":["M","M","M","M","M","R","PTL","PTL","M","R","T","R","?","?","M","?","R","BOSS","M","M","M","$","M","M","M","$","T","M","M","M","M","?","R_BF","BOSS","M","M"],"items_purchased_type":["Card","Card","Relic","Card","Relic","Relic"],"build_version":"2020-12-22","purchased_purges":0,"victory":false,"max_hp_per_floor":[80,80,80,86,86,86,86,86,86,86,86,86,86,86,86,86,86,86,86,86,86,86,86,86,86,86,86,86,86,86,86,86,86,86,86,86,86,86,86],"card_choices":[{"not_picked":["Bloodletting","StuffTheSpire:Pyroclast"],"picked":"Twin Strike","floor":14.0},{"not_picked":["conspire:HitWhereItHurts","conspire:Purge"],"picked":"Bludgeon","floor":18.0},{"not_picked":["hubris:StunningStrike","Replay:Many Hands"],"picked":"Limit Break","floor":35}],"player_experience":306774,"relics_obtained":[{"floor":1.0,"key":"DemoMod:OrangeGuonStone"},{"floor":2.0,"key":"Nunchaku"},{"floor":3.0,"key":"ReplayFunnel"},{"floor":4.0,"key":"StuffTheSpire:Rhapsscallions"},{"floor":9.0,"key":"theForsaken:Lifeblossom"},{"floor":11.0,"key":"StuffTheSpire:HeavyRock"},{"floor":14.0,"key":"Shuriken"},{"floor":15.0,"key":"hubris:TenFootPole"},{"floor":20.0,"key":"ReplayTheSpireMod:Spearhead"},{"floor":21.0,"key":"Thread and Needle"},{"floor":22.0,"key":"Pen Nib"},{"floor":25.0,"key":"hexamod:BolsterEngine"},{"floor":26.0,"key":"aspiration:HiddenCompartment"},{"floor":28.0,"key":"Oddly Smooth Stone"},{"floor":29.0,"key":"DemoMod:MeltedRock"},{"floor":30.0,"key":"Akabeko"},{"floor":31.0,"key":"Replay:Bottled Snecko"},{"floor":32.0,"key":"StuffTheSpire:Barrel"},{"floor":37,"key":"Replay:Accelerometer"}],"event_choices":[{"damage_healed":0,"gold_gain":0,"player_choice":"Ignored","damage_taken":0,"max_hp_gain":0,"max_hp_loss":0,"event_name":"Transmorgrifier","floor":33,"gold_loss":0}],"is_beta":false,"boss_relics":[{"not_picked":["ChewingGum","halation:LoveArrow","Runic Dome"]},{"not_picked":["Empty Cage","Sozu"],"picked":"SlaversCollar"}],"items_purged_floors":[],"is_endless":true,"potions_floor_spawned":[3,4,9,15,20,24,25,29,30,35,37],"killed_by":"3 Darklings","ascension_level":0}}