{"host":"kj5ejyofr70ax6r3","time":1614057867,"event":{"mods":["BaseMod","BetterRewards","Colored Map","Downfall","GifTheSpireLib","Minty Spire (QoL Compilation)","Replay The Spire","Shop Mod","StSLib"],"gold_per_floor":[99,99,99,167,179,191,203,15,52,164,4,4,4,104,118,217,217,217,230,230,230,255,255,255,255],"floor_reached":23,"language":"ENG","playtime":746,"items_purged":[],"score":235,"play_id":"28d3e0f6-b729-4450-9a51-28e0a7afb40d","local_time":"20210222232427","is_ascension_mode":true,"campfire_choices":[{"floor":1,"key":"RECALL"},{"data":"m_Bronzebash","floor":8,"key":"SMITH"},{"data":"bronze:InfiniteLoop","floor":13,"key":"SMITH"},{"data":"Barricade","floor":18,"key":"SMITH"}],"circlet_count":0,"master_deck":["bronze:Defend","bronze:Defend","bronze:Defend","bronze:Defend","bronze:Replicate","bronze:WhirlingStrike","bronze:DelayedSlice","bronze:Backtrace","bronze:DigitalCarnage","m_Bronzebash+1","bronze:OilSpill","bronze:FineTuning","bronze:Terminator","bronze:InfiniteLoop+1","bronze:Allocate","bronze:DelayedGuard+1","bronze:FollowUp","bronze:Separator","Barricade+1","CurseOfTheBell","Slimebound:Tackle+1","Slimebound:Tackle+1","Slimebound:Tackle+1"],"relics":["downfall:HeartsMalice","Ring of Peace","Ring of Panic","MawBank","m_BronzeBlood","downfall:HeartBlessingRed","downfall:HeartBlessingBlue","Torii","Orrery","Replay:Bottled Eggs","Calling Bell","Oddly Smooth Stone","Singing Bowl","bronze:Timepiece","Replay:Baseball"],"acts_visited":["Exordium","TheCity"],"potions_floor_usage":[16,23],"damage_taken":[{"damage":0,"enemies":"Small Slimes","floor":2,"turns":1},{"damage":0,"enemies":"2 Louse","floor":5,"turns":1},{"damage":0,"enemies":"3 Sentries","floor":9,"turns":1},{"damage":0,"enemies":"downfall:FleeingMerchant","floor":11,"turns":4},{"damage":0,"enemies":"Cultist","floor":15,"turns":3},{"damage":34,"enemies":"WA_ARCHETYPE_RETAIN","floor":16,"turns":6},{"damage":1,"enemies":"Chosen","floor":19,"turns":4},{"damage":84,"enemies":"Slavers","floor":23,"turns":6}],"seed_played":"-5320921741445001263","potions_obtained":[{"floor":4,"key":"Elixir"},{"floor":9,"key":"Guardian:BlockOnCardUsePotion"},{"floor":15,"key":"SpeedPotion"}],"is_trial":false,"path_per_floor":["R","M","?","?","M","?","T","R","E","?","$","T","R","?","M","B",null,"R","M","?","?","T","E"],"character_chosen":"THE_AUTOMATON","items_purchased":["Orrery"],"campfire_rested":0,"item_purchase_floors":[11],"current_hp_per_floor":[70,70,70,53,53,53,53,63,69,69,75,75,75,75,80,52,80,80,82,82,82,82,0,0,0],"gold":255,"neow_bonus":"THREE_ENEMY_KILL","is_daily":false,"chose_seed":false,"campfire_upgraded":3,"win_rate":0.0,"timestamp":1614057867,"path_taken":["R","M","?","?","?","?","T","R","E","?","$","?","R","?","M","BOSS","R","M","?","?","?","E"],"items_purchased_type":["Relic"],"build_version":"2020-12-22","purchased_purges":0,"victory":false,"max_hp_per_floor":[70,70,70,70,70,70,70,80,80,80,80,80,80,80,80,80,80,80,82,82,82,82,82,82,82],"card_choices":[{"not_picked":["bronze:Shield","bronze:FineTuning"],"picked":"bronze:WhirlingStrike","floor":2},{"not_picked":["bronze:WildBeam","bronze:Shield"],"picked":"bronze:DelayedSlice","floor":4},{"not_picked":["bronze:Turbo","bronze:DelayedGuard"],"picked":"bronze:Backtrace","floor":4},{"not_picked":["bronze:Assembly","bronze:InfiniteBeams"],"picked":"bronze:DigitalCarnage","floor":5},{"not_picked":["bronze:ClassDefault","bronze:Overheat"],"picked":"bronze:OilSpill","floor":9},{"not_picked":["bronze:WildBeam","bronze:MaxOutput"],"picked":"bronze:FineTuning","floor":11},{"not_picked":["bronze:WhirlingStrike","bronze:WildBeam"],"picked":"bronze:Terminator","floor":11},{"not_picked":["bronze:Safeguard","bronze:Turbo"],"picked":"bronze:InfiniteLoop","floor":11},{"not_picked":["bronze:CutThrough","bronze:BugBarrage"],"picked":"bronze:Allocate","floor":11},{"not_picked":["bronze:NullPointer","ReplayReversal"],"picked":"bronze:DelayedGuard","floor":11},{"not_picked":["bronze:DelayedSlice","bronze:Constructor"],"picked":"bronze:FollowUp","floor":11},{"not_picked":["bronze:DigitalCarnage","bronze:ChildClass"],"picked":"bronze:Separator","floor":15},{"not_picked":["bronze:Hardcode","bronze:HyperBeam"],"picked":"Barricade","floor":16},{"not_picked":["bronze:Frontload","bronze:Iterate","bronze:WhirlingStrike"],"picked":"Singing Bowl","floor":19}],"player_experience":200270,"relics_obtained":[{"floor":3,"key":"Ring of Peace"},{"floor":3,"key":"Ring of Panic"},{"floor":4,"key":"MawBank"},{"floor":9,"key":"Torii"},{"floor":12,"key":"Replay:Bottled Eggs"},{"floor":17,"key":"Oddly Smooth Stone"},{"floor":17,"key":"Singing Bowl"},{"floor":17,"key":"bronze:Timepiece"},{"floor":22,"key":"Replay:Baseball"}],"event_choices":[],"is_beta":false,"boss_relics":[{"not_picked":["Philosopher\u0027s Stone","Snecko Eye"],"picked":"Calling Bell"}],"items_purged_floors":[],"is_endless":false,"potions_floor_spawned":[9,15],"killed_by":"Slavers","ascension_level":3}}