{"host":"rykcscnxwcosqdkz","time":1614094096,"event":{"mods":["BaseMod","Conspire","DeckTracker","Downfall","GifTheSpireLib","Hubris","Infinite Spire","JesterMod","Luminous","Minty Spire (QoL Compilation)","Reliquary","Replay The Spire","Shade Mod","StSLib","Stuff the Spire","The Alterego","TheSwordswoman"],"gold_per_floor":[114,114,114,35,35,45,45,62,62,62,75,100,100,111,111,214,214,225,241,127,226,226,253,253,253,302,317,317,331,331,342,342,437,437,449,449,463,463,24,24,24],"floor_reached":40,"language":"ENG","playtime":2414,"items_purged":["Shade:Strike_Shade","Shade:Defend_Shade"],"score":479,"play_id":"70717681-3283-4d13-854c-184d5d069034","local_time":"20210223162816","is_ascension_mode":false,"campfire_choices":[{"data":"Shade:ExtraLimbs","floor":7,"key":"SMITH"},{"data":"Shade:RitualOffering","floor":10,"key":"SMITH"},{"data":"Shade:TouchOfTheGrave","floor":13,"key":"SMITH"},{"data":"Shade:AnimateDead","floor":15,"key":"SMITH"},{"data":"Shade:Putrefaction","floor":25,"key":"SMITH"},{"floor":28,"key":"REST"},{"floor":32,"key":"DIG"}],"circlet_count":0,"master_deck":["Shade:Strike_Shade+1","Shade:Strike_Shade+1","Shade:Defend_Shade","Shade:Defend_Shade","Shade:Defend_Shade","Shade:AnimateDead+1","Shade:CarefulCut","Shade:Premonition","Shade:TouchOfTheGrave+1","Shade:ExtraLimbs+1","Shade:SkeletonHug","Shade:Putrefaction+1","Shade:Frenzy+1","Shade:TouchOfTheGrave+1","Shade:RitualOffering","Shade:PressTheAttack","Shade:Tombstone","Shade:Strike_Shade+1","Shade:Strike_Shade+1","Shade:Defend_Shade","Shade:Defend_Shade","Shade:Defend_Shade","Shade:Defend_Shade","Shade:AnimateDead+1","Shade:CarefulCut","Shade:Premonition","Shade:TouchOfTheGrave+1","Shade:ExtraLimbs+1","Shade:SkeletonHug","Shade:Putrefaction+1","Shade:Frenzy+1","Shade:TouchOfTheGrave+1","Shade:RitualOffering","Shade:PressTheAttack","Shade:Tombstone","Shade:DangerousRitual","Shade:DangerousRitual"],"relics":["Shade:YorickSkull","NeowsBlessing","Snack Pack","reliquary:TatteredRug","Black Star","ReplayTheSpireMod:Ninjato","hubris:SlimyHat","Pantograph","Replay:Baseball","reliquary:Vitrine","Ancient Tea Set","bronze:MakeshiftBattery","hubris:BundleOfHerbs"],"acts_visited":["Exordium","TheCity","TheBeyond"],"potions_floor_usage":[23,33],"damage_taken":[{"damage":0,"enemies":"Jaw Worm","floor":1,"turns":1},{"damage":0,"enemies":"2 Louse","floor":6,"turns":2},{"damage":0,"enemies":"Small Slimes","floor":8,"turns":1},{"damage":0,"enemies":"Blue Slaver","floor":11,"turns":4},{"damage":0,"enemies":"Lagavulin","floor":12,"turns":6},{"damage":7,"enemies":"Large Slime","floor":14,"turns":5},{"damage":13,"enemies":"The Guardian","floor":16,"turns":11},{"damage":3,"enemies":"Spheric Guardian","floor":18,"turns":5},{"damage":6,"enemies":"2 Thieves","floor":19,"turns":5},{"damage":21,"enemies":"Book of Stabbing","floor":23,"turns":6},{"damage":10,"enemies":"Centurion and Healer","floor":27,"turns":6},{"damage":26,"enemies":"Cultist and Chosen","floor":29,"turns":7},{"damage":0,"enemies":"Snecko","floor":31,"turns":3},{"damage":33,"enemies":"Collector","floor":33,"turns":9},{"damage":4,"enemies":"3 Shapes","floor":35,"turns":4},{"damage":16,"enemies":"3 Darklings","floor":37,"turns":6},{"damage":55,"enemies":"Nightmare","floor":40,"turns":5}],"seed_played":"3700916741814097168","potions_obtained":[{"floor":8,"key":"SteroidPotion"},{"floor":12,"key":"CultistPotion"},{"floor":16,"key":"DistilledChaos"},{"floor":19,"key":"Slimebound:ThreeZeroPotion"},{"floor":23,"key":"SteroidPotion"}],"is_trial":false,"path_per_floor":["M","?","?","$","?","M","R","M","T","R","M","E","R","M","R","B",null,"M","M","$","?","AVR","E","?","R","T","M","R","M","T","M","R","B",null,"M","?","M","?","$","NM"],"character_chosen":"SHADE","items_purchased":["Shade:TouchOfTheGrave","Shade:TouchOfTheGrave+1","ReplayTheSpireMod:Ninjato","Explosive Potion","hubris:BundleOfHerbs","Shade:DangerousRitual"],"campfire_rested":1,"item_purchase_floors":[4,20,20,39,39,39],"current_hp_per_floor":[65,52,52,52,52,52,52,52,52,52,52,52,52,45,45,36,65,64,58,58,58,58,37,31,31,31,23,42,18,18,22,22,22,65,63,63,49,49,49,0,0],"gold":24,"neow_bonus":"THREE_ENEMY_KILL","is_daily":false,"chose_seed":false,"campfire_upgraded":5,"win_rate":0.0,"timestamp":1614094096,"path_taken":["M","?","?","$","?","?","R","M","T","R","M","E","R","M","R","BOSS","M","M","$","?","AVR","E","?","R","T","?","R","M","?","M","R","BOSS","M","?","?","?","$","NM"],"items_purchased_type":["Card","Card","Relic","Potion","Relic","Card"],"build_version":"2020-12-22","purchased_purges":2,"victory":false,"max_hp_per_floor":[65,65,65,65,65,65,65,65,65,65,65,65,65,65,65,65,65,65,65,65,65,65,65,65,65,65,65,65,65,65,65,65,65,65,65,65,65,65,65,65,65],"card_choices":[{"not_picked":["Shade:Excise","Shade:Trample"],"picked":"Shade:RitualOffering","floor":1},{"not_picked":["Shade:PoundOfFlesh","Shade:Excise"],"picked":"Shade:ExtraLimbs","floor":6},{"not_picked":["Shade:FleshToFlesh","Shade:FuneraryArmor","Shade:Trample"],"picked":"SKIP","floor":8},{"not_picked":["Shade:OpenGraves","Shade:BoneShards","Shade:Frenzy"],"picked":"SKIP","floor":11},{"not_picked":["Shade:FingerOfDeath","Shade:SanguineRitual"],"picked":"Shade:SkeletonHug","floor":12},{"not_picked":["Shade:FleshToFlesh","Shade:SkeletonHug","Shade:StitchTogether"],"picked":"SKIP","floor":14},{"not_picked":["Shade:UnbarTheGrave","Shade:GreaterAnimation"],"picked":"Shade:Putrefaction","floor":16},{"not_picked":["Shade:AuraOfUnlife","Shade:ScuttlingHand"],"picked":"Shade:Frenzy+1","floor":18},{"not_picked":["Shade:CoffinDance","Shade:CommandSoldier","Shade:Premonition"],"picked":"SKIP","floor":19},{"not_picked":["Shade:BoneShards","Shade:FingerOfDeath"],"picked":"Shade:RitualOffering","floor":23},{"not_picked":["Shade:GreyBargain","Shade:CallWraith"],"picked":"Shade:PressTheAttack","floor":27},{"not_picked":["Shade:Patience+1","Shade:SensePrey","Shade:FleshToFlesh"],"picked":"SKIP","floor":29},{"not_picked":["Shade:PoundOfFlesh","Shade:Carnophage","Shade:SkeletonHug"],"picked":"SKIP","floor":31},{"not_picked":["Shade:UnbarTheGrave","Shade:LichForm"],"picked":"Shade:Tombstone","floor":33},{"not_picked":["Shade:Brains+1","Shade:ExtraLimbs","Shade:FreshBones+1"],"picked":"SKIP","floor":35},{"not_picked":["Shade:BoneShards","Shade:Premonition+1","Shade:CommandSoldier+1"],"picked":"SKIP","floor":37}],"player_experience":110786,"relics_obtained":[{"floor":9,"key":"Snack Pack"},{"floor":12,"key":"reliquary:TatteredRug"},{"floor":23,"key":"hubris:SlimyHat"},{"floor":23,"key":"Pantograph"},{"floor":26,"key":"Replay:Baseball"},{"floor":30,"key":"reliquary:Vitrine"},{"floor":32,"key":"Ancient Tea Set"}],"event_choices":[{"damage_healed":0,"gold_gain":0,"player_choice":"Entered Light","damage_taken":13,"max_hp_gain":0,"max_hp_loss":0,"event_name":"Shining Light","floor":2,"gold_loss":0,"cards_upgraded":["Shade:Strike_Shade","Shade:Strike_Shade"]},{"cards_removed":["Shade:Strike_Shade"],"damage_healed":0,"gold_gain":0,"player_choice":"Offered Basic","damage_taken":0,"max_hp_gain":0,"max_hp_loss":0,"event_name":"Bonfire Elementals","floor":5,"gold_loss":0},{"damage_healed":0,"gold_gain":99,"player_choice":"Stole From Cult","damage_taken":0,"max_hp_gain":0,"max_hp_loss":0,"event_name":"Nest","floor":21,"gold_loss":0},{"damage_healed":0,"gold_gain":0,"player_choice":"","damage_taken":6,"max_hp_gain":0,"max_hp_loss":0,"event_name":"Knowing Skull","floor":24,"potions_obtained":[],"gold_loss":0,"cards_obtained":[]},{"damage_healed":0,"gold_gain":0,"player_choice":"Ignored","damage_taken":0,"max_hp_gain":0,"max_hp_loss":0,"event_name":"SecretPortal","floor":36,"gold_loss":0}],"is_beta":false,"boss_relics":[{"not_picked":["Calling Bell","Sozu"],"picked":"Black Star"},{"not_picked":["conspire:RunicOctahedron","hubris:RunicObelisk"],"picked":"bronze:MakeshiftBattery"}],"items_purged_floors":[22,39],"is_endless":false,"potions_floor_spawned":[8,12,16,19,23],"killed_by":"Nightmare","ascension_level":0}}