{"host":"ptk1shuto3uimndw","time":1614079697,"event":{"mods":["AchievementEnabler","BaseMod","Bestiary","Colored Map","Colored Powertips","Curses Come First","Minty Spire (QoL Compilation)","Quick Restart","Rare Cards Sparkle","Relic Stats","StSLib","Uncapped"],"gold_per_floor":[14,26,45,5,5,37,53,88,88,113,113,113],"floor_reached":11,"language":"ENG","playtime":261,"items_purged":[],"score":149,"play_id":"c9014352-3067-47f7-b623-be2771bb13b9","local_time":"20210223122817","is_ascension_mode":true,"campfire_choices":[],"circlet_count":0,"master_deck":["AscendersBane","Strike_B","Strike_B","Strike_B","Defend_B","Defend_B","Defend_B","Defend_B","Zap","Dualcast","Master of Strategy","Ball Lightning","Lockon","Rebound","White Noise","Undo","Coolheaded"],"relics":["Cracked Core","Boot","Anchor","Centennial Puzzle","Akabeko"],"acts_visited":["Exordium"],"potions_floor_usage":[],"damage_taken":[{"damage":1,"enemies":"Cultist","floor":1,"turns":3},{"damage":0,"enemies":"2 Louse","floor":2,"turns":1},{"damage":2,"enemies":"Jaw Worm","floor":3,"turns":2},{"damage":20,"enemies":"Lagavulin","floor":6,"turns":5},{"damage":3,"enemies":"Blue Slaver","floor":7,"turns":3},{"damage":14,"enemies":"3 Sentries","floor":8,"turns":7},{"damage":20,"enemies":"Lagavulin","floor":11,"turns":3}],"seed_played":"-7554300949363999851","potions_obtained":[{"floor":1,"key":"BlessingOfTheForge"},{"floor":3,"key":"FearPotion"}],"is_trial":false,"path_per_floor":["M","M","M","$","?","E","M","E","T","T","E"],"character_chosen":"DEFECT","items_purchased":["White Noise"],"campfire_rested":0,"item_purchase_floors":[4],"current_hp_per_floor":[63,63,61,61,54,34,31,17,17,17,0,0],"gold":113,"neow_bonus":"RANDOM_COLORLESS_2","is_daily":false,"chose_seed":false,"campfire_upgraded":0,"win_rate":0.0,"timestamp":1614079697,"path_taken":["M","?","M","$","?","E","M","E","T","?","E"],"items_purchased_type":["Card"],"build_version":"2020-12-22","purchased_purges":0,"victory":false,"max_hp_per_floor":[71,71,71,71,71,71,71,71,71,71,71,71],"relic_stats":{"Centennial Puzzle":[0],"counters":[7,24],"Boot":[2],"obtain_stats":[{"Anchor":8,"Centennial Puzzle":9,"Cracked Core":0,"Boot":6,"Akabeko":10},{"Anchor":6,"Centennial Puzzle":6,"Cracked Core":0,"Boot":4,"Akabeko":6},{"Anchor":21,"Centennial Puzzle":21,"Cracked Core":0,"Boot":11,"Akabeko":21}]},"card_choices":[{"not_picked":["Panache","Chrysalis"],"picked":"Master of Strategy","floor":0},{"not_picked":["Leap","Chaos"],"picked":"Ball Lightning","floor":1},{"not_picked":["Compile Driver","Rebound"],"picked":"Lockon","floor":2},{"not_picked":["Sweeping Beam","Hologram"],"picked":"Rebound","floor":3},{"not_picked":["Scrape","Steam Power"],"picked":"Undo","floor":6},{"not_picked":["Redo","Tempest","Gash"],"picked":"SKIP","floor":7},{"not_picked":["Steam","Fusion"],"picked":"Coolheaded","floor":8}],"player_experience":290246,"relics_obtained":[{"floor":6,"key":"Boot"},{"floor":8,"key":"Anchor"},{"floor":9,"key":"Centennial Puzzle"},{"floor":10,"key":"Akabeko"}],"event_choices":[{"cards_removed":["Strike_B"],"damage_healed":0,"gold_gain":0,"player_choice":"Card Removal","damage_taken":7,"max_hp_gain":0,"max_hp_loss":0,"event_name":"Golden Wing","floor":5,"gold_loss":0}],"is_beta":false,"boss_relics":[],"items_purged_floors":[],"is_endless":false,"potions_floor_spawned":[1,3,7],"killed_by":"Lagavulin","ascension_level":16}}