{"host":"og21o26alpnbwmz8","time":1614093266,"event":{"mods":["2.2 Compatiblity","Act Like it!","Aspiration","BaseMod","Conspire","Downfall","Gensokyo","Halation","Hermit","Hubris","Jedi Mod","Mimic Mod","Minty Spire (QoL Compilation)","Pale of the Ancients","Reliquary","Replay The Spire","Shop Mod","Spikes Relics","StSLib","The Alterego","The Animator","The Blue Laboratory","The Bug Knight","Waifu the Spire","Yuri Mod"],"gold_per_floor":[120,120,120,47,64,64,74,90,143,162,197,14,45,63,63,63,63],"floor_reached":16,"language":"ENG","playtime":515,"items_purged":["yuri:yuriDefend"],"score":162,"play_id":"e7d0b7fa-97fb-440e-a93a-43c3ca5a6270","local_time":"20210223101426","is_ascension_mode":false,"campfire_choices":[{"data":"yuri:SturdyUniform","floor":6,"key":"SMITH"},{"data":"yuri:yuriQuickStrike","floor":15,"key":"SMITH"}],"circlet_count":0,"master_deck":["yuri:yuriStrike","yuri:yuriStrike","yuri:yuriStrike","yuri:yuriStrike","yuri:yuriStrike+1","yuri:yuriDefend","yuri:yuriDefend","yuri:yuriDefend","yuri:yuriDefend","yuri:Oolong","yuri:yuriStab","yuri:SturdyUniform+1","yuri:BookRed","yuri:yuriQuickStrike+1","yuri:BookPurple","yuri:DisableStrike+1","Pride","Pride","Pride"],"relics":["yuri:yuriKnife","halation:PrussianBluePaint","halation:EternalFortune","hubris:Towel","Guardian:PocketSentry","Whetstone","Membership Card","Snack Pack"],"acts_visited":["Exordium"],"potions_floor_usage":[11,16],"damage_taken":[{"damage":0,"enemies":"2 Louse","floor":1,"turns":3},{"damage":0,"enemies":"Jaw Worm","floor":5,"turns":4},{"damage":2,"enemies":"Cultist","floor":7,"turns":4},{"damage":6,"enemies":"Blue Slaver","floor":8,"turns":5},{"damage":0,"enemies":"Looter","floor":10,"turns":3},{"damage":0,"enemies":"3 Sentries","floor":11,"turns":9},{"damage":0,"enemies":"Lagavulin","floor":13,"turns":9},{"damage":5,"enemies":"3 Louse","floor":14,"turns":4},{"damage":10,"enemies":"Hexaghost","floor":16,"turns":3}],"seed_played":"-8332030559766397805","potions_obtained":[{"floor":7,"key":"blueLaboratory:FruitPreserves"},{"floor":8,"key":"blueLaboratory:FrostheartPotion"},{"floor":11,"key":"blueLaboratory:ExaltedPotion"},{"floor":14,"key":"jedi:mysterypotion"}],"is_trial":false,"path_per_floor":["M","?","?","$","M","R","M","M","T","M","E","$","E","M","R","B"],"character_chosen":"YURI","items_purchased":["yuri:SturdyUniform","Membership Card"],"campfire_rested":0,"item_purchase_floors":[4,12],"current_hp_per_floor":[80,83,83,83,83,83,82,83,83,83,83,83,83,83,83,73,73],"gold":63,"neow_bonus":"RANDOM_COMMON_RELIC","is_daily":false,"chose_seed":false,"campfire_upgraded":2,"win_rate":0.0,"timestamp":1614093266,"path_taken":["M","?","?","?","M","R","M","M","T","M","E","$","E","?","R","BOSS"],"items_purchased_type":["Card","Relic"],"build_version":"2020-12-22","purchased_purges":1,"victory":false,"max_hp_per_floor":[80,83,83,83,83,83,83,83,83,83,83,83,83,83,83,83,83],"card_choices":[{"not_picked":["yuri:RecklessStrike","yuri:Parry","yuri:Stare"],"picked":"SKIP","floor":1},{"not_picked":["yuri:Spin","yuri:TPose"],"picked":"yuri:BookRed","floor":5},{"not_picked":["yuri:DuplicateCode","yuri:CalmingAura"],"picked":"yuri:yuriQuickStrike","floor":7},{"not_picked":["yuri:Skip","yuri:GreenTea"],"picked":"yuri:BookPurple","floor":8},{"not_picked":["yuri:RecklessStrike","yuri:RepairCode","yuri:ThrowingKnives"],"picked":"SKIP","floor":10},{"not_picked":["yuri:GlitchedStrike","yuri:AdaptiveAI"],"picked":"yuri:DisableStrike","floor":11},{"not_picked":["yuri:Skip","yuri:GhostForm","yuri:RepairCode"],"picked":"SKIP","floor":13},{"not_picked":["yuri:Stalk","yuri:RecklessStrike","yuri:BrokenCode"],"picked":"SKIP","floor":14}],"player_experience":417261,"relics_obtained":[{"floor":9,"key":"Guardian:PocketSentry"},{"floor":11,"key":"Whetstone"},{"floor":13,"key":"Snack Pack"}],"event_choices":[],"is_beta":false,"boss_relics":[],"items_purged_floors":[12],"is_endless":false,"potions_floor_spawned":[7,8,11,14],"killed_by":"Hexaghost","ascension_level":0}}