{"host":"7bvt9h5xvpviio59","time":1614084624,"event":{"mods":["BaseMod","Colored Powertips","Conspire","Hubris","Infinite Spire","Minty Spire (QoL Compilation)","Rare Cards Sparkle","Replay The Spire","StSLib"],"gold_per_floor":[119,119,119,131,131,165,182,182,182,182,192,192,206,225,225,225,225],"floor_reached":16,"language":"ENG","playtime":293,"items_purged":[],"score":179,"play_id":"740feb1d-9dee-44e8-8ff6-6003a6528fa8","local_time":"20210223205024","daily_mods":["Cursed Run"],"is_ascension_mode":true,"campfire_choices":[{"data":"infinitespire:OneForAll","floor":8.0,"key":"SMITH"},{"floor":15.0,"key":"REST"}],"circlet_count":0,"master_deck":["AscendersBane","Strike_R","Strike_R","Strike_R","Strike_R","Strike_R","Defend_R","Defend_R+1","Defend_R","Bash","infinitespire:OneForAll+1","Massacre","Brutality+1","Injury","hubris:Envy","Whirlwind"],"relics":["Cursed Key","Darkstone Periapt","Du-Vu Doll","hubris:Icosahedron","hubris:ChampionShield","Shuriken"],"acts_visited":["Exordium"],"potions_floor_usage":[],"damage_taken":[{"damage":6.0,"enemies":"Cultist","floor":1.0,"turns":3.0},{"damage":2.0,"enemies":"Small Slimes","floor":4.0,"turns":4.0},{"damage":36.0,"enemies":"Lagavulin","floor":6.0,"turns":5.0},{"damage":7.0,"enemies":"Jaw Worm","floor":7.0,"turns":2.0},{"damage":4.0,"enemies":"Looter","floor":11.0,"turns":2.0},{"damage":13.0,"enemies":"Blue Slaver","floor":13.0,"turns":2.0},{"damage":0.0,"enemies":"Large Slime","floor":14.0,"turns":3.0},{"damage":62,"enemies":"The Guardian","floor":16,"turns":5}],"seed_played":"-3128372304288773863","potions_obtained":[{"floor":4.0,"key":"AttackPotion"},{"floor":11.0,"key":"Adrenaline Potion"},{"floor":13.0,"key":"Energy Potion"},{"floor":14.0,"key":"LifebloodPotion"}],"is_trial":true,"path_per_floor":["M","?","?","M","?","E","M","R","T","T","M","$","M","M","R","B"],"character_chosen":"IRONCLAD","items_purchased":[],"campfire_rested":1,"item_purchase_floors":[],"current_hp_per_floor":[62,62,62,60,60,45,38,38,44,50,46,46,33,33,59,0,0],"gold":225,"neow_bonus":"","is_daily":false,"chose_seed":true,"campfire_upgraded":1,"win_rate":0.0,"timestamp":1614084624,"path_taken":["M","?","?","M","?","E","M","R","T","?","?","$","M","M","R","BOSS"],"items_purchased_type":[],"build_version":"2020-12-22","purchased_purges":0,"victory":false,"max_hp_per_floor":[75,75,75,75,75,75,75,75,81,87,87,87,87,87,87,87,87],"card_choices":[{"not_picked":["ReplayTheSpireMod:Strike From Hell","Cleave"],"picked":"infinitespire:OneForAll","floor":1.0},{"not_picked":["Heavy Blade","Exhume"],"picked":"Massacre","floor":4.0},{"not_picked":["ReplayTheSpireMod:Muscle Training","Life Link","Sword Boomerang"],"picked":"SKIP","floor":6.0},{"not_picked":["Headbutt","Sentinel","Anger"],"picked":"SKIP","floor":7.0},{"not_picked":["Body Slam","Battle Trance"],"picked":"Whirlwind","floor":11.0},{"not_picked":["Pommel Strike","ReplayTheSpireMod:Strike From Hell","Power Through"],"picked":"SKIP","floor":13.0},{"not_picked":["Disarm","Run Through","Bloodletting"],"picked":"SKIP","floor":14.0}],"player_experience":491784,"relics_obtained":[{"floor":9.0,"key":"hubris:ChampionShield"},{"floor":10.0,"key":"Shuriken"}],"event_choices":[],"is_beta":false,"boss_relics":[],"items_purged_floors":[],"is_endless":false,"potions_floor_spawned":[4,11,13,14],"killed_by":"The Guardian","ascension_level":15}}