{"host":"johnydays","time":1614092767,"event":{"mods":["BaseMod","Bestiary","Block Reminder","Colored Map","Colored Powertips","Curses Come First","DeckTracker","Highlight Path","Minty Spire (QoL Compilation)","Relic Sorter","Relic Stats","StSLib","SuperFastMode","Weighted Paths"],"gold_per_floor":[118,118,134,134,59,100,100,100,100,141,156,156,195,211,211,211,211],"floor_reached":16,"language":"ENG","playtime":355,"items_purged":[],"score":265,"play_id":"0e18aa72-397f-4c7d-92df-7ea62873009f","local_time":"20210223150607","is_ascension_mode":true,"campfire_choices":[{"data":"Dash","floor":7.0,"key":"SMITH"},{"data":"Neutralize","floor":15,"key":"SMITH"}],"circlet_count":0,"master_deck":["AscendersBane","Strike_G","Strike_G","Strike_G","Defend_G","Defend_G","Defend_G","Defend_G","Defend_G","Survivor","Neutralize+1","Blade Dance+1","Crippling Poison","Dash+1","Grand Finale","Backstab","Acrobatics","Dash"],"relics":["Ring of the Snake","NeowsBlessing","Golden Idol","Orichalcum","Meat on the Bone","Oddly Smooth Stone","Dream Catcher"],"acts_visited":["Exordium"],"potions_floor_usage":[10,16],"damage_taken":[{"damage":0.0,"enemies":"2 Louse","floor":1.0,"turns":2.0},{"damage":0.0,"enemies":"Jaw Worm","floor":3.0,"turns":1.0},{"damage":0.0,"enemies":"3 Sentries","floor":6.0,"turns":2.0},{"damage":9,"enemies":"Gremlin Nob","floor":10,"turns":4},{"damage":0,"enemies":"Small Slimes","floor":11,"turns":3},{"damage":4,"enemies":"Lagavulin","floor":13,"turns":5},{"damage":0,"enemies":"Exordium Wildlife","floor":14,"turns":2},{"damage":50,"enemies":"Slime Boss","floor":16,"turns":7}],"seed_played":"6099715488389641008","potions_obtained":[{"floor":1.0,"key":"BlessingOfTheForge"},{"floor":6.0,"key":"SpeedPotion"},{"floor":10,"key":"SmokeBomb"},{"floor":13,"key":"Fire Potion"}],"is_trial":false,"path_per_floor":["M","?","M","?","?","E","R","$","T","E","M","?","E","M","R","B"],"character_chosen":"THE_SILENT","items_purchased":[],"campfire_rested":0,"item_purchase_floors":[],"current_hp_per_floor":[59,52,52,52,52,52,52,52,52,43,43,43,39,39,39,0,0],"gold":211,"neow_bonus":"THREE_ENEMY_KILL","is_daily":false,"chose_seed":false,"campfire_upgraded":2,"win_rate":0.0,"timestamp":1614092767,"path_taken":["M","?","M","?","?","E","R","$","T","E","M","?","E","?","R","BOSS"],"items_purchased_type":[],"build_version":"2020-12-18","purchased_purges":0,"victory":false,"max_hp_per_floor":[66,66,66,60,60,60,60,60,60,60,60,60,60,60,60,60,60],"relic_stats":{"Dream Catcher":0,"counters":[8,26],"Golden Idol":30,"Orichalcum":[54],"obtain_stats":[{"Dream Catcher":13,"NeowsBlessing":0,"Golden Idol":4,"Oddly Smooth Stone":10,"Orichalcum":6,"Ring of the Snake":0,"Meat on the Bone":9},{"Dream Catcher":6,"NeowsBlessing":0,"Golden Idol":2,"Oddly Smooth Stone":4,"Orichalcum":3,"Ring of the Snake":0,"Meat on the Bone":3},{"Dream Catcher":17,"NeowsBlessing":0,"Golden Idol":3,"Oddly Smooth Stone":9,"Orichalcum":5,"Ring of the Snake":0,"Meat on the Bone":5}],"Ring of the Snake":[16],"Meat on the Bone":0},"card_choices":[{"not_picked":["Heel Hook","Sucker Punch"],"picked":"Blade Dance","floor":1.0},{"not_picked":["Slice","Prepared"],"picked":"Crippling Poison","floor":3.0},{"not_picked":["Phantasmal Killer","All Out Attack"],"picked":"Dash","floor":6.0},{"not_picked":["Dodge and Roll","Reflex"],"picked":"Grand Finale","floor":10},{"not_picked":["Infinite Blades","Deflect"],"picked":"Backstab","floor":11},{"not_picked":["Die Die Die","Expertise"],"picked":"Acrobatics","floor":13},{"not_picked":["PiercingWail","Deflect"],"picked":"Dash","floor":14}],"player_experience":551927,"relics_obtained":[{"floor":6.0,"key":"Orichalcum"},{"floor":9.0,"key":"Meat on the Bone"},{"floor":10,"key":"Oddly Smooth Stone"},{"floor":13,"key":"Dream Catcher"}],"event_choices":[{"cards_removed":["Strike_G"],"damage_healed":0.0,"max_hp_gain":0.0,"max_hp_loss":0.0,"gold_gain":0.0,"event_name":"Golden Wing","player_choice":"Card Removal","floor":2.0,"gold_loss":0.0,"damage_taken":7.0},{"damage_healed":0.0,"max_hp_gain":0.0,"max_hp_loss":6.0,"gold_gain":0.0,"event_name":"Golden Idol","player_choice":"Lose Max HP","floor":4.0,"gold_loss":0.0,"damage_taken":0.0,"relics_obtained":["Golden Idol"]},{"cards_removed":["Strike_G"],"damage_healed":0.0,"max_hp_gain":0.0,"max_hp_loss":0.0,"gold_gain":0.0,"event_name":"The Cleric","player_choice":"Card Removal","floor":5.0,"gold_loss":75.0,"damage_taken":0.0},{"damage_healed":0,"gold_gain":0,"player_choice":"Grow","damage_taken":0,"max_hp_gain":0,"max_hp_loss":0,"event_name":"Living Wall","floor":12,"gold_loss":0,"cards_upgraded":["Blade Dance"]}],"is_beta":true,"boss_relics":[],"items_purged_floors":[],"is_endless":false,"potions_floor_spawned":[1,6,10,13],"killed_by":"Slime Boss","ascension_level":17}}