{"host":"hfqwstagl369ldt0","time":1614107968,"event":{"mods":["BaseMod","Library of Ruina","Lobotomy","LobotomyExtend","Minty Spire (QoL Compilation)","StSLib","The Bug Knight"],"gold_per_floor":[216,231,231,244,244,244,244,96,96,112,12,12,12,23,23,124,124,137,157,32,52,66,66,66,77,77,93,111,111,57,70,70,167,167,187,198,198,48,68,68,68,68],"floor_reached":41,"language":"ENG","playtime":2180,"items_purged":["LightAttack","LightAttack+1","LightDefense","LightDefense"],"score":437,"play_id":"16578aa4-3481-41e2-9e8f-0b30399a8a1b","local_time":"20210223131928","is_ascension_mode":false,"campfire_choices":[{"floor":6,"key":"REST"},{"data":"Laceration","floor":12,"key":"SMITH"},{"floor":15,"key":"REST"},{"floor":23,"key":"REST"},{"floor":29,"key":"REST"},{"floor":32,"key":"REST"},{"floor":40,"key":"REST"}],"circlet_count":0,"master_deck":["Dodge","LightDefense+1","LightDefense","ChargeAndCover","FocusedStrikes","Laceration+1","SnakeSlit+1","Parry2","SerpentSwordTechnique","CleanUp","SnakesPrey","IdentifyWeakpoint","Observe","SnakesPrey+1","StrikeDown","Clone+1"],"relics":["PageOfLibrarian","LetterFromLob","Cursed Key","PageOfBlackSwan"],"acts_visited":["Exordium","TheCity","TheBeyond"],"potions_floor_usage":[16,18,28,33,35],"damage_taken":[{"damage":2,"enemies":"Jaw Worm","floor":1,"turns":5},{"damage":5,"enemies":"Small Slimes","floor":2,"turns":2},{"damage":0,"enemies":"Cultist","floor":4,"turns":2},{"damage":10,"enemies":"Red Slaver","floor":10,"turns":5},{"damage":10,"enemies":"Gremlin Gang","floor":14,"turns":4},{"damage":18,"enemies":"The Guardian","floor":16,"turns":8},{"damage":5,"enemies":"Chosen","floor":18,"turns":3},{"damage":12,"enemies":"Shell Parasite","floor":19,"turns":4},{"damage":18,"enemies":"Cultist and Chosen","floor":21,"turns":5},{"damage":11,"enemies":"Centurion and Healer","floor":22,"turns":4},{"damage":13,"enemies":"Snake Plant","floor":25,"turns":3},{"damage":0,"enemies":"Chosen and Byrds","floor":27,"turns":4},{"damage":5,"enemies":"Centurion and Healer","floor":28,"turns":3},{"damage":14,"enemies":"Snake Plant","floor":31,"turns":2},{"damage":9,"enemies":"Champ","floor":33,"turns":5},{"damage":18,"enemies":"3 Darklings","floor":35,"turns":3},{"damage":35,"enemies":"3 Shapes","floor":36,"turns":3},{"damage":0,"enemies":"Spire Growth","floor":39,"turns":3},{"damage":73,"enemies":"Nemesis","floor":41,"turns":4}],"seed_played":"5741224738022099410","potions_obtained":[{"floor":1,"key":"Weak Potion"},{"floor":14,"key":"Fire Potion"},{"floor":16,"key":"Dexterity Potion"},{"floor":18,"key":"SneckoOil"},{"floor":19,"key":"Fire Potion"},{"floor":31,"key":"DistilledChaos"},{"floor":33,"key":"SteroidPotion"},{"floor":39,"key":"Strength Potion"}],"is_trial":false,"path_per_floor":["M","M","?","M","?","R","?","$","T","M","$","R","M","M","R","B",null,"M","M","$","M","M","R","?","M","T","M","M","R","$","M","R","B",null,"M","M","?","$","M","R","E"],"character_chosen":"Librarian","items_purchased":["SnakeSlit","SnakesPrey"],"campfire_rested":6,"item_purchase_floors":[8,30],"current_hp_per_floor":[58,53,46,46,34,52,57,57,57,47,47,47,47,37,57,39,67,62,50,50,32,21,48,48,35,35,35,30,57,57,43,70,61,92,74,39,39,39,39,66,0,0],"gold":68,"neow_bonus":"HUNDRED_GOLD","is_daily":false,"chose_seed":false,"campfire_upgraded":1,"win_rate":0.0,"timestamp":1614107968,"path_taken":["M","M","?","M","?","R","?","?","T","M","$","R","M","M","R","BOSS","M","?","$","M","M","R","?","?","T","M","M","R","$","M","R","BOSS","M","M","?","$","M","R","E"],"items_purchased_type":["Card","Card"],"build_version":"2020-12-22","purchased_purges":4,"victory":false,"max_hp_per_floor":[62,62,62,62,62,62,67,67,67,67,67,67,67,67,67,67,67,67,67,67,92,92,92,92,92,92,92,92,92,92,92,92,92,92,92,92,92,92,92,92,92,92],"card_choices":[{"not_picked":["UpbeatPerformance","WaitUp","MultiHit","RepressedFlesh","Standoff","SparkingSpear","Rewind","SinglePointStab"],"picked":"Laceration","floor":1},{"not_picked":["FendThisOffIfYouCan","SharpSwipe","Parry","JiaoTu","FierceOnslaught","RapidGashes","SuppressingShot","Diversion","StartinOutLightly"],"picked":"SKIP","floor":2},{"not_picked":["StartinOutLightly","Reload","AssaultOrder","QuickAttack","Punishment","EnergyStrike","DefenseOrder","LoosenUp","Eject"],"picked":"SKIP","floor":4},{"not_picked":["VenomousFangs","EnergyStrike","Leap_lor","ScatteringSlash","FendThisOffIfYouCan","GuardingStance","Multislash","Thrust"],"picked":"Parry2","floor":10},{"not_picked":["ClassAndRespect","DarkCloud","Tttonst","BlowItUp","BiAn","Parry2","EnergyCycle","TimeForALittleTest"],"picked":"SerpentSwordTechnique","floor":14},{"not_picked":["BlazingStrike","DaringDecision"],"picked":"CleanUp","floor":16},{"not_picked":["Wallop_lor","NightInTheBackstreets","FlamingDragonFist","SuppressingShot","InnerArdor","MultiBlock+1","FlowOfTheSword","Outburst+1","GuardingStance"],"picked":"SKIP","floor":18},{"not_picked":["DefenseOrder","Quickness","ViolentFlame","Thrust","FleetEdge","Parry+1","WillOfThePrescript","CombatPreparation","HardRehearsal+1"],"picked":"SKIP","floor":19},{"not_picked":["BiAn","Thrust","EnergyShield","AsThePrescriptOrders","CoordinatedAssault","SharpSwipe+1","HighKick","EnergyStrike","Parry"],"picked":"SKIP","floor":21},{"not_picked":["Decapitation","FierceCharge","Standoff","Thirst","EnergyStrike","BackAttack+1","EndlessBattle","MultiHit","HighSpeedStabbing"],"picked":"SKIP","floor":22},{"not_picked":["Parry2","ScratchThat","Leap_lor","FeatherShield","Multislash","InkOver","Pound+1","AutonomousRush","PinpointShot"],"picked":"SKIP","floor":25},{"not_picked":["Marionette","FrontalAssault","DarkCloud","OpportunitySpotted","Eradication","DefenseOrder+1","YouOnlyLiveOnce","GuidanceOfTheGears","Reload"],"picked":"SKIP","floor":27},{"not_picked":["Wallop_lor","AlloutWar","TheRedNotes","EndlessBattle","Faith","GrazeTheGrass","ShockRound","StructuralAnalysis+1","GuardingStance"],"picked":"SKIP","floor":28},{"not_picked":["SharpSwipe+1","Guardian_lor","StrongStrike","HandleRequest","Punishment","ViolentFlame+1","ForTheFamily","MultiHit"],"picked":"IdentifyWeakpoint","floor":31},{"not_picked":["Deflect_lor","Suppress"],"picked":"Observe","floor":33},{"not_picked":["SnakeSlit+1","Punishment","TheArtOfRapidSteps+1","InnerArdor+1","LoosenUp","Rewind+1","FleetFootsteps+1","RhinoRam"],"picked":"SnakesPrey+1","floor":35},{"not_picked":["GuardingStance+1","Diversion","HiddenBlade","EnergyCycle+1","Struggle+1","FrontalAssault","BayonetCombat","CoordinatedAssault+1"],"picked":"StrikeDown","floor":36},{"not_picked":["ClassAndRespect","DesperateStruggle+1","HeavyPeaks+1","SharpSwipe+1","AsThePrescriptOrders","Quickness+1","UndertakePrescript+1","ExtremeEdge+1"],"picked":"Clone+1","floor":39}],"player_experience":37145,"relics_obtained":[{"floor":1,"key":"LetterFromLob"}],"event_choices":[{"cards_removed":["LightAttack"],"damage_healed":0,"gold_gain":0,"player_choice":"Card Removal","damage_taken":7,"max_hp_gain":0,"max_hp_loss":0,"event_name":"Golden Wing","floor":3,"gold_loss":0},{"damage_healed":0,"gold_gain":0,"player_choice":"Entered Light","damage_taken":12,"max_hp_gain":0,"max_hp_loss":0,"event_name":"Shining Light","floor":5,"gold_loss":0,"cards_upgraded":["LightAttack","LightDefense"]},{"damage_healed":0,"gold_gain":0,"player_choice":"Donut","damage_taken":0,"max_hp_gain":5,"max_hp_loss":0,"event_name":"Big Fish","floor":7,"gold_loss":0},{"damage_healed":0,"gold_gain":0,"player_choice":"Ignored","damage_taken":0,"max_hp_gain":0,"max_hp_loss":0,"event_name":"N\u0027loth","floor":24,"gold_loss":0},{"damage_healed":0,"gold_gain":0,"player_choice":"Forge","damage_taken":0,"max_hp_gain":0,"max_hp_loss":0,"event_name":"Accursed Blacksmith","floor":37,"gold_loss":0,"cards_upgraded":["SnakeSlit"]}],"is_beta":false,"boss_relics":[{"not_picked":["Runic Pyramid","Calling Bell"],"picked":"Cursed Key"},{"not_picked":["SacredBark","Tiny House"],"picked":"PageOfBlackSwan"}],"items_purged_floors":[8,11,20,38],"is_endless":false,"potions_floor_spawned":[1,14,16,18,19,21,31,33,39],"killed_by":"Nemesis","ascension_level":0}}