{"host":"7gewg82ormp6yt4e","time":1614078212,"event":{"mods":["BaseMod","Block Reminder","Colored Map","DeckTracker","Highlight Path","Minty Spire (QoL Compilation)","Relic Stats","StSLib","ojb\u0027s Info Mod"],"gold_per_floor":[115,115,135,135,135,135,145,180,203,203,220,238,265,279,279,356,356,370,381,361,68,83,118,118,118,118,2,27,27,58,76,76,148,148,186,221,1220,626,638,638,665,665,690,715,715,59,78,188,188,188,188],"floor_reached":50,"language":"JPN","playtime":4527,"items_purged":["Writhe","Normality","Normality"],"score":1265,"play_id":"17924cee-3bc8-4e40-94e9-8a65d825a0f8","local_time":"20210223200332","is_ascension_mode":true,"campfire_choices":[{"data":"Eruption","floor":6.0,"key":"SMITH"},{"data":"Wallop","floor":15.0,"key":"SMITH"},{"data":"WheelKick","floor":24.0,"key":"SMITH"},{"data":"SpiritShield","floor":32.0,"key":"SMITH"},{"floor":40.0,"key":"RECALL"},{"data":"Wish","floor":42.0,"key":"SMITH"},{"data":"Meditate","floor":49.0,"key":"SMITH"}],"circlet_count":0,"master_deck":["AscendersBane","Strike_P+1","Strike_P","Defend_P","Defend_P+1","Defend_P+1","Eruption+1","Vigilance+1","CutThroughFate+1","CutThroughFate","ReachHeaven","Wallop+1","FollowUp","EmptyFist","Adaptation","LessonLearned+1","EmptyBody","EmptyBody+1","WheelKick+1","Meditate+1","DeceiveReality","InnerPeace","Sanctity","Collect","Perseverance","SpiritShield+1","FearNoEvil+1","Wish+1","WheelKick+1","Crescendo+1","Decay","Establishment","Collect+1","SashWhip+1"],"relics":["SacredBark","StrikeDummy","Centennial Puzzle","Orichalcum","Happy Flower","Dream Catcher","Snecko Eye","Lee\u0027s Waffle","Strawberry","Eternal Feather","Pear","Potion Belt","Cursed Key","Regal Pillow","HandDrill","Nunchaku","Oddly Smooth Stone","Juzu Bracelet","Strange Spoon","Sundial"],"acts_visited":["Exordium","TheCity","TheBeyond"],"potions_floor_usage":[50,50,50,50],"damage_taken":[{"damage":1.0,"enemies":"2 Louse","floor":1.0,"turns":3.0},{"damage":0.0,"enemies":"Cultist","floor":3.0,"turns":3.0},{"damage":2.0,"enemies":"Jaw Worm","floor":7.0,"turns":3.0},{"damage":0.0,"enemies":"Gremlin Nob","floor":8.0,"turns":2.0},{"damage":3.0,"enemies":"Lots of Slimes","floor":11.0,"turns":4.0},{"damage":0.0,"enemies":"Blue Slaver","floor":12.0,"turns":3.0},{"damage":4.0,"enemies":"3 Sentries","floor":13.0,"turns":6.0},{"damage":0.0,"enemies":"Gremlin Gang","floor":14.0,"turns":3.0},{"damage":12.0,"enemies":"Hexaghost","floor":16.0,"turns":7.0},{"damage":3.0,"enemies":"Spheric Guardian","floor":18.0,"turns":3.0},{"damage":19.0,"enemies":"Shell Parasite","floor":19.0,"turns":4.0},{"damage":13.0,"enemies":"Snake Plant","floor":22.0,"turns":3.0},{"damage":5.0,"enemies":"Gremlin Leader","floor":23.0,"turns":7.0},{"damage":0.0,"enemies":"Slavers","floor":28.0,"turns":4.0},{"damage":1.0,"enemies":"Gremlin Leader","floor":30.0,"turns":7.0},{"damage":0.0,"enemies":"Centurion and Healer","floor":31.0,"turns":4.0},{"damage":32.0,"enemies":"Collector","floor":33.0,"turns":13.0},{"damage":0.0,"enemies":"Orb Walker","floor":35.0,"turns":3.0},{"damage":0.0,"enemies":"3 Shapes","floor":36.0,"turns":5.0},{"damage":4.0,"enemies":"Writhing Mass","floor":39.0,"turns":3.0},{"damage":47.0,"enemies":"Reptomancer","floor":41.0,"turns":10.0},{"damage":47.0,"enemies":"Nemesis","floor":44.0,"turns":5.0},{"damage":0.0,"enemies":"Jaw Worm Horde","floor":47.0,"turns":3.0},{"damage":9.0,"enemies":"4 Shapes","floor":48.0,"turns":15.0},{"damage":82,"enemies":"Time Eater","floor":50,"turns":24}],"seed_played":"-8820554672225933911","potions_obtained":[{"floor":7.0,"key":"AttackPotion"},{"floor":12.0,"key":"Dexterity Potion"},{"floor":13.0,"key":"Weak Potion"},{"floor":19.0,"key":"EntropicBrew"},{"floor":20.0,"key":"ColorlessPotion"},{"floor":22.0,"key":"Energy Potion"},{"floor":30.0,"key":"Fire Potion"},{"floor":35.0,"key":"DistilledChaos"},{"floor":47.0,"key":"Weak Potion"},{"floor":48.0,"key":"Swift Potion"}],"is_trial":false,"path_per_floor":["M","?","M","?","T","R","M","E","T","?","M","M","E","M","R","B",null,"M","M","?","$","M","E","R","?","T","$","E","?","E","M","R","B",null,"M","M","?","$","M","R","E","R","T","E","?","$","M","M","R","B"],"character_chosen":"WATCHER","items_purchased":["WheelKick","Lee\u0027s Waffle","Meditate","InnerPeace","Regal Pillow","HandDrill","CultistPotion","Dexterity Potion","Block Potion","SkillPotion","Strange Spoon","Sundial"],"campfire_rested":0,"item_purchase_floors":[21,21,21,27,38,38,38,38,46,46,46,46],"current_hp_per_floor":[60,60,60,55,55,55,53,53,53,43,40,40,36,36,36,24,57,54,35,35,75,62,64,64,64,64,64,74,74,73,73,88,56,83,83,83,83,83,79,92,45,63,63,16,75,75,75,66,75,0,0],"gold":188,"neow_bonus":"BOSS_RELIC","is_daily":false,"chose_seed":false,"campfire_upgraded":6,"win_rate":0.0,"timestamp":1614078212,"path_taken":["M","?","?","?","?","R","?","E","T","?","M","M","E","M","R","BOSS","M","?","?","$","?","E","R","?","T","$","E","?","E","M","R","BOSS","M","M","?","$","M","R","E","R","T","E","?","$","M","M","R","BOSS"],"items_purchased_type":["Card","Relic","Card","Card","Relic","Relic","Potion","Potion","Potion","Potion","Relic","Relic"],"build_version":"2020-12-22","purchased_purges":3,"victory":false,"max_hp_per_floor":[68,68,68,68,68,68,68,68,68,68,68,68,68,68,68,68,68,68,68,68,75,75,82,82,82,82,82,92,92,92,92,92,92,92,92,92,92,92,92,92,92,92,92,92,75,75,75,75,75,75,75],"relic_stats":{"Lee\u0027s Waffle":40,"Regal Pillow":0,"Happy Flower":[45],"counters":[25,147],"Eternal Feather":55,"Juzu Bracelet":0,"Orichalcum":[162],"Cursed Key":1,"Strange Spoon":[19],"Centennial Puzzle":[45],"Dream Catcher":0,"Nunchaku":[6],"Sundial":[6],"Snecko Eye":[223,233,211,210],"HandDrill":[28],"obtain_stats":[{"Potion Belt":30,"Lee\u0027s Waffle":21,"Regal Pillow":38,"Pear":28,"Happy Flower":9,"SacredBark":0,"Oddly Smooth Stone":43,"Eternal Feather":25,"Juzu Bracelet":44,"Orichalcum":8,"Cursed Key":34,"Strange Spoon":46,"Centennial Puzzle":5,"Dream Catcher":13,"Nunchaku":41,"Sundial":46,"Strawberry":23,"Snecko Eye":17,"HandDrill":38,"PureWater":0,"StrikeDummy":4},{"Potion Belt":15,"Lee\u0027s Waffle":11,"Regal Pillow":19,"Pear":14,"Happy Flower":4,"SacredBark":0,"Oddly Smooth Stone":21,"Eternal Feather":13,"Juzu Bracelet":22,"Orichalcum":4,"Cursed Key":17,"Strange Spoon":22,"Centennial Puzzle":2,"Dream Catcher":7,"Nunchaku":21,"Sundial":22,"Strawberry":13,"Snecko Eye":9,"HandDrill":19,"PureWater":0,"StrikeDummy":2},{"Potion Belt":62,"Lee\u0027s Waffle":41,"Regal Pillow":87,"Pear":55,"Happy Flower":11,"SacredBark":0,"Oddly Smooth Stone":100,"Eternal Feather":51,"Juzu Bracelet":105,"Orichalcum":11,"Cursed Key":79,"Strange Spoon":105,"Centennial Puzzle":6,"Dream Catcher":24,"Nunchaku":100,"Sundial":105,"Strawberry":51,"Snecko Eye":34,"HandDrill":87,"PureWater":0,"StrikeDummy":6}]},"card_choices":[{"not_picked":["FlyingSleeves","FollowUp"],"picked":"CutThroughFate","floor":1.0},{"not_picked":["Protect","Indignation"],"picked":"ReachHeaven","floor":3.0},{"not_picked":["PathToVictory","Protect","ForeignInfluence"],"picked":"SKIP","floor":7.0},{"not_picked":["Wish","Prostrate"],"picked":"Wallop","floor":8.0},{"not_picked":["ThirdEye","FlyingSleeves"],"picked":"FollowUp","floor":11.0},{"not_picked":["Wireheading","Worship"],"picked":"EmptyFist","floor":12.0},{"not_picked":["SashWhip","Evaluate","ClearTheMind"],"picked":"SKIP","floor":13.0},{"not_picked":["ForeignInfluence","Fasting2"],"picked":"Adaptation","floor":14.0},{"not_picked":["MasterReality","Judgement"],"picked":"LessonLearned","floor":16.0},{"not_picked":["BowlingBash","Protect"],"picked":"EmptyBody","floor":18.0},{"not_picked":["Protect","FlyingSleeves+1"],"picked":"EmptyBody","floor":19.0},{"not_picked":["EmptyBody","Halt"],"picked":"DeceiveReality","floor":22.0},{"not_picked":["Protect","Perseverance","Crescendo"],"picked":"SKIP","floor":23.0},{"not_picked":["CrushJoints","ClearTheMind"],"picked":"Sanctity","floor":28.0},{"not_picked":["Ragnarok","FlyingSleeves"],"picked":"SpiritShield","floor":30.0},{"not_picked":["Halt","FlyingSleeves"],"picked":"FearNoEvil+1","floor":31.0},{"not_picked":["Blasphemy","Alpha"],"picked":"Wish","floor":33.0},{"not_picked":["Meditate","Evaluate","JustLucky"],"picked":"SKIP","floor":35.0},{"not_picked":["Study","Conclude"],"picked":"WheelKick+1","floor":36.0},{"not_picked":["FollowUp","WreathOfFlame","Halt"],"picked":"SKIP","floor":39.0},{"not_picked":["Prostrate","FollowUp"],"picked":"Crescendo+1","floor":41.0},{"not_picked":["BattleHymn+1","WreathOfFlame"],"picked":"Establishment","floor":44.0},{"not_picked":["SashWhip","Protect"],"picked":"Collect+1","floor":47.0},{"not_picked":["Protect","ThirdEye"],"picked":"SashWhip+1","floor":48.0}],"player_experience":2910202,"relics_obtained":[{"floor":5.0,"key":"Centennial Puzzle"},{"floor":8.0,"key":"Orichalcum"},{"floor":9.0,"key":"Happy Flower"},{"floor":13.0,"key":"Dream Catcher"},{"floor":23.0,"key":"Strawberry"},{"floor":28.0,"key":"Pear"},{"floor":30.0,"key":"Potion Belt"},{"floor":41.0,"key":"Nunchaku"},{"floor":43.0,"key":"Oddly Smooth Stone"},{"floor":44.0,"key":"Juzu Bracelet"}],"event_choices":[{"damage_healed":0.0,"max_hp_gain":0.0,"max_hp_loss":0.0,"gold_gain":0.0,"cards_transformed":["Strike_P"],"event_name":"Transmorgrifier","player_choice":"Transformed","floor":2.0,"gold_loss":0.0,"damage_taken":0.0,"cards_obtained":["CutThroughFate"]},{"damage_healed":0.0,"max_hp_gain":0.0,"max_hp_loss":0.0,"gold_gain":0.0,"event_name":"Scrap Ooze","player_choice":"Success","floor":4.0,"gold_loss":0.0,"damage_taken":5.0,"relics_obtained":["StrikeDummy"]},{"damage_healed":0.0,"max_hp_gain":0.0,"max_hp_loss":0.0,"gold_gain":0.0,"event_name":"Wheel of Change","player_choice":"Damaged","floor":10.0,"gold_loss":0.0,"damage_taken":10.0},{"damage_healed":0.0,"max_hp_gain":0.0,"max_hp_loss":0.0,"gold_gain":0.0,"event_name":"The Woman in Blue","player_choice":"Bought 1 Potion","floor":20.0,"gold_loss":0.0,"damage_taken":0.0},{"damage_healed":0.0,"max_hp_gain":0.0,"max_hp_loss":0.0,"gold_gain":0.0,"event_name":"The Mausoleum","player_choice":"Opened","floor":25.0,"gold_loss":0.0,"damage_taken":0.0,"relics_obtained":["Eternal Feather"],"cards_obtained":["Writhe"]},{"damage_healed":0.0,"max_hp_gain":0.0,"max_hp_loss":0.0,"gold_gain":0.0,"cards_transformed":["Defend_P","Strike_P"],"event_name":"Drug Dealer","player_choice":"Became Test Subject","floor":29.0,"gold_loss":0.0,"damage_taken":0.0,"cards_obtained":["Collect","Perseverance"]},{"damage_healed":0.0,"max_hp_gain":0.0,"max_hp_loss":0.0,"gold_gain":999.0,"event_name":"MindBloom","player_choice":"Gold","floor":37.0,"gold_loss":0.0,"damage_taken":0.0,"cards_obtained":["Normality","Normality"]},{"damage_healed":75.0,"max_hp_gain":0.0,"max_hp_loss":17.0,"gold_gain":0.0,"event_name":"The Moai Head","player_choice":"Heal","floor":45.0,"gold_loss":0.0,"damage_taken":0.0}],"is_beta":false,"boss_relics":[{"not_picked":["Sozu","Philosopher\u0027s Stone"],"picked":"Snecko Eye"},{"not_picked":["Astrolabe","Empty Cage"],"picked":"Cursed Key"}],"items_purged_floors":[27,38,46],"is_endless":false,"potions_floor_spawned":[7,12,13,19,22,30,35,47,48],"killed_by":"Time Eater","ascension_level":20}}