{"host":"dkr0dog13pegamnp","time":1614085902,"event":{"mods":["AchievementEnabler","BaseMod","Minty Spire (QoL Compilation)","Rare Cards Sparkle","StSLib","SuperFastMode","everything is the same but u backflip on backflip"],"gold_per_floor":[114,125,139,159,16,16,91,91,164,164,198,198,212,212,212,291,291,306,318,318,334,64,64,83,113,113,113,113,126,126,137,137,214,214,234,247,247,262,279,279,310,310,364,389,389,415,119,131,131,131,131,131,31,59,59,59],"floor_reached":55,"language":"KOR","playtime":2059,"items_purged":["Strike_G","Backstab"],"score":1447,"play_id":"1ba4c698-8faf-465e-b090-ed97a6b99aaa","local_time":"20210223221142","is_ascension_mode":true,"campfire_choices":[{"data":"Noxious Fumes","floor":6.0,"key":"SMITH"},{"data":"Bouncing Flask","floor":8.0,"key":"SMITH"},{"data":"Deadly Poison","floor":10.0,"key":"SMITH"},{"data":"Footwork","floor":15.0,"key":"SMITH"},{"data":"Venomology","floor":23.0,"key":"SMITH"},{"data":"Footwork","floor":30.0,"key":"SMITH"},{"data":"Master of Strategy","floor":32.0,"key":"SMITH"},{"data":"Master of Strategy","floor":40.0,"key":"SMITH"},{"data":"Crippling Poison","floor":45.0,"key":"SMITH"},{"floor":49,"key":"RECALL"},{"data":"Tactician","floor":52,"key":"SMITH"}],"circlet_count":0,"master_deck":["AscendersBane","Defend_G+1","Defend_G","Defend_G+1","Defend_G","Defend_G","Survivor","Neutralize","Deadly Poison+1","Noxious Fumes+1","Bouncing Flask+1","Footwork+1","Venomology+1","Concentrate+1","Footwork+1","Master of Strategy+1","Blur+1","Blur","Escape Plan","Master of Strategy+1","Reflex+1","Crippling Poison+1","Tactician+1","Calculated Gamble"],"relics":["Ring of the Snake","TwistedFunnel","Mercury Hourglass","MealTicket","SlaversCollar","Ice Cream","Pantograph","Empty Cage","Ancient Tea Set","Gambling Chip","Bird Faced Urn","TheAbacus","War Paint","Mango"],"acts_visited":["Exordium","TheCity","TheBeyond","TheEnding"],"potions_floor_usage":[48,48,50,54,55,55],"damage_taken":[{"damage":3.0,"enemies":"Small Slimes","floor":1.0,"turns":7.0},{"damage":4.0,"enemies":"2 Louse","floor":2.0,"turns":4.0},{"damage":2.0,"enemies":"Jaw Worm","floor":3.0,"turns":4.0},{"damage":10.0,"enemies":"Large Slime","floor":4.0,"turns":8.0},{"damage":19.0,"enemies":"3 Sentries","floor":11.0,"turns":6.0},{"damage":0.0,"enemies":"Blue Slaver","floor":13.0,"turns":4.0},{"damage":0.0,"enemies":"The Guardian","floor":16.0,"turns":8.0},{"damage":0.0,"enemies":"Chosen","floor":18.0,"turns":3.0},{"damage":8.0,"enemies":"Shell Parasite","floor":19.0,"turns":6.0},{"damage":18.0,"enemies":"Snake Plant","floor":21.0,"turns":4.0},{"damage":29.0,"enemies":"Cultist and Chosen","floor":24.0,"turns":6.0},{"damage":3.0,"enemies":"Slavers","floor":25.0,"turns":7.0},{"damage":0.0,"enemies":"Centurion and Healer","floor":29.0,"turns":6.0},{"damage":2.0,"enemies":"Snecko","floor":31.0,"turns":6.0},{"damage":4.0,"enemies":"Champ","floor":33.0,"turns":13.0},{"damage":0.0,"enemies":"3 Darklings","floor":35.0,"turns":5.0},{"damage":0.0,"enemies":"Orb Walker","floor":36.0,"turns":5.0},{"damage":7.0,"enemies":"Jaw Worm Horde","floor":38.0,"turns":5.0},{"damage":6.0,"enemies":"Transient","floor":39.0,"turns":5.0},{"damage":0.0,"enemies":"Nemesis","floor":41.0,"turns":9.0},{"damage":0.0,"enemies":"Reptomancer","floor":44.0,"turns":8.0},{"damage":0.0,"enemies":"Nemesis","floor":46.0,"turns":7.0},{"damage":6,"enemies":"4 Shapes","floor":48,"turns":3},{"damage":9,"enemies":"Awakened One","floor":50,"turns":19},{"damage":0,"enemies":"Shield and Spear","floor":54,"turns":6},{"damage":88,"enemies":"The Heart","floor":55,"turns":11}],"seed_played":"53202149589172707","potions_obtained":[{"floor":2.0,"key":"Weak Potion"},{"floor":4.0,"key":"CultistPotion"},{"floor":16.0,"key":"BlessingOfTheForge"},{"floor":19.0,"key":"DuplicationPotion"},{"floor":21.0,"key":"DistilledChaos"},{"floor":29.0,"key":"Weak Potion"},{"floor":38.0,"key":"GamblersBrew"},{"floor":46.0,"key":"Swift Potion"},{"floor":48,"key":"BlessingOfTheForge"}],"is_trial":false,"path_per_floor":["M","M","M","M","$","R","?","R","T","R","E","?","M","?","R","B",null,"M","M","?","M","$","R","M","E","T","?","?","M","R","M","R","B",null,"M","M","?","M","M","R","E","?","T","E","R","E","$","M","R","B",null,"R","$","E","B"],"character_chosen":"THE_SILENT","items_purchased":["TwistedFunnel","Master of Strategy","TheAbacus","War Paint"],"campfire_rested":0,"item_purchase_floors":[5,22,47,47],"current_hp_per_floor":[60,56,54,44,44,44,33,33,33,33,14,7,7,30,30,30,60,60,52,52,34,49,49,20,17,17,17,17,17,17,15,15,36,62,62,62,62,55,49,49,49,49,49,49,49,49,64,60,60,61,68,68,70,84,0,0],"gold":59,"neow_bonus":"REMOVE_CARD","is_daily":false,"chose_seed":false,"campfire_upgraded":10,"win_rate":0.0,"timestamp":1614085902,"path_taken":["M","M","M","M","$","R","?","R","T","R","E","?","M","?","R","BOSS","M","M","?","M","$","R","M","E","T","?","?","M","R","M","R","BOSS","M","M","?","M","M","R","E","?","T","E","R","E","$","M","R","BOSS","R","$","E","BOSS"],"items_purchased_type":["Relic","Card","Relic","Relic"],"build_version":"2020-12-22","purchased_purges":2,"victory":false,"max_hp_per_floor":[70,70,70,70,70,70,70,70,70,70,70,70,70,70,70,70,70,70,70,70,70,70,70,70,70,70,70,70,70,70,70,70,70,70,70,70,70,70,70,70,70,70,70,70,70,70,70,70,70,70,70,70,70,84,84,84],"card_choices":[{"not_picked":["Outmaneuver","Cloak And Dagger"],"picked":"Deadly Poison","floor":1.0},{"not_picked":["Dagger Spray","Endless Agony"],"picked":"Backstab","floor":2.0},{"not_picked":["Finisher","Slice"],"picked":"Noxious Fumes","floor":3.0},{"not_picked":["Acrobatics","PiercingWail"],"picked":"Bouncing Flask","floor":4.0},{"not_picked":["Dodge and Roll","Calculated Gamble"],"picked":"Footwork","floor":11.0},{"not_picked":["Distraction","Poisoned Stab","Caltrops"],"picked":"SKIP","floor":13.0},{"not_picked":["Envenom","Grand Finale"],"picked":"Venomology","floor":16.0},{"not_picked":["Deadly Poison","Leg Sweep","Bouncing Flask"],"picked":"SKIP","floor":18.0},{"not_picked":["Setup","Skewer"],"picked":"Concentrate+1","floor":19.0},{"not_picked":["Masterful Stab","Dagger Spray"],"picked":"Footwork","floor":21.0},{"not_picked":["Backflip","Sucker Punch"],"picked":"Blur+1","floor":24.0},{"not_picked":["PiercingWail","Reflex+1"],"picked":"Crippling Poison","floor":25.0},{"not_picked":["Deflect","Bouncing Flask","Quick Slash"],"picked":"SKIP","floor":29.0},{"not_picked":["Concentrate","Sucker Punch+1","Cloak And Dagger"],"picked":"SKIP","floor":31.0},{"not_picked":["Flying Knee","Flechettes"],"picked":"Escape Plan","floor":35.0},{"not_picked":["Concentrate+1","Blade Dance","Quick Slash+1"],"picked":"SKIP","floor":36.0},{"not_picked":["Flash of Steel","Secret Weapon"],"picked":"Master of Strategy","floor":37.0},{"not_picked":["Acrobatics","Dodge and Roll","Dagger Throw+1"],"picked":"SKIP","floor":38.0},{"not_picked":["Dodge and Roll","Concentrate","All Out Attack"],"picked":"SKIP","floor":39.0},{"not_picked":["Flying Knee","Expertise"],"picked":"Reflex+1","floor":41.0},{"not_picked":["Riddle With Holes","Bouncing Flask","Crippling Poison"],"picked":"SKIP","floor":44.0},{"not_picked":["Riddle With Holes","Bouncing Flask"],"picked":"Crippling Poison","floor":44.0},{"not_picked":["Deadly Poison+1","Dagger Throw+1","Expertise+1"],"picked":"SKIP","floor":46.0},{"not_picked":["Choke","Acrobatics"],"picked":"Tactician","floor":48},{"not_picked":["Blade Dance","Outmaneuver+1"],"picked":"Calculated Gamble","floor":54}],"player_experience":100137,"relics_obtained":[{"floor":9.0,"key":"Mercury Hourglass"},{"floor":11.0,"key":"MealTicket"},{"floor":25.0,"key":"Ice Cream"},{"floor":26.0,"key":"Pantograph"},{"floor":41.0,"key":"Ancient Tea Set"},{"floor":44.0,"key":"Gambling Chip"},{"floor":46.0,"key":"Bird Faced Urn"},{"floor":54,"key":"Mango"}],"event_choices":[{"damage_healed":0.0,"max_hp_gain":0.0,"max_hp_loss":0.0,"gold_gain":75.0,"event_name":"World of Goop","player_choice":"Gather Gold","floor":7.0,"gold_loss":0.0,"damage_taken":11.0},{"cards_removed":["Strike_G"],"damage_healed":0.0,"max_hp_gain":0.0,"max_hp_loss":0.0,"gold_gain":0.0,"event_name":"Golden Wing","player_choice":"Card Removal","floor":12.0,"gold_loss":0.0,"damage_taken":7.0},{"damage_healed":23.0,"max_hp_gain":0.0,"max_hp_loss":0.0,"gold_gain":0.0,"event_name":"Big Fish","player_choice":"Banana","floor":14.0,"gold_loss":0.0,"damage_taken":0.0},{"damage_healed":0.0,"max_hp_gain":0.0,"max_hp_loss":0.0,"gold_gain":0.0,"event_name":"Ghosts","player_choice":"Ignored","floor":20.0,"gold_loss":0.0,"damage_taken":0.0},{"damage_healed":0.0,"max_hp_gain":0.0,"max_hp_loss":0.0,"gold_gain":0.0,"event_name":"Vampires","player_choice":"Ignored","floor":27.0,"gold_loss":0.0,"damage_taken":0.0},{"damage_healed":0.0,"max_hp_gain":0.0,"max_hp_loss":0.0,"gold_gain":0.0,"event_name":"The Library","player_choice":"Read","floor":28.0,"gold_loss":0.0,"damage_taken":0.0,"cards_obtained":["Blur"]},{"damage_healed":0.0,"max_hp_gain":0.0,"max_hp_loss":0.0,"gold_gain":0.0,"event_name":"SensoryStone","player_choice":"Memory 1","floor":37.0,"gold_loss":0.0,"damage_taken":0.0},{"cards_removed":["Crippling Poison"],"damage_healed":0.0,"max_hp_gain":0.0,"max_hp_loss":0.0,"gold_gain":0.0,"event_name":"Falling","player_choice":"Removed Skill","floor":42.0,"gold_loss":0.0,"damage_taken":0.0}],"is_beta":false,"boss_relics":[{"not_picked":["Calling Bell","Philosopher\u0027s Stone"],"picked":"SlaversCollar"},{"not_picked":["Fusion Hammer","Sozu"],"picked":"Empty Cage"}],"items_purged_floors":[22,53],"is_endless":false,"potions_floor_spawned":[2,4,16,19,21,29,38,39,46,48],"killed_by":"The Heart","ascension_level":13}}