{"host":"zmzacdglms6ret13","time":1614044750,"event":{"mods":["Act Like it!","BaseMod","Colored Map","Decade(王小明)","Downfall","Energized Spire","Highlight Path","Marisa（F雨　魔理沙）","Minty Spire (QoL Compilation)","MostiFishMod","Pale of the Ancients","Quick Restart","Replay The Spire","RumiaBox-露米娅的神秘盒子","SOS（斯巴达之子）","StSLib","Td1madao Mod","The Construct","The Cursed","The IronCluck","The Servant 0.9.4","Waifu the Spire","Warlord Emblem"],"gold_per_floor":[109,109,123,138,138,167,187,216,216,248,261,287,307,339,339,339,339],"floor_reached":16,"language":"ZHS","playtime":441,"items_purged":[],"score":250,"play_id":"1be687bd-b69e-48db-8d30-1033ce422b83","local_time":"20210223094550","is_ascension_mode":true,"campfire_choices":[{"data":"Armaments","floor":15,"key":"SMITH"}],"circlet_count":0,"master_deck":["Strike_R","Strike_R","Strike_R","Strike_R+1","Defend_R","Defend_R","Defend_R","Defend_R","Body Slam+1","True Grit","True Grit","Impervious","Uppercut+1","Sentinel","Battle Trance","Body Slam+1","Armaments+1","Replay:Undeath\u0027s Touch+1"],"relics":["Burning Blood","DaveBox","FeatherPendant","SynthV:TestCard","Replay:Bottled Snecko","Shovel","Replay:PocketPolymizer","Molten Egg 2","Centennial Puzzle","Chameleon Ring"],"acts_visited":["Exordium"],"potions_floor_usage":[14],"damage_taken":[{"damage":2,"enemies":"Jaw Worm","floor":1,"turns":2},{"damage":0,"enemies":"2 Louse","floor":3,"turns":2},{"damage":0,"enemies":"Small Slimes","floor":4,"turns":2},{"damage":0,"enemies":"Lagavulin","floor":6,"turns":4},{"damage":0,"enemies":"3 Louse","floor":7,"turns":3},{"damage":28,"enemies":"Gremlin Nob","floor":8,"turns":4},{"damage":10,"enemies":"Lagavulin","floor":10,"turns":5},{"damage":0,"enemies":"Looter","floor":11,"turns":1},{"damage":5,"enemies":"Gremlin Nob","floor":12,"turns":3},{"damage":0,"enemies":"2 Fungi Beasts","floor":13,"turns":2},{"damage":0,"enemies":"3 Sentries","floor":14,"turns":3},{"damage":0,"enemies":"Fading Forest","floor":16,"turns":1}],"seed_played":"731281687006826067","potions_obtained":[{"floor":3,"key":"Ancient Potion"},{"floor":10,"key":"Fire Potion"},{"floor":12,"key":"Doom Potion"},{"floor":14,"key":"Cursed Concoction"}],"is_trial":false,"path_per_floor":["M","?","M","M","?","E","M","E","T","E","M","E","M","E","R","B"],"character_chosen":"IRONCLAD","items_purchased":[],"campfire_rested":0,"item_purchase_floors":[],"current_hp_per_floor":[88,88,88,88,70,76,82,60,60,56,62,63,69,75,75,75,75],"gold":339,"neow_bonus":"TEN_PERCENT_HP_BONUS","is_daily":false,"chose_seed":false,"campfire_upgraded":1,"win_rate":0.0,"timestamp":1614044750,"path_taken":["M","?","M","M","?","E","M","E","T","E","M","E","M","E","R","BOSS"],"items_purchased_type":[],"build_version":"2020-12-22","purchased_purges":0,"victory":false,"max_hp_per_floor":[88,88,88,88,88,88,88,88,88,88,88,88,88,88,88,88,88],"card_choices":[{"not_picked":["Cleave","Infernal Blade"],"picked":"Body Slam","floor":1},{"not_picked":["Anger","ReplayTheSpireMod:Stacked","Sword Boomerang","Massacre"],"picked":"True Grit","floor":3},{"not_picked":["Exhume","Warcry","Blood for Blood","Flex"],"picked":"True Grit","floor":4},{"not_picked":["Immolate","ReplayTheSpireMod:Corrosion Curse","ReplayTheSpireMod:Strike From Hell","Twin Strike"],"picked":"Impervious","floor":6},{"not_picked":["Run Through","Havoc","Disarm","Cleave","Thunderclap"],"picked":"SKIP","floor":7},{"not_picked":["Defy Death","Second Wind","Clothesline","Wild Strike","ReplayTheSpireMod:Strike From Hell"],"picked":"SKIP","floor":8},{"not_picked":["Replay:Undeath\u0027s Touch+1","Twin Strike+1","Carnage+1","Havoc"],"picked":"Uppercut+1","floor":10},{"not_picked":["Replay:Undeath\u0027s Touch+1","Whirlwind+1","Headbutt+1","Sword Boomerang+1"],"picked":"Sentinel","floor":11},{"not_picked":["Reaper+1","Life Link","Clothesline+1","Havoc"],"picked":"Battle Trance","floor":12},{"not_picked":["Wild Strike+1","Warcry","ReplayTheSpireMod:Limb From Limb+1","Pommel Strike+1"],"picked":"Body Slam+1","floor":13},{"not_picked":["Warcry","Pommel Strike+1","Headbutt+1","Metallicize"],"picked":"Armaments","floor":14}],"player_experience":380758,"relics_obtained":[{"floor":1,"key":"SynthV:TestCard"},{"floor":6,"key":"Replay:Bottled Snecko"},{"floor":8,"key":"Shovel"},{"floor":9,"key":"Replay:PocketPolymizer"},{"floor":10,"key":"Molten Egg 2"},{"floor":12,"key":"Centennial Puzzle"},{"floor":14,"key":"Chameleon Ring"}],"event_choices":[{"cards_removed":["Strike_R"],"damage_healed":0,"gold_gain":0,"player_choice":"Forget","damage_taken":0,"max_hp_gain":0,"max_hp_loss":0,"event_name":"Living Wall","floor":2,"gold_loss":0},{"damage_healed":0,"gold_gain":0,"player_choice":"Entered Light","damage_taken":18,"max_hp_gain":0,"max_hp_loss":0,"event_name":"Shining Light","floor":5,"gold_loss":0,"cards_upgraded":["Strike_R","Body Slam"]}],"is_beta":false,"boss_relics":[],"items_purged_floors":[],"is_endless":false,"potions_floor_spawned":[3,10,12,13,14],"killed_by":"Fading Forest","ascension_level":3}}