{"host":"yajbwjoofeeg2olc","time":1614110137,"event":{"mods":["A Magickal Journey","AchievementEnabler","Aspiration","Bard","BaseMod","Beaked The Cultist","Better Altar","Better Match","Better Note","Better Sensory Stone","Better Skull","Better Third Choice","BetterRewards","CCEM2","Clockwork Mod","Colored Map","Colored Powertips","Conspire","Friendly Minions","GifTheSpireLib","Glutton Mod","Gremlin Mod","GungeonMod","Halation","Hermit","HexUI Lib","Highlight Path","Hubris","Hunter ??","Jedi Mod","Jorbs\u0027s Wanderer Trilogy","Library of Ruina","Mad Scientist","Magineer Mod","Magitek Elite","Marisa????????","Mimic Mod","Minty Spire (QoL Compilation)","Permanent Neow","Replay The Spire","Robot Space Explorer","Shade Mod","Shapeshifter Mod","Shop Mod","Spicy Shops","StSLib","Stuff the Spire","The Administrix","The Alterego","The Animator","The Blackbeard","The Bug Knight","The Construct","The Cursed","The Death Knight","The Disciple","The Exalted","The Forsaken","The Marked","The Mystic","The Necromancer","The Problem Sleuth","The Runesmith","The Servant 0.9.4","The Spell Scribe","The Valiant","The Witch","TheHero","TheVacant"],"gold_per_floor":[65,65,65,5,22,52,52,82,155,165,190,203,10,29,29,29,29],"floor_reached":16,"language":"ENG","playtime":1378,"items_purged":[],"score":195,"play_id":"99f15dfe-e9b2-4669-b717-1b283ee5e115","local_time":"20210223195537","is_ascension_mode":false,"campfire_choices":[{"data":"ReplayTheSpireMod:Brewmster","floor":7,"key":"SMITH"},{"data":"Desperation","floor":15,"key":"SMITH"}],"circlet_count":0,"master_deck":["Strike_Valiant","Strike_Valiant","Strike_Valiant","Strike_Valiant","Strike_Valiant","Defend_Valiant","Defend_Valiant","Defend_Valiant","Defend_Valiant","BlindingLight","MinorHealing","MinorHealing","Ensoul","ReplayTheSpireMod:Brewmster+1","CombatStance","FuriousSmite","Apotheosis+1","PiercingStab","Desperation+1","Sharpen","Quickstep","SoulStrain+1","jedi:forcepull+1"],"relics":["Cross Pendant","DemoMod:GnawedKey","PageOfAspirationHeart","Golden Egg","DemoMod:WeirdEgg","DemoMod:MemoryAlloy","ReplayTheSpireMod:ShopPack"],"acts_visited":["Exordium"],"potions_floor_usage":[1,5,6,8,11],"damage_taken":[{"damage":9,"enemies":"Cultist","floor":1,"turns":6},{"damage":8,"enemies":"Jaw Worm","floor":5,"turns":2},{"damage":5,"enemies":"Gremlin Nob","floor":6,"turns":3},{"damage":8,"enemies":"Lagavulin","floor":8,"turns":2},{"damage":7,"enemies":"2 Louse","floor":10,"turns":1},{"damage":10,"enemies":"3 Sentries","floor":11,"turns":4},{"damage":5,"enemies":"Gremlin Gang","floor":12,"turns":4},{"damage":8,"enemies":"Exordium Wildlife","floor":14,"turns":2},{"damage":6,"enemies":"Fading Forest","floor":16,"turns":4}],"seed_played":"-3500962624513327494","potions_obtained":[{"floor":1,"key":"DeathKnight:RimePotion"},{"floor":8,"key":"DistilledChaos"}],"is_trial":false,"path_per_floor":["M","?","?","?","M","E","R","E","T","M","E","M","$","M","R","B"],"character_chosen":"TheValiant","items_purchased":["Ensoul","ReplayTheSpireMod:Brewmster","DemoMod:GnawedKey","CombatStance","SoulStrain","ReplayTheSpireMod:ShopPack"],"campfire_rested":0,"item_purchase_floors":[0,0,0,0,13,13],"current_hp_per_floor":[91,91,96,96,88,94,94,86,86,79,85,80,80,80,80,74,74],"gold":29,"neow_bonus":"","is_daily":false,"chose_seed":false,"campfire_upgraded":2,"win_rate":0.0,"timestamp":1614110137,"path_taken":["M","?","?","?","M","E","R","E","T","?","E","M","$","M","R","BOSS"],"items_purchased_type":["Card","Card","Relic","Card","Card","Relic"],"build_version":"2020-12-22","purchased_purges":0,"victory":false,"max_hp_per_floor":[100,100,105,105,105,105,105,105,105,105,105,105,105,105,105,105,105],"card_choices":[{"not_picked":["UnyieldingZeal","WideSmite"],"picked":"FuriousSmite","floor":1},{"not_picked":["Meaballize","MightForm"],"picked":"PiercingStab","floor":5},{"not_picked":["QuickSiphon","Zen"],"picked":"Desperation","floor":6},{"not_picked":["Uprising","Meaballize","ItsSmitingTime"],"picked":"SKIP","floor":8},{"not_picked":["Radiance","QuickSiphon"],"picked":"Sharpen","floor":10},{"not_picked":["Zen","ItsSmitingTime"],"picked":"Quickstep","floor":11},{"not_picked":["Quickstep","FullAwakening","RecklessSmite"],"picked":"SKIP","floor":12},{"not_picked":["Crow Ritual","Transmutation"],"picked":"jedi:forcepull","floor":13},{"not_picked":["ArcaneHealing","ZealousPersecution","ItsSmitingTime"],"picked":"SKIP","floor":14}],"player_experience":304304,"relics_obtained":[{"floor":6,"key":"Golden Egg"},{"floor":8,"key":"DemoMod:WeirdEgg"},{"floor":11,"key":"DemoMod:MemoryAlloy"}],"event_choices":[{"damage_healed":91,"gold_gain":0,"player_choice":"Embrace","damage_taken":0,"max_hp_gain":0,"max_hp_loss":100,"event_name":"betterThird:BetterShining","floor":2,"gold_loss":0},{"damage_healed":0,"gold_gain":0,"player_choice":"Donut","damage_taken":0,"max_hp_gain":5,"max_hp_loss":0,"event_name":"Big Fish","floor":3,"gold_loss":0},{"damage_healed":0,"gold_gain":0,"player_choice":"Paid Gold","damage_taken":0,"relics_obtained":["PageOfAspirationHeart"],"max_hp_gain":0,"max_hp_loss":0,"event_name":"WeMeetAgain","floor":4,"gold_loss":60}],"is_beta":false,"boss_relics":[],"items_purged_floors":[],"is_endless":false,"potions_floor_spawned":[1,8,10,14],"killed_by":"Fading Forest","ascension_level":0}}