{"host":"g3js2eermvvpeiqn","time":1614119139,"event":{"mods":["BaseMod","DeckTracker","Downfall","Minty Spire (QoL Compilation)","Quick Restart","StSLib"],"gold_per_floor":[117,5,15,15,29,29,62,79,79,96,96,96,108,126,126,200,200,219,31,47,47,47,47,63,97,97,97,125,125,140,151,151,230,230,240,290,300,314,339,339,339,339,339,355,382,382,393,406,406,406,406],"floor_reached":50,"language":"ENG","playtime":4528,"items_purged":["Strike_G"],"score":1107,"play_id":"15240552-5c83-4b07-9894-af4e0f8527c0","local_time":"20210223162539","is_ascension_mode":true,"campfire_choices":[{"data":"Footwork","floor":6.0,"key":"SMITH"},{"data":"Deadly Poison","floor":12.0,"key":"SMITH"},{"data":"Neutralize","floor":15.0,"key":"SMITH"},{"data":"Poisoned Stab","floor":23.0,"key":"SMITH"},{"floor":29.0,"key":"REST"},{"floor":32.0,"key":"REST"},{"floor":40.0,"key":"RECALL"},{"floor":49.0,"key":"REST"}],"circlet_count":0,"master_deck":["AscendersBane","Strike_G","Strike_G","Strike_G","Defend_G","Defend_G","Defend_G+1","Defend_G","Defend_G","Survivor+1","Neutralize+1","Well Laid Plans+1","Footwork+1","Poisoned Stab+1","Backflip","Deadly Poison+1","Acrobatics+1","Leg Sweep+1","Cloak And Dagger+1","Terror+1","Storm of Steel+1","Dagger Spray","Cloak And Dagger+1","Blade Dance+1","Leg Sweep+1","Blur+1","Phantasmal Killer+1","Tactician+1"],"relics":["Ring of the Snake","NeowsBlessing","Matryoshka","Shuriken","Toxic Egg 2","Busted Crown","Snake Skull","Eternal Feather","War Paint","Gremlin Horn","Blue Candle","Fusion Hammer","Gambling Chip","Prayer Wheel","Pantograph","FossilizedHelix"],"acts_visited":["Exordium","TheCity","TheBeyond"],"potions_floor_usage":[50],"damage_taken":[{"damage":0.0,"enemies":"Small Slimes","floor":1.0,"turns":1.0},{"damage":0.0,"enemies":"Cultist","floor":3.0,"turns":1.0},{"damage":0.0,"enemies":"2 Louse","floor":5.0,"turns":1.0},{"damage":28.0,"enemies":"3 Sentries","floor":7.0,"turns":15.0},{"damage":8.0,"enemies":"Exordium Thugs","floor":8.0,"turns":6.0},{"damage":0.0,"enemies":"Gremlin Gang","floor":10.0,"turns":3.0},{"damage":6.0,"enemies":"Large Slime","floor":13.0,"turns":9.0},{"damage":0.0,"enemies":"2 Fungi Beasts","floor":14.0,"turns":5.0},{"damage":1.0,"enemies":"Hexaghost","floor":16.0,"turns":10.0},{"damage":4.0,"enemies":"Spheric Guardian","floor":18.0,"turns":4.0},{"damage":0.0,"enemies":"Chosen","floor":20.0,"turns":3.0},{"damage":15.0,"enemies":"Snake Plant","floor":24.0,"turns":3.0},{"damage":15.0,"enemies":"Slavers","floor":25.0,"turns":4.0},{"damage":2.0,"enemies":"Book of Stabbing","floor":28.0,"turns":4.0},{"damage":7.0,"enemies":"Chosen and Byrds","floor":30.0,"turns":4.0},{"damage":3.0,"enemies":"Cultist and Chosen","floor":31.0,"turns":5.0},{"damage":3.0,"enemies":"Collector","floor":33.0,"turns":7.0},{"damage":0.0,"enemies":"3 Darklings","floor":35.0,"turns":5.0},{"damage":0.0,"enemies":"Orb Walker","floor":37.0,"turns":3.0},{"damage":8.0,"enemies":"Sphere and 2 Shapes","floor":38.0,"turns":4.0},{"damage":0.0,"enemies":"Mind Bloom Boss Battle","floor":39.0,"turns":5.0},{"damage":0.0,"enemies":"Writhing Mass","floor":44.0,"turns":5.0},{"damage":0.0,"enemies":"Giant Head","floor":45.0,"turns":3.0},{"damage":0.0,"enemies":"Spire Growth","floor":47.0,"turns":6.0},{"damage":0.0,"enemies":"4 Shapes","floor":48.0,"turns":7.0},{"damage":95,"enemies":"Time Eater","floor":50,"turns":8}],"seed_played":"-2738859928747243431","potions_obtained":[{"floor":5.0,"key":"CunningPotion"},{"floor":8.0,"key":"bronze:BurnAndBuffPotion"},{"floor":16.0,"key":"DuplicationPotion"},{"floor":20.0,"key":"Explosive Potion"},{"floor":25.0,"key":"Swift Potion"},{"floor":33.0,"key":"DistilledChaos"},{"floor":37.0,"key":"LiquidBronze"},{"floor":42.0,"key":"SneckoOil"},{"floor":42.0,"key":"Strength Potion"},{"floor":44.0,"key":"SkillPotion"},{"floor":47.0,"key":"EssenceOfSteel"},{"floor":48.0,"key":"CultistPotion"}],"is_trial":false,"path_per_floor":["M","$","M","?","M","R","E","M","T","M","?","R","M","M","R","B",null,"M","$","M","?","?","R","M","E","T","$","E","R","M","M","R","B",null,"M","?","M","M","?","R","T","?","T","M","E","?","M","M","R","B"],"character_chosen":"THE_SILENT","items_purchased":["Footwork","Snake Skull","Dagger Spray"],"campfire_rested":3,"item_purchase_floors":[2,19,19],"current_hp_per_floor":[59,59,59,59,59,59,31,23,23,23,23,23,17,17,17,16,54,50,50,50,50,50,50,35,20,20,20,18,49,42,39,66,63,65,65,65,65,57,57,66,66,66,66,66,66,66,66,66,66,0,0],"gold":406,"neow_bonus":"THREE_ENEMY_KILL","is_daily":false,"chose_seed":false,"campfire_upgraded":4,"win_rate":0.0,"timestamp":1614119139,"path_taken":["M","$","M","?","?","R","E","M","T","M","?","R","M","?","R","BOSS","M","$","?","?","?","R","M","E","T","$","E","R","?","M","R","BOSS","M","?","?","M","?","R","?","?","T","?","E","?","?","M","R","BOSS"],"items_purchased_type":["Card","Relic","Card"],"build_version":"2020-12-22","purchased_purges":1,"victory":false,"max_hp_per_floor":[66,66,66,66,66,66,66,66,66,66,66,66,66,66,66,66,66,66,66,66,66,66,66,66,66,66,66,66,66,66,66,66,66,66,66,66,66,66,66,66,66,66,66,66,66,66,66,66,66,66,66],"card_choices":[{"not_picked":["Bane","Backstab"],"picked":"Well Laid Plans","floor":1.0},{"not_picked":["PiercingWail","Bane"],"picked":"Poisoned Stab","floor":3.0},{"not_picked":["Dodge and Roll","Venomology"],"picked":"Backflip","floor":5.0},{"not_picked":["Phantasmal Killer","Backstab"],"picked":"Deadly Poison","floor":7.0},{"not_picked":["Choke","All Out Attack"],"picked":"Acrobatics","floor":8.0},{"not_picked":["Deflect+1","Dagger Spray"],"picked":"Leg Sweep+1","floor":10.0},{"not_picked":["Poisoned Stab","Backflip+1"],"picked":"Cloak And Dagger+1","floor":13.0},{"not_picked":["Predator","Setup+1"],"picked":"Terror+1","floor":14.0},{"not_picked":["Grand Finale","Tools of the Trade"],"picked":"Storm of Steel+1","floor":16.0},{"not_picked":["Underhanded Strike"],"picked":"SKIP","floor":18.0},{"not_picked":["Caltrops"],"picked":"SKIP","floor":20.0},{"not_picked":[],"picked":"Cloak And Dagger+1","floor":24.0},{"not_picked":["Dagger Spray"],"picked":"SKIP","floor":25.0},{"not_picked":[],"picked":"Blade Dance+1","floor":28.0},{"not_picked":[],"picked":"Leg Sweep+1","floor":30.0},{"not_picked":["Blur+1"],"picked":"SKIP","floor":31.0},{"not_picked":[],"picked":"Blur+1","floor":31.0},{"not_picked":[],"picked":"Phantasmal Killer+1","floor":33.0},{"not_picked":["Masterful Stab"],"picked":"SKIP","floor":35.0},{"not_picked":["Flying Knee"],"picked":"SKIP","floor":37.0},{"not_picked":[],"picked":"Tactician+1","floor":38.0},{"not_picked":["Heel Hook"],"picked":"SKIP","floor":44.0},{"not_picked":["Quick Slash"],"picked":"SKIP","floor":44.0},{"not_picked":["Choke"],"picked":"SKIP","floor":45.0},{"not_picked":["Prepared+1"],"picked":"SKIP","floor":47.0},{"not_picked":["Flying Knee+1"],"picked":"SKIP","floor":47.0},{"not_picked":["Backstab"],"picked":"SKIP","floor":48.0},{"not_picked":["Finisher"],"picked":"SKIP","floor":48.0}],"player_experience":1561733,"relics_obtained":[{"floor":7.0,"key":"Matryoshka"},{"floor":9.0,"key":"Shuriken"},{"floor":9.0,"key":"Toxic Egg 2"},{"floor":25.0,"key":"Eternal Feather"},{"floor":26.0,"key":"War Paint"},{"floor":26.0,"key":"Gremlin Horn"},{"floor":28.0,"key":"Blue Candle"},{"floor":39.0,"key":"Gambling Chip"},{"floor":41.0,"key":"Prayer Wheel"},{"floor":45.0,"key":"Pantograph"},{"floor":46.0,"key":"FossilizedHelix"}],"event_choices":[{"damage_healed":0.0,"max_hp_gain":0.0,"max_hp_loss":0.0,"gold_gain":0.0,"event_name":"Upgrade Shrine","player_choice":"Upgraded","floor":4.0,"gold_loss":0.0,"damage_taken":0.0,"cards_upgraded":["Well Laid Plans"]},{"damage_healed":0.0,"max_hp_gain":0.0,"max_hp_loss":0.0,"gold_gain":0.0,"event_name":"Upgrade Shrine","player_choice":"Upgraded","floor":11.0,"gold_loss":0.0,"damage_taken":0.0,"cards_upgraded":["Acrobatics"]},{"cards_removed":["Strike_G"],"damage_healed":0.0,"max_hp_gain":0.0,"max_hp_loss":0.0,"gold_gain":0.0,"event_name":"Purifier","player_choice":"Purged","floor":22.0,"gold_loss":0.0,"damage_taken":0.0},{"damage_healed":0.0,"max_hp_gain":0.0,"max_hp_loss":0.0,"gold_gain":50.0,"event_name":"Golden Shrine","player_choice":"Pray","floor":36.0,"gold_loss":0.0,"damage_taken":0.0},{"damage_healed":0.0,"max_hp_gain":0.0,"max_hp_loss":0.0,"gold_gain":0.0,"event_name":"MindBloom","player_choice":"Fight","floor":39.0,"gold_loss":0.0,"damage_taken":0.0},{"damage_healed":0.0,"max_hp_gain":0.0,"max_hp_loss":0.0,"gold_gain":0.0,"event_name":"Lab","player_choice":"Got Potions","floor":42.0,"gold_loss":0.0,"damage_taken":0.0},{"damage_healed":0.0,"max_hp_gain":0.0,"max_hp_loss":0.0,"gold_gain":0.0,"event_name":"Wheel of Change","player_choice":"Relic","floor":46.0,"gold_loss":0.0,"damage_taken":0.0}],"is_beta":false,"boss_relics":[{"not_picked":["Astrolabe","Ectoplasm"],"picked":"Busted Crown"},{"not_picked":["Black Star","bronze:MakeshiftBattery"],"picked":"Fusion Hammer"}],"items_purged_floors":[2],"is_endless":false,"potions_floor_spawned":[5,8,16,20,25,33,37,44,47,48],"killed_by":"Time Eater","ascension_level":20}}