{"host":"rfvxwqmjnimh09wr","time":1614116832,"event":{"mods":["BaseMod","Colored Map","Minty Spire (QoL Compilation)","StSLib"],"gold_per_floor":[113,113,128,2,16,16,47,59,59,84,84,104,122,22,22,118,118,130,140,15,0,0,32,32,32,59,59,79,30,30,42,42,140,140,154,154,154,34,44,44,44,0,0,12,22,22,22,34,34,34,34],"floor_reached":50,"language":"ENG","playtime":2398,"items_purged":["Strike_R","Strike_R","Strike_R"],"score":520,"play_id":"eb9cc195-fd58-4521-afb2-6180beacc380","local_time":"20210223164712","is_ascension_mode":false,"campfire_choices":[{"data":"Fiend Fire","floor":6,"key":"SMITH"},{"data":"Fire Breathing","floor":11,"key":"SMITH"},{"data":"Bash","floor":15,"key":"SMITH"},{"data":"Armaments","floor":24,"key":"SMITH"},{"data":"Barricade","floor":25,"key":"SMITH"},{"floor":27,"key":"RECALL"},{"data":"Fire Breathing","floor":30,"key":"SMITH"},{"floor":32,"key":"REST"},{"data":"Limit Break","floor":40,"key":"SMITH"},{"floor":46,"key":"REST"},{"data":"Limit Break","floor":49,"key":"SMITH"}],"circlet_count":0,"master_deck":["Bash+1","Fiend Fire+1","Fire Breathing+1","Battle Trance","Reckless Charge","Cleave","Pommel Strike","Spot Weakness","Feed+1","Wild Strike+1","Barricade+1","CurseOfTheBell","Armaments+1","Fire Breathing+1","Body Slam+1","Limit Break+1","Flame Barrier","Sentinel","Rupture","Limit Break+1","Heavy Blade+1","Evolve","Mayhem","Enlightenment","Ghostly Armor","Inflame","Doubt"],"relics":["Burning Blood","White Beast Statue","Bottled Flame","Molten Egg 2","Calling Bell","Art of War","HornCleat","WingedGreaves","Bird Faced Urn","Happy Flower","Pandora\u0027s Box","Red Mask"],"acts_visited":["Exordium","TheCity","TheBeyond"],"potions_floor_usage":[10,13,18,19,23,23,28,31,31,33,33,44,44,45,48,50,50],"damage_taken":[{"damage":5,"enemies":"2 Louse","floor":1,"turns":2},{"damage":3,"enemies":"Jaw Worm","floor":3,"turns":4},{"damage":0,"enemies":"Cultist","floor":5,"turns":2},{"damage":8,"enemies":"Gremlin Nob","floor":7,"turns":3},{"damage":8,"enemies":"3 Louse","floor":8,"turns":3},{"damage":26,"enemies":"Lagavulin","floor":10,"turns":5},{"damage":0,"enemies":"Large Slime","floor":12,"turns":5},{"damage":6,"enemies":"Exordium Wildlife","floor":13,"turns":2},{"damage":0,"enemies":"Slime Boss","floor":16,"turns":3},{"damage":10,"enemies":"3 Byrds","floor":18,"turns":3},{"damage":20,"enemies":"Shell Parasite","floor":19,"turns":5},{"damage":22,"enemies":"Gremlin Leader","floor":23,"turns":6},{"damage":1,"enemies":"Snecko","floor":28,"turns":3},{"damage":9,"enemies":"Snake Plant","floor":31,"turns":2},{"damage":43,"enemies":"Champ","floor":33,"turns":7},{"damage":9,"enemies":"3 Shapes","floor":35,"turns":3},{"damage":11,"enemies":"Orb Walker","floor":39,"turns":3},{"damage":49,"enemies":"Transient","floor":44,"turns":5},{"damage":9,"enemies":"4 Shapes","floor":45,"turns":4},{"damage":15,"enemies":"Jaw Worm Horde","floor":48,"turns":5},{"damage":85,"enemies":"Awakened One","floor":50,"turns":5}],"seed_played":"-3056067633735388126","potions_obtained":[{"floor":5,"key":"BlessingOfTheForge"},{"floor":7,"key":"Weak Potion"},{"floor":8,"key":"Ancient Potion"},{"floor":10,"key":"LiquidBronze"},{"floor":12,"key":"Explosive Potion"},{"floor":13,"key":"SpeedPotion"},{"floor":18,"key":"ColorlessPotion"},{"floor":19,"key":"SteroidPotion"},{"floor":22,"key":"HeartOfIron"},{"floor":22,"key":"Energy Potion"},{"floor":23,"key":"Swift Potion"},{"floor":28,"key":"FearPotion"},{"floor":31,"key":"Energy Potion"},{"floor":33,"key":"SkillPotion"},{"floor":35,"key":"Dexterity Potion"},{"floor":39,"key":"SkillPotion"},{"floor":44,"key":"LiquidBronze"},{"floor":45,"key":"Explosive Potion"},{"floor":48,"key":"Swift Potion"}],"is_trial":false,"path_per_floor":["M","?","M","$","M","R","E","M","T","E","R","M","M","$","R","B",null,"M","M","$","?","?","E","R","R","T","R","M","$","R","M","R","B",null,"M","?","?","$","M","R","?","?","T","M","M","R","$","M","R","B"],"character_chosen":"IRONCLAD","items_purchased":["Cleave","Block Potion","Ghostly Armor","Inflame"],"campfire_rested":2,"item_purchase_floors":[4,29,38,38],"current_hp_per_floor":[80,80,80,80,80,80,78,76,76,56,56,62,62,62,62,68,80,76,62,62,62,62,46,46,46,46,46,55,55,55,52,77,44,84,87,77,77,77,78,78,88,88,88,47,52,78,78,77,77,0,0],"gold":34,"neow_bonus":"ONE_RANDOM_RARE_CARD","is_daily":false,"chose_seed":false,"campfire_upgraded":8,"win_rate":0.0,"timestamp":1614116832,"path_taken":["M","?","M","$","M","R","E","M","T","E","R","M","M","$","R","BOSS","M","M","$","?","?","E","R","R","T","R","?","$","R","M","R","BOSS","M","?","?","?","M","R","?","?","T","M","M","R","$","M","R","BOSS"],"items_purchased_type":["Card","Potion","Card","Card"],"build_version":"2020-12-22","purchased_purges":3,"victory":false,"max_hp_per_floor":[80,80,80,80,80,80,80,80,80,80,80,80,80,80,80,80,80,80,80,80,80,80,80,80,80,80,80,84,84,84,84,84,84,84,88,88,88,88,88,88,88,88,88,88,88,88,88,88,88,88,88],"card_choices":[{"not_picked":["Armaments","Spot Weakness"],"picked":"Fire Breathing","floor":1},{"not_picked":["Intimidate","Flex"],"picked":"Reckless Charge","floor":3},{"not_picked":["Whirlwind","Body Slam","Bloodletting"],"picked":"SKIP","floor":5},{"not_picked":["Brutality","True Grit"],"picked":"Pommel Strike","floor":7},{"not_picked":["Dual Wield","Perfected Strike"],"picked":"Spot Weakness","floor":8},{"not_picked":["Flex","Reckless Charge+1"],"picked":"Feed+1","floor":10},{"not_picked":["Rage","Body Slam+1"],"picked":"Wild Strike+1","floor":12},{"not_picked":["Second Wind","Disarm","Cleave+1"],"picked":"SKIP","floor":13},{"not_picked":["Brutality","Reaper+1"],"picked":"Barricade","floor":16},{"not_picked":["Disarm","Infernal Blade"],"picked":"Pommel Strike+1","floor":18},{"not_picked":["True Grit","Uppercut+1","Shrug It Off"],"picked":"SKIP","floor":19},{"not_picked":["Disarm+1","Perfected Strike+1"],"picked":"Armaments","floor":23},{"not_picked":["Clash+1","Offering"],"picked":"Fire Breathing","floor":28},{"not_picked":["Carnage+1","Evolve"],"picked":"Body Slam+1","floor":31},{"not_picked":["Barricade","Offering"],"picked":"Limit Break","floor":33},{"not_picked":["Sever Soul+1","Twin Strike+1"],"picked":"Evolve","floor":35},{"not_picked":["Swift Strike+1","Mind Blast+1"],"picked":"Mayhem","floor":36},{"not_picked":["Blind","Metamorphosis"],"picked":"Enlightenment","floor":36},{"not_picked":["Sentinel","Flex","Perfected Strike+1"],"picked":"SKIP","floor":39},{"not_picked":["Clothesline+1","Disarm+1","Heavy Blade+1"],"picked":"SKIP","floor":44},{"not_picked":["Warcry+1","Iron Wave+1","Hemokinesis+1"],"picked":"SKIP","floor":45},{"not_picked":["Shrug It Off","Rupture","Clothesline+1"],"picked":"SKIP","floor":48}],"player_experience":211053,"relics_obtained":[{"floor":7,"key":"White Beast Statue"},{"floor":9,"key":"Bottled Flame"},{"floor":10,"key":"Molten Egg 2"},{"floor":17,"key":"Art of War"},{"floor":17,"key":"HornCleat"},{"floor":17,"key":"WingedGreaves"},{"floor":23,"key":"Bird Faced Urn"},{"floor":26,"key":"Happy Flower"}],"event_choices":[{"damage_healed":0,"gold_gain":0,"cards_transformed":["Strike_R"],"player_choice":"Change","damage_taken":0,"max_hp_gain":0,"max_hp_loss":0,"event_name":"Living Wall","floor":2,"gold_loss":0,"cards_obtained":["Battle Trance"]},{"damage_healed":0,"gold_gain":0,"player_choice":"Paid Fearfully","damage_taken":0,"max_hp_gain":0,"max_hp_loss":0,"event_name":"Masked Bandits","floor":21,"gold_loss":15},{"damage_healed":0,"gold_gain":0,"player_choice":"Got Potions","damage_taken":0,"max_hp_gain":0,"max_hp_loss":0,"event_name":"Lab","floor":22,"gold_loss":0},{"damage_healed":0,"gold_gain":0,"player_choice":"Memory 3","damage_taken":10,"max_hp_gain":0,"max_hp_loss":0,"event_name":"SensoryStone","floor":36,"gold_loss":0},{"cards_removed":["Pommel Strike"],"damage_healed":0,"gold_gain":0,"player_choice":"Removed Attack","damage_taken":0,"max_hp_gain":0,"max_hp_loss":0,"event_name":"Falling","floor":37,"gold_loss":0},{"damage_healed":10,"gold_gain":0,"player_choice":"Heal","damage_taken":0,"max_hp_gain":0,"max_hp_loss":0,"event_name":"MindBloom","floor":41,"gold_loss":0,"cards_obtained":["Doubt"]},{"damage_healed":0,"gold_gain":0,"player_choice":"Paid","damage_taken":0,"relics_obtained":["Red Mask"],"max_hp_gain":0,"max_hp_loss":0,"event_name":"Tomb of Lord Red Mask","floor":42,"gold_loss":44}],"is_beta":false,"boss_relics":[{"not_picked":["Runic Cube","Empty Cage"],"picked":"Calling Bell"},{"not_picked":["Runic Dome","Snecko Eye"],"picked":"Pandora\u0027s Box"}],"items_purged_floors":[4,14,20],"is_endless":false,"potions_floor_spawned":[5,7,8,10,12,13,16,18,19,23,28,31,33,35,39,44,45,48],"killed_by":"Awakened One","ascension_level":0}}