{"host":"dyzdf8svqmiivg97","time":1614080593,"event":{"mods":["AchievementEnabler","BaseMod","Colored Map","DeckTracker","Minty Spire (QoL Compilation)","Quick Restart","Rare Cards Sparkle","SuperFastMode"],"gold_per_floor":[110,110,35,46,46,59,59,69,144,144,171,171,171,171,191,191,287,287,297,118,129,129,129,163,163,163,163],"floor_reached":25,"language":"KOR","playtime":401,"items_purged":["Strike_P","Defend_P"],"score":355,"play_id":"d0cb2745-6dd6-475f-b9c2-cebdc8a8cd66","local_time":"20210223204313","is_ascension_mode":true,"campfire_choices":[{"data":"ForeignInfluence","floor":6,"key":"SMITH"},{"data":"Eruption","floor":11,"key":"SMITH"},{"floor":13,"key":"REST"},{"data":"Indignation","floor":15,"key":"SMITH"},{"floor":24,"key":"REST"}],"circlet_count":0,"master_deck":["AscendersBane","Strike_P","Strike_P","Defend_P","Defend_P","Defend_P","Eruption+1","Vigilance","ForeignInfluence+1","FollowUp","Indignation+1","FearNoEvil","MentalFortress","CrushJoints","Adaptation","Writhe","LessonLearned"],"relics":["PureWater","NeowsBlessing","Kunai","Odd Mushroom","Sozu","Question Card","Smiling Mask"],"acts_visited":["Exordium","TheCity"],"potions_floor_usage":[16,23],"damage_taken":[{"damage":0,"enemies":"Cultist","floor":1,"turns":1},{"damage":0,"enemies":"Jaw Worm","floor":3,"turns":1},{"damage":0,"enemies":"Small Slimes","floor":5,"turns":1},{"damage":13,"enemies":"3 Louse","floor":7,"turns":4},{"damage":18,"enemies":"The Mushroom Lair","floor":10,"turns":2},{"damage":9,"enemies":"2 Fungi Beasts","floor":14,"turns":2},{"damage":29,"enemies":"Hexaghost","floor":16,"turns":8},{"damage":24,"enemies":"2 Thieves","floor":18,"turns":4},{"damage":0,"enemies":"Chosen","floor":20,"turns":2},{"damage":12,"enemies":"Gremlin Leader","floor":23,"turns":6},{"damage":23,"enemies":"Masked Bandits","floor":25,"turns":3}],"seed_played":"2057757147936983558","potions_obtained":[{"floor":10,"key":"SpeedPotion"},{"floor":16,"key":"Block Potion"}],"is_trial":false,"path_per_floor":["M","$","M","?","M","R","M","?","T","?","R","?","R","M","R","B",null,"M","$","M","?","?","E","R","?"],"character_chosen":"WATCHER","items_purchased":["MentalFortress"],"campfire_rested":2,"item_purchase_floors":[19],"current_hp_per_floor":[18,61,61,61,61,61,61,48,37,37,19,19,19,39,30,30,1,51,27,27,27,27,27,15,35,12,12],"gold":163,"neow_bonus":"THREE_ENEMY_KILL","is_daily":false,"chose_seed":false,"campfire_upgraded":3,"win_rate":0.0,"timestamp":1614080593,"path_taken":["M","$","?","?","M","R","M","?","T","?","R","?","R","?","R","BOSS","M","$","M","?","?","E","R","?"],"items_purchased_type":["Card"],"build_version":"2020-12-22","purchased_purges":2,"victory":false,"max_hp_per_floor":[68,68,68,68,68,68,68,68,68,68,68,68,68,68,68,68,68,68,68,68,68,68,68,68,68,68,68],"card_choices":[{"not_picked":["CutThroughFate","BowlingBash","SashWhip"],"picked":"SKIP","floor":1},{"not_picked":["EmptyBody","Prostrate","PathToVictory"],"picked":"SKIP","floor":3},{"not_picked":["Wallop","Vengeance"],"picked":"ForeignInfluence","floor":5},{"not_picked":["DeceiveReality","Sanctity"],"picked":"FollowUp","floor":7},{"not_picked":["Consecrate","SashWhip","Judgement"],"picked":"SKIP","floor":14},{"not_picked":["Crescendo","JustLucky"],"picked":"FearNoEvil","floor":18},{"not_picked":["ThirdEye","Halt"],"picked":"CrushJoints","floor":20},{"not_picked":["Prostrate","BattleHymn","SandsOfTime"],"picked":"LessonLearned","floor":23}],"player_experience":600623,"relics_obtained":[{"floor":9,"key":"Kunai"},{"floor":10,"key":"Odd Mushroom"},{"floor":23,"key":"Smiling Mask"}],"event_choices":[{"damage_healed":0,"gold_gain":0,"player_choice":"Ignored","damage_taken":0,"max_hp_gain":0,"max_hp_loss":0,"event_name":"Liars Game","floor":4,"gold_loss":0},{"damage_healed":0,"gold_gain":75,"player_choice":"Gather Gold","damage_taken":11,"max_hp_gain":0,"max_hp_loss":0,"event_name":"World of Goop","floor":8,"gold_loss":0},{"damage_healed":0,"gold_gain":0,"player_choice":"Fought Mushrooms","damage_taken":0,"max_hp_gain":0,"max_hp_loss":0,"event_name":"Mushrooms","floor":10,"gold_loss":0},{"damage_healed":0,"gold_gain":0,"cards_transformed":["Strike_P"],"player_choice":"Transformed","damage_taken":0,"max_hp_gain":0,"max_hp_loss":0,"event_name":"Transmorgrifier","floor":12,"gold_loss":0,"cards_obtained":["Indignation"]},{"damage_healed":0,"gold_gain":0,"player_choice":"Read","damage_taken":0,"max_hp_gain":0,"max_hp_loss":0,"event_name":"The Library","floor":21,"gold_loss":0,"cards_obtained":["Adaptation"]},{"damage_healed":0,"gold_gain":0,"player_choice":"Opened","damage_taken":0,"relics_obtained":["Question Card"],"max_hp_gain":0,"max_hp_loss":0,"event_name":"The Mausoleum","floor":22,"gold_loss":0,"cards_obtained":["Writhe"]},{"damage_healed":0,"gold_gain":0,"player_choice":"Fought Bandits","damage_taken":0,"max_hp_gain":0,"max_hp_loss":0,"event_name":"Masked Bandits","floor":25,"gold_loss":0}],"is_beta":false,"boss_relics":[{"not_picked":["Ectoplasm","Velvet Choker"],"picked":"Sozu"}],"items_purged_floors":[2,19],"is_endless":false,"potions_floor_spawned":[10,16,23],"killed_by":"Masked Bandits","ascension_level":14}}