{"host":"skr63qsdfgeey3it","time":1614056124,"event":{"mods":["BaseMod","Colored Map","Hubris","Minty Spire (QoL Compilation)","Monster B Gone","Reliquary","Replay The Spire","Spicy Shops","StSLib"],"gold_per_floor":[113,20,20,20,37,37,62,62,88,88,105,105,179,179,179,251,251,263,263,13,13,29,29,29],"floor_reached":23,"language":"ENG","playtime":906,"items_purged":[],"score":324,"play_id":"68fbb90e-f735-43f7-9272-945dd2d9d543","local_time":"20210222225524","is_ascension_mode":true,"campfire_choices":[{"data":"Dualcast","floor":6,"key":"SMITH"},{"data":"Time Bomb","floor":8,"key":"SMITH"},{"data":"Go for the Eyes","floor":10,"key":"SMITH"},{"data":"Beam Cell","floor":15,"key":"SMITH"}],"circlet_count":0,"master_deck":["AscendersBane","Strike_B","Defend_B","Defend_B","Defend_B","Defend_B","Zap+1","Dualcast+1","All For One","Go for the Eyes+1","hubris:Insight","Gash","Time Bomb+1","FTL","Beam Cell+1","Echo Form","Streamline+1","Steam+1","Cold Snap"],"relics":["Cracked Core","Vajra","Pet Ghost","Gremlin Horn","reliquary:JackalopeAntler","Empty Cage","Lee\u0027s Waffle"],"acts_visited":["Exordium","TheCity"],"potions_floor_usage":[7,16],"damage_taken":[{"damage":0,"enemies":"Small Slimes","floor":1,"turns":4},{"damage":2,"enemies":"Jaw Worm","floor":5,"turns":3},{"damage":4,"enemies":"Replay:BlueRogue","floor":7,"turns":4},{"damage":0,"enemies":"Cultist","floor":11,"turns":2},{"damage":15,"enemies":"Hexaghost","floor":16,"turns":7},{"damage":10,"enemies":"Chosen","floor":18,"turns":5},{"damage":2,"enemies":"3 Byrds","floor":22,"turns":5},{"damage":74,"enemies":"Slavers","floor":23,"turns":5}],"seed_played":"-7415931293641768024","potions_obtained":[{"floor":4,"key":"DistilledChaos"},{"floor":4,"key":"Weak Potion"},{"floor":7,"key":"PotionOfCapacity"}],"is_trial":false,"path_per_floor":["M","$","?","?","M","R","E","R","T","R","M","?","T","?","R","B",null,"M","?","$","?","M","E"],"character_chosen":"DEFECT","items_purchased":["hubris:Insight","Steam+1","Cold Snap","Lee\u0027s Waffle"],"campfire_rested":0,"item_purchase_floors":[2,20,20,20],"current_hp_per_floor":[64,64,64,64,62,62,58,58,58,58,58,32,32,32,32,17,52,42,42,71,71,69,0,0],"gold":29,"neow_bonus":"THREE_RARE_CARDS","is_daily":false,"chose_seed":false,"campfire_upgraded":4,"win_rate":0.0,"timestamp":1614056124,"path_taken":["M","$","?","?","?","R","E","R","T","R","M","?","?","?","R","BOSS","M","?","$","?","?","E"],"items_purchased_type":["Card","Card","Card","Relic"],"build_version":"2020-12-22","purchased_purges":0,"victory":false,"max_hp_per_floor":[64,64,64,64,64,64,64,64,64,64,64,64,64,64,64,64,64,64,64,71,71,71,71,71],"card_choices":[{"not_picked":["Rainbow","Machine Learning"],"picked":"All For One","floor":0},{"not_picked":["Hologram","ReplaySolidLightProjector"],"picked":"Go for the Eyes","floor":1},{"not_picked":["Leap","ReplaySort"],"picked":"Gash","floor":5},{"not_picked":["Melter","Stack"],"picked":"Time Bomb","floor":7},{"not_picked":["Rebound","Steam"],"picked":"FTL","floor":11},{"not_picked":["ReplayTheSpireMod:Fabricate Wheel","Machine Learning"],"picked":"Echo Form","floor":16},{"not_picked":["Rip and Tear","Reprogram"],"picked":"Streamline+1","floor":18},{"not_picked":["Compile Driver","Redo","Melter"],"picked":"SKIP","floor":22}],"player_experience":992676,"relics_obtained":[{"floor":7,"key":"Vajra"},{"floor":9,"key":"Pet Ghost"},{"floor":13,"key":"reliquary:JackalopeAntler"}],"event_choices":[{"damage_healed":0,"gold_gain":0,"player_choice":"Grow","damage_taken":0,"max_hp_gain":0,"max_hp_loss":0,"event_name":"Living Wall","floor":3,"gold_loss":0,"cards_upgraded":["Zap"]},{"damage_healed":0,"gold_gain":0,"player_choice":"Got Potions","damage_taken":0,"max_hp_gain":0,"max_hp_loss":0,"event_name":"Lab","floor":4,"gold_loss":0},{"damage_healed":0,"gold_gain":0,"player_choice":"Success","damage_taken":26,"relics_obtained":["Gremlin Horn"],"max_hp_gain":0,"max_hp_loss":0,"event_name":"Scrap Ooze","floor":12,"gold_loss":0},{"cards_removed":["Strike_B"],"damage_healed":0,"gold_gain":0,"player_choice":"Purged","damage_taken":0,"max_hp_gain":0,"max_hp_loss":0,"event_name":"Purifier","floor":21,"gold_loss":0}],"is_beta":false,"boss_relics":[{"not_picked":["hubris:GrandSneckoEye","Replay:Wanted Poster"],"picked":"Empty Cage"}],"items_purged_floors":[],"is_endless":false,"potions_floor_spawned":[5,7],"killed_by":"Slavers","ascension_level":15}}