{"host":"72n3jwtrlpjobydj","time":1614048720,"event":{"mods":["AchievementEnabler","Act Like it!","Arknights","BaseMod","CapriCore","DeckTracker","Hermit","Koishi","Lobotomy","Marisa£¨Ùöéë¡¡Øª×âÞÞ£©","Minty Spire (QoL Compilation)","Permanent Neow","StSLib","SuperFastMode","The Cursed","The Gatherer","The Hierophant","The Immortal"],"gold_per_floor":[115,115,115,127,52,78,78,95,95,95,105,115,115,132,132,230,230,220,69,168,184,198,198,232,256,335,335,335,250,271,271,271],"floor_reached":31,"language":"KOR","playtime":738,"items_purged":["ats:Strike V"],"score":282,"play_id":"53a29d53-0e2a-4e38-bcc0-f7e1d37c1b83","local_time":"20210223115200","is_ascension_mode":false,"campfire_choices":[{"floor":7,"key":"REST"},{"floor":10,"key":"REST"},{"floor":13,"key":"REST"},{"floor":15,"key":"REST"},{"floor":23,"key":"REST"},{"floor":27,"key":"REST"}],"circlet_count":0,"master_deck":["ats:Strike C","ats:Strike G","ats:Strike S","ats:Armor Crushing Shot","ats:Defend","ats:Defend","ats:Defend","ats:Defend","ats:Emotion Absorption","ats:Poison Spread","ats:Powerful Strike","ats:Rapid Magazine","ats:Poison Spread","ats:Flexible Camouflage","ats:Poison Spread","ats:Ambush","ats:Overload+1","ats:Neurotoxin","ats:Flexible Camouflage","ats:Powerful Strike","ats:Flexible Camouflage+1","ats:Poison Spread+1"],"relics":["ats:Sanity","ats:Originium","Darkstone Periapt","Bottled Tornado","Sozu","Orrery","CeramicFish","Kunai","Nilry\u0027s Codex","Potion Belt"],"acts_visited":["Exordium","TheCity"],"potions_floor_usage":[6,16,16,16,18],"damage_taken":[{"damage":8,"enemies":"ats:Genji","floor":1,"turns":4},{"damage":12,"enemies":"Small Slimes","floor":4,"turns":4},{"damage":31,"enemies":"Lagavulin","floor":6,"turns":6},{"damage":1,"enemies":"Cultist","floor":8,"turns":3},{"damage":10,"enemies":"Looter","floor":11,"turns":3},{"damage":14,"enemies":"Blue Slaver","floor":12,"turns":3},{"damage":14,"enemies":"3 Louse","floor":14,"turns":3},{"damage":57,"enemies":"The Guardian","floor":16,"turns":8},{"damage":20,"enemies":"2 Thieves","floor":18,"turns":4},{"damage":5,"enemies":"Chosen","floor":21,"turns":3},{"damage":14,"enemies":"Snake Plant","floor":22,"turns":3},{"damage":43,"enemies":"Gremlin Leader","floor":24,"turns":6},{"damage":5,"enemies":"Sentry and Sphere","floor":25,"turns":5},{"damage":21,"enemies":"3 Cultists","floor":30,"turns":6},{"damage":12,"enemies":"Snake Plant","floor":31,"turns":2}],"seed_played":"-3652202136464257389","potions_obtained":[{"floor":1,"key":"Strength Potion"},{"floor":11,"key":"Explosive Potion"},{"floor":12,"key":"BlessingOfTheForge"},{"floor":14,"key":"Explosive Potion"},{"floor":16,"key":"Fire Potion"}],"is_trial":false,"path_per_floor":["M","?","?","M","$","E","R","M","T","R","M","M","R","M","R","B",null,"M","$","?","M","M","R","E","M","T","R","?","?","M","M"],"character_chosen":"DOCTOR_CLASS","items_purchased":["Orrery"],"campfire_rested":6,"item_purchase_floors":[19],"current_hp_per_floor":[71,71,71,59,59,28,51,50,50,73,63,49,72,58,79,22,79,59,59,59,54,40,63,20,15,15,38,22,22,9,0,0],"gold":271,"neow_bonus":"TEN_PERCENT_HP_BONUS","is_daily":false,"chose_seed":false,"campfire_upgraded":0,"win_rate":0.0,"timestamp":1614048720,"path_taken":["M","?","?","M","$","E","R","M","T","R","M","?","R","M","R","BOSS","M","$","?","M","M","R","E","M","T","R","?","?","M","M"],"items_purchased_type":["Relic"],"build_version":"2020-12-22","purchased_purges":1,"victory":false,"max_hp_per_floor":[79,79,79,79,79,79,79,79,79,79,79,79,79,79,79,79,79,79,79,79,79,79,79,79,79,79,79,79,79,79,79,79],"card_choices":[{"not_picked":["ats:Phantom","ats:Hammer On"],"picked":"ats:Poison Spread","floor":1},{"not_picked":["ats:Poison Spread","ats:Shell Defense"],"picked":"ats:Powerful Strike","floor":4},{"not_picked":["ats:Cat Scratch","ats:Beaten Up","ats:Charging Defense"],"picked":"SKIP","floor":6},{"not_picked":["ats:Support Order","ats:Powerful Strike"],"picked":"ats:Rapid Magazine","floor":8},{"not_picked":["ats:Sunburst","ats:Red Shift"],"picked":"ats:Poison Spread","floor":11},{"not_picked":["ats:Red Shift","ats:Guard Mode"],"picked":"ats:Flexible Camouflage","floor":12},{"not_picked":["ats:Soul Absorption","ats:Hammer On"],"picked":"ats:Poison Spread","floor":14},{"not_picked":["ats:Shadow Assault","ats:Nebulous Foxfire"],"picked":"ats:Ambush","floor":16},{"not_picked":["ats:Consecutive Shot Auto+1","ats:Defend Order"],"picked":"ats:Overload+1","floor":18},{"not_picked":["ats:Revitalization+1","ats:Shell Defense+1"],"picked":"ats:Neurotoxin","floor":19},{"not_picked":["ats:Red Shift","ats:Guardian Obelisk+1"],"picked":"ats:Flexible Camouflage","floor":19},{"not_picked":["ats:Flexible Camouflage","ats:Leaping Hammer+1"],"picked":"ats:Powerful Strike","floor":21},{"not_picked":["ats:Shell Defense","ats:Chain Hook","ats:Very Hot Blade"],"picked":"SKIP","floor":22},{"not_picked":["ats:Powerful Strike","ats:Absolute Focus","ats:Assault Order"],"picked":"SKIP","floor":24},{"not_picked":["ats:Sunburst+1","ats:Burning Ground+1"],"picked":"ats:Flexible Camouflage+1","floor":25},{"not_picked":["ats:Part Time Job","ats:Flexible Camouflage+1"],"picked":"ats:Poison Spread+1","floor":30}],"player_experience":127836,"relics_obtained":[{"floor":6,"key":"ats:Originium"},{"floor":6,"key":"Darkstone Periapt"},{"floor":9,"key":"Bottled Tornado"},{"floor":24,"key":"ats:Originium"},{"floor":24,"key":"CeramicFish"},{"floor":26,"key":"Kunai"},{"floor":28,"key":"Nilry\u0027s Codex"}],"event_choices":[{"damage_healed":0,"gold_gain":0,"player_choice":"Ignored","damage_taken":0,"max_hp_gain":0,"max_hp_loss":0,"event_name":"Golden Wing","floor":2,"gold_loss":0},{"damage_healed":0,"gold_gain":0,"player_choice":"Ignored","damage_taken":0,"max_hp_gain":0,"max_hp_loss":0,"event_name":"NoteForYourself","floor":3,"gold_loss":0},{"damage_healed":0,"gold_gain":99,"player_choice":"Stole From Cult","damage_taken":0,"max_hp_gain":0,"max_hp_loss":0,"event_name":"Nest","floor":20,"gold_loss":0},{"damage_healed":0,"gold_gain":0,"player_choice":"Obtained Book","damage_taken":16,"max_hp_gain":0,"max_hp_loss":0,"event_name":"Cursed Tome","floor":28,"gold_loss":0},{"damage_healed":0,"gold_gain":0,"player_choice":"Obtained Relic","damage_taken":0,"relics_obtained":["Potion Belt"],"max_hp_gain":0,"max_hp_loss":0,"event_name":"Addict","floor":29,"gold_loss":85}],"is_beta":false,"boss_relics":[{"not_picked":["Astrolabe","Busted Crown"],"picked":"Sozu"}],"items_purged_floors":[5],"is_endless":false,"potions_floor_spawned":[1,11,12,14,16,21,24,30],"killed_by":"Snake Plant","ascension_level":0}}