{"host":"KYO","time":1614078133,"event":{"mods":["Act Like it!","Arknights","BaseMod","BetterRewards","Minty Spire (QoL Compilation)","Permanent Neow","Shop Mod","StSLib","SuperFastMode","TestMod","[IsaacMod]以撒尖塔"],"gold_per_floor":[109,124,198,215,228,252,263,308,319,360,384,4,13,45,45,120,120,136,148,176,189,13,40,37,64,141,172,187,112,124,36,36,106,106,118,56,75,151,372,404,404,481,481,481,497,531,531,556,556,556,556,556,556,511,536,536],"floor_reached":57,"language":"ZHS","playtime":2011,"items_purged":["Defend_R","Strike_R","Strike_R","Defend_R","Defend_R","Strike_R","Defend_R","Strike_R"],"score":4406,"play_id":"12925543-0f34-4acc-80b6-7c7f59492e6a","local_time":"20210223190213","is_ascension_mode":true,"campfire_choices":[{"data":"Flash of Steel","floor":7.0,"key":"SMITH"},{"floor":15.0,"key":"RECALL"},{"data":"Evolve","floor":32.0,"key":"SMITH"},{"data":"Shrug It Off","floor":44.0,"key":"SMITH"},{"data":"Bash","floor":49,"key":"SMITH"},{"data":"Feed","floor":53,"key":"SMITH"}],"circlet_count":0,"master_deck":["AscendersBane","Bash+1","Flash of Steel+1","Feed+1","Evolve+1","Shrug It Off+1"],"relics":["Burning Blood","HushsDoor","testmod-TestBox","GuppysHead","BFFS","GuppysTail","Gremlin Horn","NineVolt","Ornamental Fan","testmod-Charity","Red Skull","Leech","Pen Nib","SatanicBible","Bronze Scales","testmod-PortableAltar","GuppysCollar","Red Mask","MerchantsRug","SteamSale","BelialBook","Turnip","Black Star","JudasShadow","GuppysHairball","GuppysPaw","Kunai","TheBible","testmod-Acrobat","testmod-Antiphasic","FossilizedHelix","PillsDrop","Sundial","Blood Vial","testmod-IndustrialRevolution"],"acts_visited":["Exordium","TheCity","TheBeyond","TheEnding"],"potions_floor_usage":[54,56,56],"damage_taken":[{"damage":0.0,"enemies":"Cultist","floor":1.0,"turns":2.0},{"damage":0.0,"enemies":"ats:Genji","floor":2.0,"turns":2.0},{"damage":8.0,"enemies":"Jaw Worm","floor":4.0,"turns":2.0},{"damage":0.0,"enemies":"Lots of Slimes","floor":5.0,"turns":3.0},{"damage":8.0,"enemies":"Gremlin Nob","floor":6.0,"turns":3.0},{"damage":20.0,"enemies":"Lagavulin","floor":8.0,"turns":4.0},{"damage":6.0,"enemies":"3 Sentries","floor":10.0,"turns":4.0},{"damage":8.0,"enemies":"Large Slime","floor":11.0,"turns":2.0},{"damage":0.0,"enemies":"2 Fungi Beasts","floor":13.0,"turns":2.0},{"damage":16.0,"enemies":"Lagavulin","floor":14.0,"turns":3.0},{"damage":0.0,"enemies":"Slime Boss","floor":16.0,"turns":5.0},{"damage":1.0,"enemies":"2 Thieves","floor":18.0,"turns":2.0},{"damage":1.0,"enemies":"Shell Parasite","floor":19.0,"turns":2.0},{"damage":1.0,"enemies":"Masked Bandits","floor":20.0,"turns":2.0},{"damage":2.0,"enemies":"3 Cultists","floor":21.0,"turns":2.0},{"damage":1.0,"enemies":"Book of Stabbing","floor":23.0,"turns":2.0},{"damage":0.0,"enemies":"Gremlin Leader","floor":25.0,"turns":2.0},{"damage":0.0,"enemies":"Slavers","floor":27.0,"turns":2.0},{"damage":0.0,"enemies":"Cultist and Chosen","floor":28.0,"turns":3.0},{"damage":0.0,"enemies":"Centurion and Healer","floor":30.0,"turns":2.0},{"damage":0.0,"enemies":"Champ","floor":33.0,"turns":4.0},{"damage":0.0,"enemies":"3 Shapes","floor":35.0,"turns":2.0},{"damage":0.0,"enemies":"Orb Walker","floor":37.0,"turns":2.0},{"damage":0.0,"enemies":"Nemesis","floor":40.0,"turns":3.0},{"damage":0.0,"enemies":"Transient","floor":45.0,"turns":3.0},{"damage":0.0,"enemies":"Giant Head","floor":46.0,"turns":3.0},{"damage":0,"enemies":"Nemesis","floor":48,"turns":1},{"damage":0,"enemies":"Time Eater","floor":50,"turns":3},{"damage":0,"enemies":"Awakened One","floor":51,"turns":4},{"damage":0,"enemies":"Shield and Spear","floor":55,"turns":1},{"damage":0,"enemies":"The Heart","floor":56,"turns":4}],"seed_played":"-3643284247602396211","potions_obtained":[{"floor":4.0,"key":"EssenceOfSteel"},{"floor":8.0,"key":"SkillPotion"},{"floor":13.0,"key":"Swift Potion"},{"floor":18.0,"key":"SteroidPotion"},{"floor":25.0,"key":"Energy Potion"},{"floor":27.0,"key":"GamblersBrew"},{"floor":37.0,"key":"SkillPotion"},{"floor":45.0,"key":"Swift Potion"},{"floor":48,"key":"testmod-TestPotion"}],"is_trial":false,"path_per_floor":["M","M","?","M","M","E","R","E","T","E","M","$","M","E","R","B",null,"M","M","?","M","$","E","$","E","T","E","M","?","M","$","R","B",null,"M","$","M","?","?","E","?","T","T","R","M","E","?","E","R","B","B",null,"R","$","E","B",null],"character_chosen":"IRONCLAD","items_purchased":["BFFS","GuppysTail","Gremlin Horn","NineVolt","Ornamental Fan","Flash of Steel","testmod-Charity","Mummified Hand","StrikeDummy","Lee\u0027s Waffle","SatanicBible","GuppysCollar","MerchantsRug","SteamSale","JudasShadow","GuppysHairball","GuppysPaw","Sundial","testmod-SpacePotion","SteroidPotion","SteroidPotion"],"campfire_rested":0,"item_purchase_floors":[0,0,0,0,0,0,0,0,0,0,12,17,22,22,34,34,34,54,54,54,54],"current_hp_per_floor":[83,84,74,73,80,79,80,68,69,75,77,78,86,79,79,91,87,88,88,91,94,98,98,98,98,98,101,104,103,103,102,101,101,62,65,66,69,54,55,65,65,66,66,66,66,66,2,28,27,26,25,24,23,27,49,73],"gold":536,"neow_bonus":"","is_daily":false,"chose_seed":false,"campfire_upgraded":5,"win_rate":0.0,"timestamp":1614078133,"path_taken":["M","?","?","M","M","E","R","E","T","E","?","?","?","E","R","BOSS","M","?","?","?","?","E","$","E","T","E","M","?","M","?","R","BOSS","M","$","M","?","?","E","?","?","T","R","M","E","?","E","R","BOSS","BOSS","R","$","E","BOSS"],"items_purchased_type":["Relic","Relic","Relic","Relic","Relic","Card","Relic","Relic","Relic","Relic","Relic","Relic","Relic","Relic","Relic","Relic","Relic","Relic","Potion","Potion","Potion"],"build_version":"2020-12-18","purchased_purges":8,"victory":true,"max_hp_per_floor":[83,84,85,86,87,88,89,91,92,94,96,97,98,99,99,100,87,88,88,91,94,98,98,98,98,98,101,104,103,103,102,101,101,62,65,66,69,69,69,69,68,68,67,66,66,66,44,28,27,26,25,24,23,27,49,73],"card_choices":[{"not_picked":["Twin Strike","Rage","True Grit"],"picked":"SKIP","floor":1.0},{"not_picked":["Reckless Charge","Burning Pact","Wild Strike"],"picked":"SKIP","floor":2.0},{"not_picked":["Thunderclap","Anger","Shockwave"],"picked":"SKIP","floor":4.0},{"not_picked":["Hemokinesis","Sentinel","Iron Wave"],"picked":"SKIP","floor":5.0},{"not_picked":["Shrug It Off","Sever Soul","Ghostly Armor"],"picked":"SKIP","floor":6.0},{"not_picked":["Thunderclap","Dual Wield","Seeing Red"],"picked":"SKIP","floor":8.0},{"not_picked":["Double Tap","Armaments","Carnage"],"picked":"SKIP","floor":10.0},{"not_picked":["Ghostly Armor","Cleave","Sword Boomerang"],"picked":"SKIP","floor":11.0},{"not_picked":["Hemokinesis","Havoc","Sever Soul"],"picked":"SKIP","floor":13.0},{"not_picked":["Berserk","Combust","Pommel Strike"],"picked":"SKIP","floor":14.0},{"not_picked":["Double Tap","Impervious"],"picked":"Feed","floor":16.0},{"not_picked":["Battle Trance","Iron Wave+1","Fire Breathing"],"picked":"SKIP","floor":18.0},{"not_picked":["Inflame+1","Twin Strike","True Grit"],"picked":"SKIP","floor":19.0},{"not_picked":["Iron Wave","Sword Boomerang","Shrug It Off"],"picked":"SKIP","floor":21.0},{"not_picked":["Iron Wave+1","Twin Strike","Hemokinesis"],"picked":"SKIP","floor":23.0},{"not_picked":["Warcry","Body Slam","Perfected Strike"],"picked":"SKIP","floor":25.0},{"not_picked":["Corruption","Sentinel","Rupture"],"picked":"SKIP","floor":27.0},{"not_picked":["Body Slam","Iron Wave+1"],"picked":"Evolve","floor":28.0},{"not_picked":["Sword Boomerang","Thunderclap","Twin Strike"],"picked":"SKIP","floor":30.0},{"not_picked":["Warcry","Flex","Shrug It Off"],"picked":"SKIP","floor":35.0},{"not_picked":["Warcry","Flex"],"picked":"Shrug It Off","floor":35.0},{"not_picked":["Ghostly Armor","Shrug It Off","Evolve+1"],"picked":"SKIP","floor":37.0},{"not_picked":["Blood for Blood","Impervious","Reaper"],"picked":"SKIP","floor":40.0},{"not_picked":["Shrug It Off","Havoc","Sword Boomerang+1"],"picked":"SKIP","floor":45.0},{"not_picked":["Thunderclap","Fire Breathing","Sword Boomerang"],"picked":"SKIP","floor":46.0},{"not_picked":["Shrug It Off","Body Slam+1","Wild Strike"],"picked":"SKIP","floor":48},{"not_picked":["Heavy Blade","Clothesline","Perfected Strike+1"],"picked":"SKIP","floor":55}],"player_experience":807870,"relics_obtained":[{"floor":6.0,"key":"MawBank"},{"floor":8.0,"key":"Red Skull"},{"floor":9.0,"key":"Leech"},{"floor":10.0,"key":"Pen Nib"},{"floor":14.0,"key":"Bronze Scales"},{"floor":20.0,"key":"Red Mask"},{"floor":23.0,"key":"BelialBook"},{"floor":25.0,"key":"Juzu Bracelet"},{"floor":27.0,"key":"Turnip"},{"floor":40.0,"key":"Question Card"},{"floor":40.0,"key":"TuHaoJin"},{"floor":42.0,"key":"Kunai"},{"floor":43.0,"key":"TheBible"},{"floor":46.0,"key":"testmod-Acrobat"},{"floor":46.0,"key":"testmod-Antiphasic"},{"floor":48,"key":"FossilizedHelix"},{"floor":48,"key":"PillsDrop"},{"floor":55,"key":"Blood Vial"},{"floor":55,"key":"testmod-IndustrialRevolution"}],"event_choices":[{"damage_healed":0.0,"max_hp_gain":0.0,"max_hp_loss":0.0,"gold_gain":75.0,"event_name":"World of Goop","player_choice":"Gather Gold","floor":3.0,"gold_loss":0.0,"damage_taken":11.0},{"damage_healed":0.0,"max_hp_gain":0.0,"max_hp_loss":0.0,"gold_gain":0.0,"event_name":"Masked Bandits","player_choice":"Fought Bandits","floor":20.0,"gold_loss":0.0,"damage_taken":0.0},{"cards_removed":["Strike_R"],"damage_healed":0.0,"max_hp_gain":0.0,"max_hp_loss":0.0,"gold_gain":0.0,"event_name":"Beggar","player_choice":"Gave Gold","floor":29.0,"gold_loss":75.0,"damage_taken":0.0},{"damage_healed":0.0,"max_hp_gain":0.0,"max_hp_loss":0.0,"gold_gain":222.0,"event_name":"Tomb of Lord Red Mask","player_choice":"Wore Mask","floor":39.0,"gold_loss":0.0,"damage_taken":0.0},{"damage_healed":0.0,"max_hp_gain":0.0,"max_hp_loss":0.0,"gold_gain":0.0,"event_name":"给自己的盒子","player_choice":"Swap Relic","floor":41.0,"relics_lost":["Question Card"],"gold_loss":0.0,"damage_taken":0.0,"relics_obtained":["testmod-RandomTest"]},{"damage_healed":0,"gold_gain":0,"player_choice":"Gave Potion","damage_taken":0,"relics_obtained":["testmod-BalancedPeriapt"],"max_hp_gain":0,"max_hp_loss":0,"event_name":"WeMeetAgain","floor":47,"gold_loss":0}],"is_beta":true,"boss_relics":[{"not_picked":["Velvet Choker","testmod-EnergyCheck"],"picked":"testmod-PortableAltar"},{"not_picked":[]},{"not_picked":["testmod-BatchProcessingSystem","Astrolabe"],"picked":"Black Star"},{"not_picked":[]}],"items_purged_floors":[0,0,12,24,31,34,36,54],"is_endless":false,"potions_floor_spawned":[4,8,13,14,18,21,25,27,37,45,46,48],"ascension_level":20}}