{"host":"2se5dq1do2gp0x9k","time":1614061265,"event":{"mods":["AchievementEnabler","BaseMod","Block Reminder","Colored Map","Colored Powertips","Minty Spire (QoL Compilation)","Relic Stats","StSLib","SuperFastMode"],"gold_per_floor":[115,390,79,98,112,112,146,146,146,180,194,194,221,248,248,320,320,333,333,333],"floor_reached":19,"language":"ENG","playtime":748,"items_purged":["Regret"],"score":370,"play_id":"8ee31dbc-cc49-4f34-83cb-4d13d9969aec","local_time":"20210222222105","is_ascension_mode":true,"campfire_choices":[{"data":"Metamorphosis","floor":6.0,"key":"SMITH"},{"data":"Prepared","floor":8.0,"key":"SMITH"},{"floor":12.0,"key":"REST"},{"data":"Burst","floor":15.0,"key":"SMITH"}],"circlet_count":0,"master_deck":["AscendersBane","Strike_G","Strike_G","Strike_G","Strike_G","Strike_G","Defend_G","Defend_G","Defend_G","Defend_G","Defend_G","Survivor","Neutralize","Burst+1","Dagger Throw","Blade Dance","Metamorphosis+1","Prepared+1","Backflip","Night Terror","Footwork","Prepared","Prepared","Wraith Form v2","Well Laid Plans"],"relics":["Ring of the Snake","Blue Candle","Molten Egg 2","StoneCalendar","Odd Mushroom","Pantograph","Sozu"],"acts_visited":["Exordium","TheCity"],"potions_floor_usage":[],"damage_taken":[{"damage":1.0,"enemies":"2 Louse","floor":1.0,"turns":3.0},{"damage":2.0,"enemies":"Cultist","floor":4.0,"turns":4.0},{"damage":4.0,"enemies":"Jaw Worm","floor":5.0,"turns":3.0},{"damage":22.0,"enemies":"Gremlin Nob","floor":7.0,"turns":4.0},{"damage":1.0,"enemies":"Lagavulin","floor":10.0,"turns":5.0},{"damage":27.0,"enemies":"3 Louse","floor":11.0,"turns":5.0},{"damage":15.0,"enemies":"The Mushroom Lair","floor":13.0,"turns":4.0},{"damage":15.0,"enemies":"3 Sentries","floor":14.0,"turns":7.0},{"damage":25.0,"enemies":"Hexaghost","floor":16.0,"turns":8.0},{"damage":30,"enemies":"Chosen","floor":18,"turns":7},{"damage":22,"enemies":"Spheric Guardian","floor":19,"turns":3}],"seed_played":"1325494549359075905","potions_obtained":[{"floor":4.0,"key":"GhostInAJar"},{"floor":5.0,"key":"FairyPotion"},{"floor":11.0,"key":"Poison Potion"},{"floor":16.0,"key":"SteroidPotion"}],"is_trial":false,"path_per_floor":["M","?","$","M","M","R","E","R","T","E","M","R","?","E","R","B",null,"M","M"],"character_chosen":"THE_SILENT","items_purchased":["Blade Dance","Metamorphosis"],"campfire_rested":1,"item_purchase_floors":[3,3],"current_hp_per_floor":[58,58,58,56,52,52,30,30,30,29,2,21,6,10,10,10,52,22,0,0],"gold":333,"neow_bonus":"ONE_RANDOM_RARE_CARD","is_daily":false,"chose_seed":false,"campfire_upgraded":3,"win_rate":0.0,"timestamp":1614061265,"path_taken":["M","?","$","?","M","R","E","R","T","E","M","R","?","E","R","BOSS","M","M"],"items_purchased_type":["Card","Card"],"build_version":"2020-12-22","purchased_purges":1,"victory":false,"max_hp_per_floor":[66,66,66,66,66,66,66,66,66,66,66,66,66,66,66,66,66,66,66,66],"relic_stats":{"Sozu":1,"counters":[11,53],"Blue Candle":[0],"Pantograph":25,"StoneCalendar":[132],"obtain_stats":[{"Sozu":17,"Blue Candle":7,"Pantograph":14,"Molten Egg 2":9,"StoneCalendar":10,"Odd Mushroom":13,"Ring of the Snake":0},{"Sozu":9,"Blue Candle":4,"Pantograph":8,"Molten Egg 2":4,"StoneCalendar":5,"Odd Mushroom":7,"Ring of the Snake":0},{"Sozu":43,"Blue Candle":14,"Pantograph":35,"Molten Egg 2":14,"StoneCalendar":19,"Odd Mushroom":28,"Ring of the Snake":0}],"Ring of the Snake":[22]},"card_choices":[{"not_picked":["Reflex","Quick Slash"],"picked":"Dagger Throw","floor":1.0},{"not_picked":["Underhanded Strike","Riddle With Holes"],"picked":"Prepared","floor":4.0},{"not_picked":["Slice","Flying Knee"],"picked":"Backflip","floor":5.0},{"not_picked":["Deflect","Slice","Skewer"],"picked":"SKIP","floor":7.0},{"not_picked":["Dash+1","Dagger Spray+1"],"picked":"Night Terror","floor":10.0},{"not_picked":["Concentrate","Crippling Poison"],"picked":"Footwork","floor":11.0},{"not_picked":["Caltrops","Deadly Poison"],"picked":"Prepared","floor":13.0},{"not_picked":["Flying Knee+1","Deadly Poison"],"picked":"Prepared","floor":14.0},{"not_picked":["Glass Knife+1","Die Die Die+1"],"picked":"Wraith Form v2","floor":16.0},{"not_picked":["Bouncing Flask","PiercingWail"],"picked":"Well Laid Plans","floor":18}],"player_experience":4127175,"relics_obtained":[{"floor":7.0,"key":"Blue Candle"},{"floor":9.0,"key":"Molten Egg 2"},{"floor":10.0,"key":"StoneCalendar"},{"floor":13.0,"key":"Odd Mushroom"},{"floor":14.0,"key":"Pantograph"}],"event_choices":[{"damage_healed":0.0,"max_hp_gain":0.0,"max_hp_loss":0.0,"gold_gain":275.0,"event_name":"Golden Shrine","player_choice":"Desecrate","floor":2.0,"gold_loss":0.0,"damage_taken":0.0,"cards_obtained":["Regret"]},{"damage_healed":0.0,"max_hp_gain":0.0,"max_hp_loss":0.0,"gold_gain":0.0,"event_name":"Mushrooms","player_choice":"Fought Mushrooms","floor":13.0,"gold_loss":0.0,"damage_taken":0.0}],"is_beta":false,"boss_relics":[{"not_picked":["SacredBark","Fusion Hammer"],"picked":"Sozu"}],"items_purged_floors":[3],"is_endless":false,"potions_floor_spawned":[4,5,11,16,18],"killed_by":"Spheric Guardian","ascension_level":20}}