{"host":"2xnjhc1nuqzfyzm4","time":1614060682,"event":{"mods":["100% Spire Juice","Act Like it!","Arknights","BaseMod","Beaked The Cultist","Bestiary","Better Match","Better Note","Better Sensory Stone","Better Third Choice","Block Reminder","CapriCore","CatGirl Mod","ChefMod","Colored Powertips","Displayed Cursed Tome","Dota2Spire","Downfall","Ekko","Elementarium","GungeonMod","Hallownest","Hermit","Hubris","Infinite Spire","Jedi Mod","Jorbs\u0027s Wanderer Trilogy","Luminous","Mad Scientist","Marisa????????","Menagerie","Minty Spire (QoL Compilation)","Poor People Problems","Potionbrewer","Prisma Mod","QueenMod","Relic Stats","Reliquary","Replay The Spire","Robot Space Explorer","Ruina","SIMod","Shade Mod","Shapeshifter Mod","Spikes Relics","StSLib","The Alterego","The Animator","The Blackbeard","The Bug Knight","The Cursed","The Death Knight","The Disciple","The Dragon Tamer","The Dragonkin","The Druid","The Elementalist","The Exalted","The Fake Hero","The Florist","The Gatherer","The Hayseed","The Hierophant","The Immortal","The Jungle","The Mystic","The Necromancer","The Poker Player","The Runesmith","The Sage","The Senshi","The Servant 0.9.4","The Showman","The Valiant","The Wild Card","TheBandit","TheSwordswoman","TheVacant","TheVelvet","TheWitcher","Trackpad","Waifu the Spire","WarShipGirlsR/????R mod","Yakumo Yukari mod"],"gold_per_floor":[112,126,126,145,145,181,194,194,194,194,194,228,241,251,251,351,351,367,367,367,107,123,153,167,167,167,181,210,222,237,268,268,373,373,391,0,17,33,65,65,94,105,105,135,178,196,196,196,196,196,196,196,196,226,226],"floor_reached":56,"language":"ENG","playtime":3752,"items_purged":[],"score":1281,"play_id":"a0203793-8732-4591-9e5b-87299affaacb","local_time":"20210222221122","is_ascension_mode":false,"campfire_choices":[{"floor":11,"key":"REST"},{"floor":15,"key":"RECALL"},{"data":"DemoMod:CursedBullets","floor":25,"key":"SMITH"},{"data":"DemoMod:ShadowBullets","floor":32,"key":"SMITH"},{"data":"DemoMod:HuntsMan","floor":40,"key":"SMITH"},{"data":"DemoMod:BalloonGun","floor":47,"key":"SMITH"},{"data":"DemoMod:CombinedRifle","floor":49,"key":"SMITH"},{"data":"DemoMod:ProbeStrike","floor":52,"key":"SMITH"}],"circlet_count":0,"master_deck":["DemoMod:Strike_Huntress","DemoMod:Strike_Huntress","DemoMod:Strike_Huntress","DemoMod:Defend_Huntress","DemoMod:Defend_Huntress","DemoMod:Defend_Huntress","DemoMod:Defend_Huntress","DemoMod:Roll","DemoMod:ManualReload","DemoMod:RustySidearm","DemoMod:CrossBow","DemoMod:HuntsMan+1","DemoMod:ProbeStrike+1","Apotheosis+1","DemoMod:ShadowBullets+1","DemoMod:TripleGun","DemoMod:DoubleVision","DemoMod:BalloonGun+1","theWildCard:Scathach+1","DemoMod:CursedBullets+1","DemoMod:CombinedRifle+1","DemoMod:MachoBrace","DemoMod:AbyssalTentacle+1","Parasite","DemoMod:BattleInHaste+1","DemoMod:HardPowerCard+1","DemoMod:GunShield+1","DemoMod:ShadowBullets+1"],"relics":["DemoMod:Dog","NeowsBlessing","hubris:Metronome","hubris:Towel","Shuriken","Dota2Spire:Vanguard","DemoMod:BlueGuonStone","DemoMod:GlassGuonStoneRelic","trackpad:BottledShadow","reliquary:Sod","Boot","hubris:HollowSoul","DemoMod:MeatBun","jedi:matchstick","DemoMod:RingOfEthereal","DemoMod:Plus1Bullets","DemoMod:ClearGuonStone","jedi:kaleidoscope","Bromod:ArcaneAwakening"],"acts_visited":["Exordium","TheCity","TheBeyond","TheEnding"],"potions_floor_usage":[12,12,13,27,28,31,31,33,42],"damage_taken":[{"damage":0,"enemies":"Jaw Worm","floor":1,"turns":1},{"damage":0,"enemies":"Small Slimes","floor":2,"turns":1},{"damage":0,"enemies":"Cultist","floor":4,"turns":1},{"damage":34,"enemies":"Lagavulin","floor":6,"turns":5},{"damage":7,"enemies":"3 Louse","floor":7,"turns":3},{"damage":0,"enemies":"3 Sentries","floor":12,"turns":6},{"damage":13,"enemies":"Exordium Thugs","floor":13,"turns":5},{"damage":0,"enemies":"Looter","floor":14,"turns":3},{"damage":11,"enemies":"Slime Boss","floor":16,"turns":8},{"damage":0,"enemies":"Chosen","floor":18,"turns":3},{"damage":0,"enemies":"Spheric Guardian","floor":22,"turns":3},{"damage":0,"enemies":"Gremlin Leader","floor":23,"turns":5},{"damage":0,"enemies":"Centurion and Healer","floor":24,"turns":4},{"damage":0,"enemies":"Sentry and Sphere","floor":27,"turns":4},{"damage":0,"enemies":"HollowMod:Nosk","floor":28,"turns":1},{"damage":0,"enemies":"Snecko","floor":29,"turns":3},{"damage":0,"enemies":"Snake Plant","floor":30,"turns":3},{"damage":0,"enemies":"Book of Stabbing","floor":31,"turns":6},{"damage":0,"enemies":"Collector","floor":33,"turns":6},{"damage":0,"enemies":"3 Darklings","floor":35,"turns":3},{"damage":0,"enemies":"Orb Walker","floor":37,"turns":2},{"damage":0,"enemies":"Writhing Mass","floor":38,"turns":4},{"damage":0,"enemies":"Transient","floor":39,"turns":5},{"damage":0,"enemies":"Nemesis","floor":41,"turns":3},{"damage":0,"enemies":"Transient","floor":42,"turns":5},{"damage":0,"enemies":"Reptomancer","floor":44,"turns":6},{"damage":0,"enemies":"Maw","floor":45,"turns":2},{"damage":0,"enemies":"Spire Growth","floor":46,"turns":3},{"damage":0,"enemies":"Donu and Deca","floor":50,"turns":4},{"damage":0,"enemies":"Shield and Spear","floor":54,"turns":5},{"damage":1,"enemies":"The Heart","floor":55,"turns":1}],"seed_played":"7564141933624890165","potions_obtained":[{"floor":2,"key":"potionbrewer:AcidPotion"},{"floor":6,"key":"Guardian:BlockOnCardUsePotion"},{"floor":7,"key":"jedi:StrikingPotion"},{"floor":12,"key":"DeathKnight:RimePotion"},{"floor":23,"key":"sagemod:Wine"},{"floor":23,"key":"Toxic Potion"},{"floor":27,"key":"jedi:StrikingPotion"},{"floor":30,"key":"BlessingOfTheForge"},{"floor":31,"key":"SkillPotion"},{"floor":37,"key":"potionbrewer:NoxiousPotion"},{"floor":41,"key":"potionbrewer:ToxicPotion"},{"floor":44,"key":"potionbrewer:NoxiousPotion"}],"is_trial":false,"path_per_floor":["M","M","?","M","?","E","M","?","T","$","R","E","M","M","R","B",null,"M","AVR","?","$","M","E","M","R","T","M","E","M","M","E","R","B",null,"M","?","M","M","?","R","E","M","T","E","M","M","R","AVR","R","B",null,"R","$","E","B",null],"character_chosen":"HUNTRESS","items_purchased":["DemoMod:BlueGuonStone"],"campfire_rested":1,"item_purchase_floors":[21],"current_hp_per_floor":[70,70,70,70,70,36,29,29,29,29,50,50,37,37,37,26,70,70,70,70,70,70,70,70,70,70,70,70,70,70,70,70,70,70,70,70,70,70,70,70,70,70,70,70,70,70,70,70,70,70,70,70,70,70,69],"gold":226,"neow_bonus":"THREE_ENEMY_KILL","is_daily":false,"chose_seed":false,"campfire_upgraded":6,"win_rate":0.0,"timestamp":1614060682,"path_taken":["M","M","?","M","?","E","?","?","T","$","R","E","M","M","R","BOSS","M","AVR","?","$","M","E","M","R","T","M","E","M","M","E","R","BOSS","M","?","?","M","?","R","E","M","T","E","M","M","R","AVR","R","BOSS","R","$","E","BOSS"],"items_purchased_type":["Relic"],"build_version":"2020-12-22","purchased_purges":0,"victory":true,"max_hp_per_floor":[70,70,70,70,70,70,70,70,70,70,70,70,70,70,70,70,70,70,70,70,70,70,70,70,70,70,70,70,70,70,70,70,70,70,70,70,70,70,70,70,70,70,70,70,70,70,70,70,70,70,70,70,70,70,70],"relic_stats":{"counters":[31,114],"Shuriken":[38],"Boot":[78],"obtain_stats":[{"hubris:Metronome":6,"DemoMod:BlueGuonStone":21,"DemoMod:Dog":0,"NeowsBlessing":0,"DemoMod:Plus1Bullets":41,"DemoMod:GlassGuonStoneRelic":4,"Dota2Spire:Vanguard":12,"hubris:HollowSoul":34,"hubris:Towel":8,"Boot":31,"reliquary:Sod":28,"Bromod:ArcaneAwakening":54,"jedi:kaleidoscope":44,"Shuriken":9,"DemoMod:MeatBun":36,"jedi:matchstick":39,"trackpad:BottledShadow":23,"jedi:command_shop":36,"DemoMod:RingOfEthereal":39,"DemoMod:ClearGuonStone":43},{"hubris:Metronome":4,"DemoMod:BlueGuonStone":10,"DemoMod:Dog":0,"NeowsBlessing":0,"DemoMod:Plus1Bullets":24,"DemoMod:GlassGuonStoneRelic":3,"Dota2Spire:Vanguard":6,"hubris:HollowSoul":19,"hubris:Towel":5,"Boot":18,"reliquary:Sod":15,"Bromod:ArcaneAwakening":30,"jedi:kaleidoscope":26,"Shuriken":5,"DemoMod:MeatBun":20,"jedi:matchstick":23,"trackpad:BottledShadow":12,"jedi:command_shop":20,"DemoMod:RingOfEthereal":23,"DemoMod:ClearGuonStone":25},{"hubris:Metronome":8,"DemoMod:BlueGuonStone":36,"DemoMod:Dog":0,"NeowsBlessing":0,"DemoMod:Plus1Bullets":88,"DemoMod:GlassGuonStoneRelic":3,"Dota2Spire:Vanguard":17,"hubris:HollowSoul":71,"hubris:Towel":11,"Boot":65,"reliquary:Sod":53,"Bromod:ArcaneAwakening":113,"jedi:kaleidoscope":99,"Shuriken":11,"DemoMod:MeatBun":74,"jedi:matchstick":85,"trackpad:BottledShadow":44,"jedi:command_shop":74,"DemoMod:RingOfEthereal":85,"DemoMod:ClearGuonStone":93}]},"card_choices":[{"not_picked":["DemoMod:TableSutra","DemoMod:MachoBrace"],"picked":"DemoMod:HuntsMan","floor":1},{"not_picked":["DemoMod:DoubleSwitch","DemoMod:Purify"],"picked":"DemoMod:ProbeStrike","floor":2},{"not_picked":["DemoMod:ShadowBullets","DemoMod:PracticeMakesPerfect"],"picked":"DemoMod:StickyCrossBow","floor":4},{"not_picked":["DemoMod:SAA","DemoMod:Ejector"],"picked":"DemoMod:ShadowBullets","floor":4},{"not_picked":["DemoMod:GunstockTap","DemoMod:BalloonGun"],"picked":"DemoMod:TripleGun","floor":6},{"not_picked":["DemoMod:DoubleSwitch","DemoMod:MachoBrace","DemoMod:Camera"],"picked":"SKIP","floor":7},{"not_picked":["DemoMod:ZorGun","DemoMod:FastSwitch"],"picked":"DemoMod:DoubleVision","floor":12},{"not_picked":["DemoMod:BoxingGlove","DemoMod:ProbeStrike","DemoMod:AC15"],"picked":"SKIP","floor":13},{"not_picked":["DemoMod:PotionOfGunFriendShip","DemoMod:TableSutra","DemoMod:HuntsMan"],"picked":"SKIP","floor":14},{"not_picked":["DemoMod:Slinger","DemoMod:DarkMarker"],"picked":"DemoMod:BalloonGun","floor":16},{"not_picked":["DemoMod:ChanceBullets+1","DemoMod:FeignSurrender","DemoMod:BattleInHaste"],"picked":"SKIP","floor":18},{"not_picked":["DemoMod:FeignSurrender","DemoMod:FortunesFavor","DemoMod:Ejector"],"picked":"SKIP","floor":22},{"not_picked":["DemoMod:Eureka","DemoMod:Unmoved","DemoMod:FeignSurrender"],"picked":"SKIP","floor":23},{"not_picked":["DemoMod:BoxingGlove+1","DemoMod:HuntsMan+1"],"picked":"DemoMod:CursedBullets","floor":24},{"not_picked":["DemoMod:TableSutra","DemoMod:DoubleSwitch","DemoMod:JK47"],"picked":"SKIP","floor":27},{"not_picked":["DemoMod:BattleInHaste+1","DemoMod:ProbeStrike+1","DemoMod:Eureka"],"picked":"SKIP","floor":28},{"not_picked":["DemoMod:TripleGun","DemoMod:AbyssalTentacle+1"],"picked":"DemoMod:CombinedRifle","floor":29},{"not_picked":["DemoMod:StickyCrossBow","DemoMod:LifeOrb","DemoMod:Polaris+1"],"picked":"SKIP","floor":30},{"not_picked":["DemoMod:SAA","DemoMod:DirectionalPad","DemoMod:Slinger"],"picked":"SKIP","floor":30},{"not_picked":["DemoMod:AC15","DemoMod:SkilledReload+1","DemoMod:StickyCrossBow"],"picked":"SKIP","floor":31},{"not_picked":["DemoMod:FeignSurrender","DemoMod:TableSutra"],"picked":"DemoMod:MachoBrace","floor":35},{"not_picked":["DemoMod:Ejector+1","DemoMod:HardPowerCard+1"],"picked":"DemoMod:AbyssalTentacle+1","floor":37},{"not_picked":["DemoMod:DoubleSwitch","DemoMod:FastSwitch"],"picked":"DemoMod:BattleInHaste+1","floor":38},{"not_picked":["DemoMod:StickyCrossBow","DemoMod:Ejector","DemoMod:JK47+1"],"picked":"SKIP","floor":39},{"not_picked":["DemoMod:StickyCrossBow","DemoMod:TeaPot"],"picked":"DemoMod:HardPowerCard+1","floor":41},{"not_picked":["DemoMod:Purify","DemoMod:JK47","DemoMod:BulletBore"],"picked":"SKIP","floor":41},{"not_picked":["DemoMod:Purify","DemoMod:JK47","DemoMod:BulletBore"],"picked":"SKIP","floor":41},{"not_picked":["DemoMod:TeaPot+1","DemoMod:MegaHand+1","DemoMod:LifeOrb"],"picked":"SKIP","floor":42},{"not_picked":["DemoMod:RadGun","DemoMod:JK47","DemoMod:AC15"],"picked":"SKIP","floor":44},{"not_picked":["DemoMod:AC15","DemoMod:JK47"],"picked":"DemoMod:GunShield+1","floor":45},{"not_picked":["DemoMod:JK47","DemoMod:TableSutra","DemoMod:BoxingGlove+1"],"picked":"SKIP","floor":46},{"not_picked":["DemoMod:Unmoved","DemoMod:SAA+1"],"picked":"DemoMod:ShadowBullets+1","floor":54}],"player_experience":259215,"relics_obtained":[{"floor":6,"key":"hubris:Metronome"},{"floor":9,"key":"Shuriken"},{"floor":12,"key":"Dota2Spire:Vanguard"},{"floor":23,"key":"trackpad:BottledShadow"},{"floor":28,"key":"reliquary:Sod"},{"floor":31,"key":"Boot"},{"floor":39,"key":"jedi:matchstick"},{"floor":39,"key":"DemoMod:RingOfEthereal"},{"floor":41,"key":"DemoMod:Plus1Bullets"},{"floor":43,"key":"DemoMod:ClearGuonStone"},{"floor":44,"key":"jedi:kaleidoscope"},{"floor":54,"key":"Bromod:ArcaneAwakening"}],"event_choices":[{"damage_healed":70,"gold_gain":0,"player_choice":"Embrace","damage_taken":0,"max_hp_gain":0,"max_hp_loss":70,"event_name":"betterThird:BetterShining","floor":3,"gold_loss":0},{"cards_removed":["DemoMod:StickyCrossBow"],"damage_healed":5,"gold_gain":0,"player_choice":"Offered Common","damage_taken":0,"max_hp_gain":0,"max_hp_loss":0,"event_name":"Bonfire Elementals","floor":5,"gold_loss":0},{"cards_removed":["DemoMod:StickyCrossBow"],"damage_healed":5,"gold_gain":0,"player_choice":"Offered Special","damage_taken":0,"max_hp_gain":0,"max_hp_loss":0,"event_name":"Bonfire Elementals","floor":5,"gold_loss":0},{"cards_removed":["Apotheosis"],"damage_healed":0,"gold_gain":0,"player_choice":"Take \u0026 Give","damage_taken":0,"max_hp_gain":0,"max_hp_loss":0,"event_name":"betterNote:BetterNote","floor":20,"gold_loss":0,"cards_obtained":["theWildCard:Scathach"]}],"is_beta":false,"boss_relics":[{"not_picked":["Cursed Key","Pandora\u0027s Box","reliquary:Ember"]},{"not_picked":["hubris:GrandSneckoEye","trackpad:Coffee"],"picked":"hubris:HollowSoul"}],"items_purged_floors":[],"is_endless":false,"potions_floor_spawned":[2,6,7,12,23,23,27,30,31,37,41,44,46],"ascension_level":0}}