{"host":"h9c2ptiayi21rmia","time":1614112434,"event":{"mods":["AchievementEnabler","Aspiration","BaseMod","Better Altar","Better Match","Better Note","Better Sensory Stone","Better Skull","Better Third Choice","Better Vampires","Block Reminder","ChefMod","Dio Mod","Evolution","Hermit","Hubris","JesterMod","Jorbs\u0027s Wanderer Trilogy","Kratos Character Expansion","Minty Spire (QoL Compilation)","Permanent Neow","Poor People Problems","Relic Stats","Replay The Spire","Shade Mod","Small Relic Pack","Spicy Shops","StS++","StSLib","The Marked","TheSwordswoman"],"gold_per_floor":[115,40,40,50,61,86,86,118,118,148,148,165,11,30,30,128,128,138,178,58,134,134,164,164,190,190,190,190],"floor_reached":27,"language":"ENG","playtime":2524,"items_purged":["hubris:Lust"],"score":296,"play_id":"b672b00d-1e1d-402e-ac35-cc938b27d066","local_time":"20210223153354","is_ascension_mode":true,"campfire_choices":[{"floor":11.0,"key":"REST"},{"floor":15.0,"key":"REST"},{"floor":24.0,"key":"REST"}],"circlet_count":0,"master_deck":["Shade:BoneShards","Shade:Strike_Shade","Shade:Strike_Shade","Shade:Strike_Shade","Shade:Defend_Shade","Shade:Defend_Shade","Shade:Defend_Shade","Shade:Defend_Shade","Shade:AnimateDead","Shade:CarefulCut","Transmutation","Shade:AuraOfUnlife","Shade:AncientSpear","Shade:OpenGraves+1","Shade:FeralStrike","Regret","Shade:OfferingToTheBeyond","Shade:OpenGraves+1","Shade:ClawBack","Shade:Brains+1","Shade:Putrefaction","CurseOfTheBell","Shade:ScuttlingHand","Shade:Brains+1","Survey Options+1","ReplayTheSpireMod:Splinters","Shade:AblativeArmor+1","Shade:Putrefaction","Shade:FleshToFlesh+1","Shade:WallOfFlesh+1"],"relics":["Shade:YorickSkull","EVO:Axolotl","Chameleon Ring","Toxic Egg 2","Pear","hubris:CrystalStatue","Unceasing Top","PreservedInsect","Calling Bell","Blood Vial","Replay:Towering Pillar of Hats","Replay:Bottled Eggs","Orichalcum","Mercury Hourglass","Frozen Egg 2"],"acts_visited":["Exordium","TheCity"],"potions_floor_usage":[],"damage_taken":[{"damage":0.0,"enemies":"Jaw Worm","floor":1.0,"turns":3.0},{"damage":5.0,"enemies":"2 Louse","floor":4.0,"turns":4.0},{"damage":2.0,"enemies":"Cultist","floor":5.0,"turns":4.0},{"damage":19.0,"enemies":"Gremlin Nob","floor":6.0,"turns":5.0},{"damage":22.0,"enemies":"Lagavulin","floor":8.0,"turns":7.0},{"damage":4.0,"enemies":"3 Sentries","floor":10.0,"turns":7.0},{"damage":13.0,"enemies":"Exordium Thugs","floor":12.0,"turns":4.0},{"damage":1.0,"enemies":"Exordium Wildlife","floor":14.0,"turns":3.0},{"damage":32.0,"enemies":"The Guardian","floor":16.0,"turns":12.0},{"damage":22.0,"enemies":"Chosen","floor":18.0,"turns":6.0},{"damage":32.0,"enemies":"3 Byrds","floor":19.0,"turns":6.0},{"damage":44.0,"enemies":"Gremlin Leader","floor":23.0,"turns":6.0},{"damage":23.0,"enemies":"Book of Stabbing","floor":25.0,"turns":6.0},{"damage":7,"enemies":"Gremlin Leader","floor":27,"turns":1}],"seed_played":"192397665572007141","potions_obtained":[{"floor":4.0,"key":"Reflective Coating"},{"floor":5.0,"key":"AttackPotion"},{"floor":16.0,"key":"Strength Potion"},{"floor":18.0,"key":"Regen Potion"},{"floor":21.0,"key":"StSpp:InhibitionPotion"},{"floor":21.0,"key":"Milkshake"},{"floor":21.0,"key":"PowerPotion"}],"is_trial":false,"path_per_floor":["M","$","?","M","M","E","?","E","T","E","R","M","$","M","R","B",null,"M","M","$","?","?","E","R","E","T","E"],"character_chosen":"SHADE","items_purchased":["PreservedInsect","Survey Options+1"],"campfire_rested":3,"item_purchase_floors":[13,20],"current_hp_per_floor":[65,65,65,60,58,39,39,27,27,23,45,32,32,31,53,21,75,53,45,45,45,45,3,25,4,4,0,0],"gold":190,"neow_bonus":"RANDOM_COLORLESS_2","is_daily":false,"chose_seed":false,"campfire_upgraded":0,"win_rate":0.0,"timestamp":1614112434,"path_taken":["M","$","?","M","M","E","?","E","T","E","R","?","$","M","R","BOSS","M","M","$","?","?","E","R","E","T","E"],"items_purchased_type":["Relic","Card"],"build_version":"2020-12-22","purchased_purges":1,"victory":false,"max_hp_per_floor":[65,65,65,65,65,65,65,75,75,75,75,75,75,75,75,75,75,75,75,75,75,75,75,75,75,75,75,75],"relic_stats":{"Blood Vial":8,"counters":[14,74],"PreservedInsect":130,"Orichalcum":[18],"obtain_stats":[{"Pear":8,"hubris:CrystalStatue":9,"Replay:Towering Pillar of Hats":17,"Shade:YorickSkull":0,"PreservedInsect":13,"EVO:Axolotl":0,"Orichalcum":23,"Frozen Egg 2":26,"Mercury Hourglass":25,"Calling Bell":17,"Blood Vial":17,"Chameleon Ring":6,"Toxic Egg 2":7,"Replay:Bottled Eggs":17,"Unceasing Top":10},{"Pear":5,"hubris:CrystalStatue":5,"Replay:Towering Pillar of Hats":9,"Shade:YorickSkull":0,"PreservedInsect":7,"EVO:Axolotl":0,"Orichalcum":12,"Frozen Egg 2":13,"Mercury Hourglass":13,"Calling Bell":9,"Blood Vial":9,"Chameleon Ring":4,"Toxic Egg 2":4,"Replay:Bottled Eggs":9,"Unceasing Top":6},{"Pear":23,"hubris:CrystalStatue":23,"Replay:Towering Pillar of Hats":49,"Shade:YorickSkull":0,"PreservedInsect":34,"EVO:Axolotl":0,"Orichalcum":67,"Frozen Egg 2":73,"Mercury Hourglass":73,"Calling Bell":49,"Blood Vial":49,"Chameleon Ring":16,"Toxic Egg 2":16,"Replay:Bottled Eggs":49,"Unceasing Top":30}],"Unceasing Top":[0],"Mercury Hourglass":[9]},"card_choices":[{"not_picked":["Sadistic Nature","ReplayUltimateDefense"],"picked":"Transmutation","floor":0.0},{"not_picked":["Shade:CoffinDance","Shade:SoulToxin"],"picked":"Shade:AuraOfUnlife","floor":1.0},{"not_picked":["Shade:CoffinDance","Shade:TouchOfTheGrave"],"picked":"Shade:AncientSpear","floor":4.0},{"not_picked":["Shade:BoneShards","Shade:CommandSoldier"],"picked":"Shade:OpenGraves","floor":5.0},{"not_picked":["Shade:FingerOfDeath","Shade:FleshToFlesh"],"picked":"Shade:FeralStrike","floor":6.0},{"not_picked":["Shade:FeralStrike","Shade:Carnophage"],"picked":"Shade:OfferingToTheBeyond","floor":8.0},{"not_picked":["Shade:FeralStrike","Shade:CommandSoldier+1"],"picked":"Shade:OpenGraves","floor":10.0},{"not_picked":["Shade:Trample","Shade:SpectralStrikes"],"picked":"Shade:ClawBack","floor":12.0},{"not_picked":["Shade:Premonition+1","Shade:CoffinDance"],"picked":"Shade:Brains+1","floor":14.0},{"not_picked":["Shade:MadHubris+1","Shade:OneIsEnough"],"picked":"Shade:Putrefaction","floor":16.0},{"not_picked":["Shade:Haruspicy+1","Shade:Asphyxiate"],"picked":"Shade:ScuttlingHand","floor":18.0},{"not_picked":["Shade:CoffinDance","Shade:RitualOffering+1"],"picked":"Shade:Brains+1","floor":19.0},{"not_picked":["Shade:CallOfTheGrave+1","Shade:ClawBack+1"],"picked":"Shade:AblativeArmor+1","floor":21.0},{"not_picked":["Shade:Frenzy+1","Shade:FeralStrike+1"],"picked":"Shade:FleshToFlesh+1","floor":23.0},{"not_picked":["Shade:Bite_Shade","Shade:SkeletonArmy+1"],"picked":"Shade:WallOfFlesh+1","floor":25.0}],"player_experience":310980,"relics_obtained":[{"floor":6.0,"key":"Chameleon Ring"},{"floor":8.0,"key":"Pear"},{"floor":9.0,"key":"hubris:CrystalStatue"},{"floor":10.0,"key":"Unceasing Top"},{"floor":17.0,"key":"Blood Vial"},{"floor":17.0,"key":"Replay:Towering Pillar of Hats"},{"floor":17.0,"key":"Replay:Bottled Eggs"},{"floor":23.0,"key":"Orichalcum"},{"floor":25.0,"key":"Mercury Hourglass"},{"floor":26.0,"key":"Frozen Egg 2"}],"event_choices":[{"damage_healed":0.0,"max_hp_gain":0.0,"max_hp_loss":0.0,"gold_gain":0.0,"event_name":"Golden Wing","player_choice":"Ignored","floor":3.0,"gold_loss":0.0,"damage_taken":0.0},{"damage_healed":0.0,"max_hp_gain":0.0,"max_hp_loss":0.0,"gold_gain":0.0,"event_name":"Big Fish","player_choice":"Box","floor":7.0,"gold_loss":0.0,"damage_taken":0.0,"relics_obtained":["Toxic Egg 2"],"cards_obtained":["Regret"]},{"damage_healed":0.0,"max_hp_gain":0.0,"max_hp_loss":0.0,"gold_gain":0.0,"event_name":"Duplicator","player_choice":"Copied","floor":22.0,"gold_loss":0.0,"damage_taken":0.0,"cards_obtained":["Shade:Putrefaction"]}],"is_beta":false,"boss_relics":[{"not_picked":["Replay:Ancient Bell","relicPack:ShieldShield"],"picked":"Calling Bell"}],"items_purged_floors":[2],"is_endless":false,"potions_floor_spawned":[4,5,16,18],"killed_by":"Gremlin Leader","ascension_level":2}}