{"host":"yaxsefyig1et0yi2","time":1614071476,"event":{"mods":["Aspiration","BaseMod","BetterRewards","Colored Powertips","Conspire","Displayed Cursed Tome","Downfall","GungeonMod","Halation","Hubris","Infinite Spire","Marked Mod","Minty Spire (QoL Compilation)","Quick Restart","RatMod","Replay The Spire","Reworked Bosses","Spikes Relics","StSLib"],"gold_per_floor":[110,110,125,139,154,154,154,164,164,176,190,205,205,216,216,314,314,328,8,24,43,53,53,53,64,64,75,90,2,32,49,49,49,49],"floor_reached":33,"language":"ENG","playtime":1305,"items_purged":[],"score":249,"play_id":"3fe87301-ec2e-4427-aa96-1a5b06cf0b15","local_time":"20210223041116","is_ascension_mode":false,"campfire_choices":[{"data":"MarkedMod:GentlePulse","floor":6.0,"key":"SMITH"},{"data":"MarkedMod:FirstStrike","floor":13.0,"key":"SMITH"},{"data":"PathToVictory","floor":15.0,"key":"SMITH"},{"floor":23,"key":"REST"},{"floor":32,"key":"REST"}],"circlet_count":0,"master_deck":["Strike_P","Strike_P","Strike_P","Strike_P","Defend_P","Defend_P","Defend_P","Defend_P","Eruption+1","Vigilance","Consecrate","Consecrate","MarkedMod:GentlePulse+1","MarkedMod:FirstStrike+1","PathToVictory+1","PathToVictory","WindmillStrike","MarkedMod:Acupuncture","MarkedMod:NorthStar","PlatinumSkin+1","Prostrate+1","Fasting2+1","PathToVictory","DevaForm+1","Specialist+1","Replay:AtTheReady+1"],"relics":["PureWater","NeowsBlessing","Snack Pack","hubris:ScarierMask","Frozen Egg 2","aspiration:Stabinomicon","DemoMod:MonsterBlood","Art of War"],"acts_visited":["Exordium","TheCity"],"potions_floor_usage":[30,30,30,31],"damage_taken":[{"damage":0.0,"enemies":"Small Slimes","floor":1.0,"turns":1.0},{"damage":0.0,"enemies":"Jaw Worm","floor":3.0,"turns":1.0},{"damage":0.0,"enemies":"2 Louse","floor":4.0,"turns":1.0},{"damage":4.0,"enemies":"Lots of Slimes","floor":5.0,"turns":2.0},{"damage":12.0,"enemies":"Large Slime","floor":8.0,"turns":4.0},{"damage":16.0,"enemies":"Exordium Wildlife","floor":10.0,"turns":2.0},{"damage":6.0,"enemies":"Blue Slaver","floor":11.0,"turns":3.0},{"damage":0.0,"enemies":"Looter","floor":12.0,"turns":2.0},{"damage":6.0,"enemies":"Gremlin Gang","floor":14.0,"turns":3.0},{"damage":32,"enemies":"Fading Forest","floor":16,"turns":11},{"damage":10,"enemies":"2 Thieves","floor":18,"turns":3},{"damage":32,"enemies":"Chosen","floor":20,"turns":5},{"damage":21,"enemies":"Centurion and Healer","floor":21,"turns":4},{"damage":6,"enemies":"Cultist and Chosen","floor":22,"turns":3},{"damage":0,"enemies":"Snecko","floor":25,"turns":3},{"damage":0,"enemies":"Centurion and Healer","floor":27,"turns":4},{"damage":0,"enemies":"Sentry and Sphere","floor":28,"turns":2},{"damage":14,"enemies":"conspire:MimicChest","floor":30,"turns":5},{"damage":1,"enemies":"conspire:HollyBat","floor":31,"turns":10},{"damage":34,"enemies":"hubris:MusketHawk","floor":33,"turns":4}],"seed_played":"-5962534474348602470","potions_obtained":[{"floor":1.0,"key":"Explosive Potion"},{"floor":5.0,"key":"SpeedPotion"},{"floor":11.0,"key":"SteroidPotion"},{"floor":12.0,"key":"SteroidPotion"},{"floor":30,"key":"Fire Potion"}],"is_trial":false,"path_per_floor":["M","$","M","M","M","R","?","M","T","M","M","M","R","M","R","B",null,"M","$","M","M","M","R","?","M","T","M","M","$","?","M","R","B"],"character_chosen":"WATCHER","items_purchased":["Frozen Egg 2","PlatinumSkin+1","Specialist+1"],"campfire_rested":2,"item_purchase_floors":[19,19,29],"current_hp_per_floor":[72,72,72,72,68,68,68,56,56,42,36,36,36,32,32,28,72,62,62,32,13,9,30,14,16,23,23,23,23,9,8,31,0,0],"gold":49,"neow_bonus":"THREE_ENEMY_KILL","is_daily":false,"chose_seed":false,"campfire_upgraded":3,"win_rate":0.0,"timestamp":1614071476,"path_taken":["M","$","M","M","M","R","?","M","T","M","M","M","R","M","R","BOSS","M","$","M","M","M","R","?","M","T","M","M","$","?","M","R","BOSS"],"items_purchased_type":["Relic","Card","Card"],"build_version":"2020-12-22","purchased_purges":0,"victory":false,"max_hp_per_floor":[72,72,72,72,72,72,72,72,72,72,72,72,72,72,72,72,72,72,72,72,72,72,72,72,72,79,79,79,79,79,79,79,79,79],"card_choices":[{"not_picked":["Halt","DeceiveReality"],"picked":"Consecrate","floor":1.0},{"not_picked":["FlurryOfBlows","Crescendo"],"picked":"Consecrate","floor":3.0},{"not_picked":["Weave","Replay:BluntJabs"],"picked":"MarkedMod:GentlePulse","floor":4.0},{"not_picked":["Collect","Replay:Vibes","Nirvana"],"picked":"SKIP","floor":5.0},{"not_picked":["EmptyFist","WheelKick"],"picked":"MarkedMod:FirstStrike","floor":8.0},{"not_picked":["LikeWater","Tantrum"],"picked":"PathToVictory","floor":10.0},{"not_picked":["Evaluate","FollowUp"],"picked":"PathToVictory","floor":11.0},{"not_picked":["Prostrate","Replay:Vibes"],"picked":"WindmillStrike","floor":12.0},{"not_picked":["Brilliance","MentalFortress"],"picked":"MarkedMod:Acupuncture","floor":14.0},{"not_picked":["DeusExMachina","Ragnarok"],"picked":"MarkedMod:NorthStar","floor":16},{"not_picked":["SashWhip","EmptyFist","BowlingBash"],"picked":"SKIP","floor":18},{"not_picked":["Brilliance","MentalFortress+1","FearNoEvil"],"picked":"SKIP","floor":20},{"not_picked":["Wireheading+1","Protect"],"picked":"Prostrate+1","floor":21},{"not_picked":["EmptyMind","Conclude"],"picked":"Fasting2+1","floor":22},{"not_picked":["EmptyBody+1","Crescendo","Replay:Anticipation"],"picked":"SKIP","floor":25},{"not_picked":["SashWhip","FollowUp"],"picked":"PathToVictory","floor":27},{"not_picked":["Fasting2+1","MentalFortress+1"],"picked":"DevaForm+1","floor":28},{"not_picked":["SandsOfTime+1","BowlingBash"],"picked":"Replay:AtTheReady+1","floor":30},{"not_picked":["EmptyFist","SashWhip","ReachHeaven"],"picked":"SKIP","floor":31}],"player_experience":270006,"relics_obtained":[{"floor":9.0,"key":"Snack Pack"},{"floor":26,"key":"DemoMod:MonsterBlood"},{"floor":30,"key":"Art of War"}],"event_choices":[{"damage_healed":0.0,"max_hp_gain":0.0,"max_hp_loss":0.0,"gold_gain":0.0,"event_name":"Living Wall","player_choice":"Grow","floor":7.0,"gold_loss":0.0,"damage_taken":0.0,"cards_upgraded":["Eruption"]},{"damage_healed":0,"gold_gain":0,"player_choice":"Obtained Book","damage_taken":16,"max_hp_gain":0,"max_hp_loss":0,"event_name":"Cursed Tome","floor":24,"gold_loss":0}],"is_beta":false,"boss_relics":[{"not_picked":["halation:ForbiddenBikini","HolyWater"],"picked":"hubris:ScarierMask"}],"items_purged_floors":[],"is_endless":false,"potions_floor_spawned":[1,5,11,12,14,16,21,22,27,30],"killed_by":"hubris:MusketHawk","ascension_level":0}}