{"host":"k2fk6k4lf3fy23m9","time":1614121232,"event":{"mods":["AchievementEnabler","BaseMod","Card Forge","CatGirl Mod","Colored Map","DeckTracker","FoggyMod","Fox Events","Hermit","Minty Spire (QoL Compilation)","READ ME - Snecko Mod","SIMod","Shop Mod","StSLib","Synergy Search","The Servant 0.9.4","The Vixen","TheHero","UnlockEverythingMod","Waifu the Spire"],"gold_per_floor":[115,115,150,110,110,110,137,137,214,489,489,26,26,26,26,26,26],"floor_reached":16,"language":"DEU","playtime":850,"items_purged":[],"score":92,"play_id":"2b44440f-6964-4193-a706-cf4896c655f7","local_time":"20210224000032","is_ascension_mode":false,"campfire_choices":[{"floor":6,"key":"REST"},{"floor":15,"key":"REST"}],"circlet_count":0,"master_deck":["TheVixenMod:Strike_TheVixen","TheVixenMod:Strike_TheVixen+1","TheVixenMod:Strike_TheVixen","TheVixenMod:Strike_TheVixen","TheVixenMod:Defend_TheVixen","TheVixenMod:Defend_TheVixen","TheVixenMod:Defend_TheVixen","TheVixenMod:Defend_TheVixen","TheVixenMod:SunnyDay","TheVixenMod:Ember+1","TheVixenMod:Overheat","Regret","TheVixenMod:Incinerate","TheVixenMod:TailWhip"],"relics":["TheVixenMod:BurningStick","Hammer of Thor","Seething Fire","Anvil of the Gods","Juzu Bracelet","foxEvents:LuckyCharm","StrikeDummy","TheVixenMod:UmbreonRelic","Pyrelight","TheVixenMod:FlameOrb","MerchantsRug"],"acts_visited":["Exordium"],"potions_floor_usage":[7,14,16,16],"damage_taken":[{"damage":10,"enemies":"Jaw Worm","floor":1,"turns":3},{"damage":29,"enemies":"Colosseum Slavers","floor":3,"turns":3},{"damage":30,"enemies":"3 Sentries","floor":7,"turns":8},{"damage":5,"enemies":"3 Sentries","floor":8,"turns":4},{"damage":0,"enemies":"The Mushroom Lair","floor":14,"turns":1},{"damage":33,"enemies":"Slime Boss","floor":16,"turns":5}],"seed_played":"-3226864335632190610","potions_obtained":[{"floor":4,"key":"Strength Potion"},{"floor":4,"key":"SmokeBomb"},{"floor":4,"key":"EssenceOfSteel"},{"floor":7,"key":"LiquidBronze"}],"is_trial":false,"path_per_floor":["M","?","?","?","?","R","E","?","T","?","?","$","?","?","R","B"],"character_chosen":"THE_VIXEN","items_purchased":["TheVixenMod:FlameOrb","MerchantsRug","TheVixenMod:TailWhip"],"campfire_rested":2,"item_purchase_floors":[12,12,12],"current_hp_per_floor":[67,67,38,38,23,46,16,11,11,11,11,11,4,4,27,0,0],"gold":26,"neow_bonus":"TEN_PERCENT_HP_BONUS","is_daily":false,"chose_seed":false,"campfire_upgraded":0,"win_rate":0.0,"timestamp":1614121232,"path_taken":["M","?","?","?","?","R","E","?","T","?","?","?","?","?","R","BOSS"],"items_purchased_type":["Relic","Relic","Card"],"build_version":"2020-12-22","purchased_purges":0,"victory":false,"max_hp_per_floor":[77,77,77,77,77,77,77,77,77,77,77,77,77,77,77,77,77],"card_choices":[{"not_picked":["TheVixenMod:LavaPlume","TheVixenMod:Protect"],"picked":"TheVixenMod:Overheat","floor":1},{"not_picked":["TheVixenMod:Disable","TheVixenMod:MindReader"],"picked":"TheVixenMod:Incinerate","floor":7}],"player_experience":216687,"relics_obtained":[{"floor":3,"key":"foxEvents:LuckyCharm"},{"floor":7,"key":"StrikeDummy"}],"event_choices":[{"damage_healed":0,"gold_gain":0,"player_choice":"Box","damage_taken":0,"relics_obtained":["Juzu Bracelet"],"max_hp_gain":0,"max_hp_loss":0,"event_name":"Big Fish","floor":2,"gold_loss":0,"cards_obtained":["Regret"]},{"damage_healed":0,"gold_gain":0,"player_choice":"Bought 3 Potions","damage_taken":0,"max_hp_gain":0,"max_hp_loss":0,"event_name":"The Woman in Blue","floor":4,"gold_loss":0},{"damage_healed":0,"gold_gain":0,"player_choice":"Entered Light","damage_taken":15,"max_hp_gain":0,"max_hp_loss":0,"event_name":"Shining Light","floor":5,"gold_loss":0,"cards_upgraded":["TheVixenMod:Strike_TheVixen","TheVixenMod:Ember"]},{"damage_healed":0,"gold_gain":0,"player_choice":"Fight the Beast\u0027s assailants","damage_taken":0,"relics_obtained":["TheVixenMod:UmbreonRelic"],"max_hp_gain":0,"max_hp_loss":0,"event_name":"Creature of the Night","floor":8,"gold_loss":0},{"damage_healed":0,"gold_gain":275,"player_choice":"Desecrate","damage_taken":0,"max_hp_gain":0,"max_hp_loss":0,"event_name":"Golden Shrine","floor":10,"gold_loss":0,"cards_obtained":["Regret"]},{"cards_removed":["Regret"],"damage_healed":0,"gold_gain":0,"player_choice":"Card Removal","damage_taken":7,"max_hp_gain":0,"max_hp_loss":0,"event_name":"Golden Wing","floor":13,"gold_loss":0},{"damage_healed":0,"gold_gain":0,"player_choice":"Fought Mushrooms","damage_taken":0,"max_hp_gain":0,"max_hp_loss":0,"event_name":"Mushrooms","floor":14,"gold_loss":0}],"is_beta":false,"boss_relics":[],"items_purged_floors":[],"is_endless":false,"potions_floor_spawned":[7,8],"killed_by":"Slime Boss","ascension_level":0}}