{"host":"f7915vm1ahl7kex1","time":1614121874,"event":{"mods":["BaseMod","Colored Map","Downfall","Minty Spire (QoL Compilation)","Quick Restart","Spire Arcade","StSLib"],"gold_per_floor":[99,110,120,120,120,135,189,220,130,30,46,46,73,100,111,206,206,206,206,219,219,104,104,104,104,24,59,77,77,96,128,143,143,143,143],"floor_reached":33,"language":"ENG","playtime":1277,"items_purged":["bronze:Strike","bronze:Defend","bronze:Backtrace"],"score":388,"play_id":"63f479e1-8ba6-42e2-8482-0169364f32b4","local_time":"20210223171114","is_ascension_mode":true,"campfire_choices":[{"floor":1,"key":"RECALL"},{"data":"bronze:Constructor","floor":10,"key":"SMITH"},{"data":"bronze:Goto","floor":12,"key":"SMITH"},{"data":"bronze:ChosenStrike","floor":18,"key":"SMITH"},{"data":"bronze:FollowUp","floor":23,"key":"SMITH"},{"data":"Apotheosis","floor":29,"key":"SMITH"}],"circlet_count":0,"master_deck":["bronze:Defend","bronze:Defend","bronze:Replicate+1","bronze:Goto+1","bronze:Constructor+1","bronze:WhirlingStrike+1","bronze:Fortify","bronze:CleanCode","bronze:FollowUp+1","bronze:ChosenStrike+1","bronze:Philosophize","bronze:DelayedGuard+1","bronze:Overload","bronze:ForceShield","Apotheosis+1","bronze:Separator"],"relics":["bronze:BronzeCore","Bag of Marbles","Whetstone","Potion Belt","downfall:HeartBlessingRed","bronze:DecasWashers","Odd Mushroom","Astrolabe","Enchiridion","Nloth\u0027s Gift","Membership Card","Anchor","bronze:ProtectiveGoggles","Orichalcum"],"acts_visited":["Exordium","TheCity"],"potions_floor_usage":[8,8,19,22,26,30],"damage_taken":[{"damage":2,"enemies":"Jaw Worm","floor":2,"turns":3},{"damage":1,"enemies":"2 Louse","floor":3,"turns":2},{"damage":28,"enemies":"Gremlin Nob","floor":8,"turns":5},{"damage":0,"enemies":"downfall:FleeingMerchant","floor":9,"turns":4},{"damage":2,"enemies":"Small Slimes","floor":11,"turns":2},{"damage":2,"enemies":"3 Sentries","floor":13,"turns":3},{"damage":0,"enemies":"The Mushroom Lair","floor":14,"turns":3},{"damage":0,"enemies":"3 Louse","floor":15,"turns":2},{"damage":2,"enemies":"WA_ARCHETYPE_RETAIN","floor":16,"turns":5},{"damage":20,"enemies":"WA_ARCHETYPE_RETAIN","floor":19,"turns":5},{"damage":0,"enemies":"downfall:LooterAlt2","floor":20,"turns":3},{"damage":5,"enemies":"downfall:FleeingMerchant","floor":22,"turns":4},{"damage":0,"enemies":"downfall:FleeingMerchant","floor":26,"turns":2},{"damage":0,"enemies":"Slavers","floor":27,"turns":3},{"damage":0,"enemies":"Chosen","floor":28,"turns":2},{"damage":0,"enemies":"Snake Plant","floor":30,"turns":3},{"damage":17,"enemies":"Book of Stabbing","floor":31,"turns":4},{"damage":2,"enemies":"Cultist and Chosen","floor":32,"turns":2},{"damage":25,"enemies":"IC_MUSHROOM_ARCHETYPE","floor":33,"turns":6}],"seed_played":"8251981015021831850","potions_obtained":[{"floor":3,"key":"LiquidMemories"},{"floor":6,"key":"ColorlessPotion"},{"floor":11,"key":"Block Potion"},{"floor":14,"key":"FearPotion"},{"floor":16,"key":"bronze:CleanCodePotion"},{"floor":20,"key":"LiquidBronze"},{"floor":27,"key":"PowerPotion"},{"floor":30,"key":"bronze:FreeFunctionsPotion"}],"is_trial":false,"path_per_floor":["R","M","M","?","?","?","T","E","$","R","M","R","E","?","M","B",null,"R","?","M","?","$","R","T","?","$","E","M","R","M","E","M","B"],"character_chosen":"THE_AUTOMATON","items_purchased":["Membership Card","Apotheosis","Anchor","LiquidMemories"],"campfire_rested":0,"item_purchase_floors":[26,26,26,26],"current_hp_per_floor":[70,68,67,72,72,72,72,44,44,44,42,42,40,40,40,38,75,75,55,55,39,34,34,44,44,44,44,44,44,44,27,25,0,0,0],"gold":143,"neow_bonus":"RANDOM_COMMON_RELIC","is_daily":false,"chose_seed":false,"campfire_upgraded":5,"win_rate":0.0,"timestamp":1614121874,"path_taken":["R","M","M","?","?","?","T","E","$","R","M","R","E","?","M","BOSS","R","?","M","?","$","R","T","?","$","E","?","R","M","E","M","BOSS"],"items_purchased_type":["Relic","Card","Relic","Potion"],"build_version":"2020-12-22","purchased_purges":3,"victory":false,"max_hp_per_floor":[70,70,70,75,75,75,75,75,75,75,75,75,75,75,75,75,75,75,75,75,75,75,75,85,85,85,85,85,85,85,85,85,85,85,85],"card_choices":[{"not_picked":["bronze:OilSpill","bronze:Repair"],"picked":"bronze:Constructor","floor":2},{"not_picked":["bronze:Return","bronze:MaxOutput"],"picked":"bronze:WhirlingStrike","floor":3},{"not_picked":["bronze:OilSpill","bronze:Turbo"],"picked":"bronze:Fortify","floor":8},{"not_picked":["bronze:Shield","bronze:BugBarrage"],"picked":"bronze:CleanCode","floor":9},{"not_picked":["bronze:FineTuning","bronze:CutThrough"],"picked":"bronze:FollowUp","floor":11},{"not_picked":["bronze:ShipIt","bronze:ForLoop"],"picked":"bronze:Backtrace","floor":13},{"not_picked":["bronze:DelayedGuard","bronze:Deprecate"],"picked":"bronze:ChosenStrike","floor":14},{"not_picked":["bronze:MaxOutput","bronze:Safeguard"],"picked":"bronze:Philosophize","floor":15},{"not_picked":["bronze:Frontload","bronze:InfiniteBeams"],"picked":"bronze:Overload","floor":20},{"not_picked":["bronze:Overload","bronze:CutThrough+1"],"picked":"bronze:ForceShield","floor":22},{"not_picked":["bronze:WildBeam","bronze:Invalidate","bronze:DarkDash+1"],"picked":"SKIP","floor":26},{"not_picked":["bronze:Fortify+1","bronze:MaxOutput+1"],"picked":"bronze:Separator","floor":27},{"not_picked":["bronze:Terminator","bronze:DarkDash","bronze:Shield"],"picked":"SKIP","floor":28},{"not_picked":["bronze:Break","bronze:WhirlingStrike","bronze:DarkDash+1"],"picked":"SKIP","floor":30},{"not_picked":["bronze:CutThrough","bronze:BronzeOrb+1","bronze:Break"],"picked":"SKIP","floor":31},{"not_picked":["bronze:DelayedGuard+1","bronze:OilSpill","bronze:BuggyMess"],"picked":"SKIP","floor":32}],"player_experience":1232839,"relics_obtained":[{"floor":7,"key":"Whetstone"},{"floor":8,"key":"Potion Belt"},{"floor":13,"key":"bronze:DecasWashers"},{"floor":14,"key":"Odd Mushroom"},{"floor":21,"key":"Enchiridion"},{"floor":24,"key":"Pear"},{"floor":27,"key":"bronze:ProtectiveGoggles"},{"floor":31,"key":"Orichalcum"}],"event_choices":[{"damage_healed":0,"gold_gain":0,"player_choice":"Donut","damage_taken":0,"max_hp_gain":5,"max_hp_loss":0,"event_name":"Big Fish","floor":4,"gold_loss":0},{"cards_removed":["bronze:Strike"],"damage_healed":0,"gold_gain":0,"player_choice":"Card Removal","damage_taken":0,"max_hp_gain":0,"max_hp_loss":0,"event_name":"The Cleric","floor":5,"gold_loss":0},{"damage_healed":0,"gold_gain":0,"player_choice":"Fought Mushrooms","damage_taken":0,"max_hp_gain":0,"max_hp_loss":0,"event_name":"Mushrooms","floor":14,"gold_loss":0}],"is_beta":false,"boss_relics":[{"not_picked":["Tiny House","Calling Bell"],"picked":"Astrolabe"}],"items_purged_floors":[9,22,26],"is_endless":false,"potions_floor_spawned":[3,11,14,16,20,27,30],"killed_by":"IC_MUSHROOM_ARCHETYPE","ascension_level":3}}