{"host":"bpdbi03e31cbjklx","time":1614117486,"event":{"mods":["BaseMod","Colored Map","Colored Powertips","Downfall","Highlight Path","Minty Spire (QoL Compilation)","Replay The Spire","StSLib","The Senshi"],"gold_per_floor":[119,44,234,251,25,25,50,50,75,90,109,109,125,136,136,240,240,250,3,3,3,17,17,42,53,53,69,83,83,102,135,135,231,231,245,262,282,299,43,43,70,70,94,94,19,35,48,78,78,78,78],"floor_reached":50,"language":"ENG","playtime":8028,"items_purged":["Regret","downfall:Malfunctioning"],"score":600,"play_id":"3bf0e201-f4fb-4012-a8b3-b91359a03c7f","local_time":"20210223155806","is_ascension_mode":true,"campfire_choices":[{"data":"Zap","floor":6.0,"key":"SMITH"},{"data":"White Noise","floor":8.0,"key":"SMITH"},{"data":"Dualcast","floor":12.0,"key":"SMITH"},{"floor":15.0,"key":"REST"},{"floor":23.0,"key":"RECALL"},{"floor":40,"key":"REST"},{"floor":49,"key":"REST"}],"circlet_count":0,"master_deck":["Strike_B","Strike_B","Strike_B","Strike_B","Defend_B","Defend_B","Defend_B","Defend_B","Zap+1","Dualcast+1","Hologram","BasicCrystalCard+1","Seek+1","Glacier","White Noise+1","Go for the Eyes","Aggregate","Rebound","Stack","Electrodynamics+1","CurseOfTheBell","Leap+1","Darkness+1","Darkness","White Noise+1","Crystallizer","ReplayRNGCard+1","Streamline+1","Fusion+1","Storm","Conserve Battery+1","Machine Learning","Coolheaded","Conserve Battery+1","Turbo","Compile Driver+1","Double Energy","Steam+1","Electrodynamics","Redo+1","Lockon+1","Panic Button+1","Coolheaded+1"],"relics":["Cracked Core","DataDisk","Blood Vial","Replay:Mystery Machine","Calling Bell","Pen Nib","Replay:Bottled Eggs","Replay:Multitool","Membership Card","Oddly Smooth Stone","Toy Ornithopter","Durian","War Paint","Cursed Key","Prayer Wheel","Emotion Chip","Strawberry","Onion Ring","MealTicket","FossilizedHelix"],"acts_visited":["Exordium","TheCity","TheBeyond"],"potions_floor_usage":[35,36,38,44,47,50,50],"damage_taken":[{"damage":2.0,"enemies":"Cultist","floor":1.0,"turns":3.0},{"damage":1.0,"enemies":"2 Louse","floor":4.0,"turns":2.0},{"damage":48.0,"enemies":"Gremlin Nob","floor":7.0,"turns":6.0},{"damage":0.0,"enemies":"Small Slimes","floor":10.0,"turns":2.0},{"damage":0.0,"enemies":"2 Fungi Beasts","floor":11.0,"turns":2.0},{"damage":0.0,"enemies":"Looter","floor":13.0,"turns":5.0},{"damage":0.0,"enemies":"3 Louse","floor":14.0,"turns":3.0},{"damage":3.0,"enemies":"The Guardian","floor":16.0,"turns":12.0},{"damage":4.0,"enemies":"Spheric Guardian","floor":18.0,"turns":5.0},{"damage":9.0,"enemies":"2 Thieves","floor":22.0,"turns":2.0},{"damage":12.0,"enemies":"Gremlin Leader","floor":24.0,"turns":7.0},{"damage":10.0,"enemies":"3 Cultists","floor":25.0,"turns":5.0},{"damage":2.0,"enemies":"Centurion and Healer","floor":27.0,"turns":5.0},{"damage":10.0,"enemies":"Chosen and Byrds","floor":28.0,"turns":2.0},{"damage":25.0,"enemies":"Shelled Parasite and Fungi","floor":30.0,"turns":8.0},{"damage":15.0,"enemies":"Replay:Snechameleon","floor":31.0,"turns":5.0},{"damage":32.0,"enemies":"Champ","floor":33.0,"turns":10.0},{"damage":10,"enemies":"3 Shapes","floor":35,"turns":3},{"damage":0,"enemies":"Orb Walker","floor":36,"turns":4},{"damage":38,"enemies":"4 Shapes","floor":37,"turns":5},{"damage":21,"enemies":"Sphere and 2 Shapes","floor":38,"turns":6},{"damage":5,"enemies":"Giant Head","floor":41,"turns":10},{"damage":0,"enemies":"3 Darklings","floor":44,"turns":1},{"damage":0,"enemies":"Spire Growth","floor":46,"turns":6},{"damage":26,"enemies":"4 Shapes","floor":47,"turns":5},{"damage":44,"enemies":"Reptomancer","floor":48,"turns":7},{"damage":71,"enemies":"Awakened One","floor":50,"turns":11}],"seed_played":"-3190341246149274765","potions_obtained":[{"floor":4.0,"key":"PowerPotion"},{"floor":10.0,"key":"champ:CounterPotion"},{"floor":11.0,"key":"sneckomod:MuddlingPotion"},{"floor":14.0,"key":"SteroidPotion"},{"floor":18.0,"key":"Dexterity Potion"},{"floor":25.0,"key":"Weak Potion"},{"floor":28.0,"key":"hexamod:SoulburnPotion"},{"floor":31.0,"key":"Venom Potion"},{"floor":32.0,"key":"LifebloodPotion"},{"floor":32.0,"key":"BlessingOfTheForge"},{"floor":33.0,"key":"champ:CounterPotion"},{"floor":35,"key":"Adrenaline Potion"},{"floor":37,"key":"Block Potion"},{"floor":41,"key":"SmokeBomb"}],"is_trial":false,"path_per_floor":["M","$","?","M","$","R","E","R","T","M","M","R","M","M","R","B",null,"M","$","?","?","M","R","E","M","T","M","M","R","M","E","R","B",null,"M","M","M","M","$","R","E","R","T","M","$","M","M","E","R","B"],"character_chosen":"DEFECT","items_purchased":["Blood Vial","Glacier","Membership Card","Oddly Smooth Stone","Darkness","Emotion Chip","Strawberry","Elixir","SpeedPotion","Strength Potion"],"campfire_rested":3,"item_purchase_floors":[5,5,19,19,19,39,39,39,39,45],"current_hp_per_floor":[73,73,55,54,54,54,8,8,8,10,12,12,14,16,38,37,75,71,71,71,71,64,64,54,51,56,61,53,77,54,46,46,31,80,70,77,41,27,34,60,57,83,83,87,87,87,66,24,50,0,0],"gold":78,"neow_bonus":"RANDOM_EVENT","is_daily":false,"chose_seed":false,"campfire_upgraded":3,"win_rate":0.0,"timestamp":1614117486,"path_taken":["M","$","?","M","?","R","E","R","T","?","M","R","M","M","R","BOSS","M","$","?","?","M","R","E","M","T","M","M","R","M","E","R","BOSS","M","M","M","?","$","R","E","R","T","M","$","?","M","E","R","BOSS"],"items_purchased_type":["Relic","Card","Relic","Relic","Card","Relic","Relic","Potion","Potion","Potion"],"build_version":"2020-12-22","purchased_purges":2,"victory":false,"max_hp_per_floor":[75,75,75,75,75,75,75,75,75,75,75,75,75,75,75,75,75,75,75,75,75,75,75,75,75,80,80,80,80,80,80,80,80,80,80,80,80,80,87,87,87,87,87,87,87,87,87,87,87,87,87],"card_choices":[{"not_picked":["Barrage","Steam"],"picked":"Hologram","floor":1.0},{"not_picked":["Heatsinks","Ball Lightning"],"picked":"BasicCrystalCard","floor":3.0},{"not_picked":["Coolheaded","Fusion"],"picked":"Seek","floor":4.0},{"not_picked":["Turbo","Coolheaded"],"picked":"White Noise","floor":7.0},{"not_picked":["Sweeping Beam","Barrage"],"picked":"Go for the Eyes","floor":10.0},{"not_picked":["Streamline","Hologram"],"picked":"Aggregate","floor":11.0},{"not_picked":["Sweeping Beam","Redo"],"picked":"Rebound","floor":13.0},{"not_picked":["FIFO Queue","Panic Button"],"picked":"Stack","floor":14.0},{"not_picked":["Rainbow","Fission"],"picked":"Electrodynamics","floor":16.0},{"not_picked":["Ball Lightning+1","Hologram"],"picked":"Leap+1","floor":18.0},{"not_picked":["Reinforced Body","Go for the Eyes+1"],"picked":"Crystallizer","floor":22.0},{"not_picked":["Rebound+1","Beam Cell"],"picked":"ReplayRNGCard","floor":24.0},{"not_picked":["Sweeping Beam","Compile Driver"],"picked":"Streamline+1","floor":25.0},{"not_picked":["Ball Lightning","Melter"],"picked":"Fusion+1","floor":27.0},{"not_picked":["ReplayTheSpireMod:Calculation Training+1","Leap"],"picked":"Storm","floor":28.0},{"not_picked":["FIFO Queue+1","Sweeping Beam"],"picked":"Conserve Battery+1","floor":30.0},{"not_picked":["Sunder","ReplayGash"],"picked":"Machine Learning","floor":31.0},{"not_picked":["ReplayTheSpireMod:Omega Cannon","Thunder Strike"],"picked":"ReplayTheSpireMod:Fabricate Wheel","floor":33.0},{"not_picked":["Barrage+1","Gash"],"picked":"Coolheaded","floor":35},{"not_picked":["Barrage","Compile Driver+1","Beam Cell"],"picked":"SKIP","floor":35},{"not_picked":["Ball Lightning+1","Cold Snap"],"picked":"Conserve Battery+1","floor":36},{"not_picked":["Steam","Stack"],"picked":"Turbo","floor":36},{"not_picked":["Rip and Tear","Streamline"],"picked":"Compile Driver+1","floor":37},{"not_picked":["Leap+1","Gash+1"],"picked":"Double Energy","floor":37},{"not_picked":["Blizzard+1","Go for the Eyes"],"picked":"Steam+1","floor":38},{"not_picked":["Beam Cell","Redo+1"],"picked":"Electrodynamics","floor":38},{"not_picked":["Genetic Algorithm+1","Steam+1"],"picked":"Redo+1","floor":41},{"not_picked":["Compile Driver+1","Gash+1"],"picked":"Lockon+1","floor":46},{"not_picked":["Compile Driver+1","Crystallizer","Conserve Battery+1"],"picked":"SKIP","floor":46},{"not_picked":["Turbo","Beam Cell+1"],"picked":"Panic Button+1","floor":47},{"not_picked":["Fission","Conserve Battery+1"],"picked":"Coolheaded+1","floor":47},{"not_picked":["Sweeping Beam+1","Beam Cell","Ball Lightning"],"picked":"SKIP","floor":48}],"player_experience":449716,"relics_obtained":[{"floor":7.0,"key":"Replay:Mystery Machine"},{"floor":17.0,"key":"Pen Nib"},{"floor":17.0,"key":"Replay:Bottled Eggs"},{"floor":17.0,"key":"Replay:Multitool"},{"floor":24.0,"key":"Toy Ornithopter"},{"floor":26.0,"key":"Durian"},{"floor":31.0,"key":"War Paint"},{"floor":41,"key":"Onion Ring"},{"floor":43,"key":"MealTicket"},{"floor":48,"key":"FossilizedHelix"}],"event_choices":[{"damage_healed":0.0,"max_hp_gain":0.0,"max_hp_loss":0.0,"gold_gain":0.0,"event_name":"Big Fish","player_choice":"Box","floor":0.0,"gold_loss":0.0,"damage_taken":0.0,"relics_obtained":["DataDisk"],"cards_obtained":["Regret"]},{"damage_healed":0.0,"max_hp_gain":0.0,"max_hp_loss":0.0,"gold_gain":0.0,"event_name":"Duplicator","player_choice":"Copied","floor":21.0,"gold_loss":0.0,"damage_taken":0.0,"cards_obtained":["White Noise"]}],"is_beta":false,"boss_relics":[{"not_picked":["Honey Jar","Empty Cage"],"picked":"Calling Bell"},{"not_picked":["Tiny House","Kintsugi"],"picked":"Cursed Key"}],"items_purged_floors":[2,45],"is_endless":false,"potions_floor_spawned":[4,10,11,14,18,25,28,31,33,35,37,41],"killed_by":"Awakened One","ascension_level":1}}