{"host":"iv934i4dusq1uqxh","time":1614089888,"event":{"mods":["Act Like it!","BaseMod","Downfall","Minty Spire (QoL Compilation)","Quick Restart","StSLib"],"gold_per_floor":[99,118,118,118,135,149,149,149,163,176,176,14,25,42,56,56,56,56],"floor_reached":16,"language":"ZHS","playtime":749,"items_purged":["hexamod:Strike"],"score":96,"play_id":"5b609e27-0b14-44d7-83eb-aaa5a0003a32","local_time":"20210223221808","is_ascension_mode":false,"campfire_choices":[{"data":"hexamod:Sear","floor":1.0,"key":"SMITH"},{"data":"hexamod:BurningTouch","floor":8.0,"key":"SMITH"}],"circlet_count":0,"master_deck":["hexamod:Strike","hexamod:Strike","hexamod:Strike","hexamod:Defend","hexamod:Defend","hexamod:Defend","hexamod:Sear+1","hexamod:Float","hexamod:ThermalTransfer","hexamod:BurningTouch+1","hexamod:GhostLash","hexamod:GhostShield","hexamod:ExtraCrispy","hexamod:ThirdSeal","hexamod:FastForward","hexamod:InspiringFlames"],"relics":["hexamod:SpiritBrand","Kunai","Incense Burner","downfall:BrokenWingStatue"],"acts_visited":["Exordium"],"potions_floor_usage":[16,16,16],"damage_taken":[{"damage":4.0,"enemies":"Small Slimes","floor":2.0,"turns":4.0},{"damage":1.0,"enemies":"Jaw Worm","floor":5.0,"turns":3.0},{"damage":0.0,"enemies":"Cultist","floor":6.0,"turns":3.0},{"damage":0.0,"enemies":"downfall:LooterAlt","floor":9.0,"turns":3.0},{"damage":22.0,"enemies":"Exordium Thugs","floor":10.0,"turns":4.0},{"damage":0,"enemies":"downfall:FleeingMerchant","floor":12,"turns":4},{"damage":10,"enemies":"Exordium Wildlife","floor":13,"turns":4},{"damage":7,"enemies":"Blue Slaver","floor":14,"turns":3},{"damage":0,"enemies":"3 Louse","floor":15,"turns":3},{"damage":16,"enemies":"IC_STATUS_ARCHETYPE","floor":16,"turns":4}],"seed_played":"6100440989719668630","potions_obtained":[{"floor":9.0,"key":"CultistPotion"},{"floor":13,"key":"Dexterity Potion"},{"floor":14,"key":"CultistPotion"}],"is_trial":false,"path_per_floor":["R","M","?","?","M","M","T","R","M","M","?","$","M","M","M","B"],"character_chosen":"THE_SPIRIT","items_purchased":["hexamod:ExtraCrispy"],"campfire_rested":0,"item_purchase_floors":[12],"current_hp_per_floor":[77,73,55,55,54,54,54,54,54,32,32,32,22,15,15,0,0,0],"gold":56,"neow_bonus":"TEN_PERCENT_HP_BONUS","is_daily":false,"chose_seed":false,"campfire_upgraded":2,"win_rate":0.0,"timestamp":1614089888,"path_taken":["R","M","?","?","M","M","T","R","M","?","?","?","M","M","M","BOSS"],"items_purchased_type":["Card"],"build_version":"2020-12-22","purchased_purges":1,"victory":false,"max_hp_per_floor":[77,77,77,77,77,77,77,77,77,77,77,77,77,77,77,77,77,77],"card_choices":[{"not_picked":["hexamod:SwordOfDarkness","hexamod:NightmareGuise"],"picked":"hexamod:ThermalTransfer","floor":2.0},{"not_picked":["hexamod:GhostLash","hexamod:GhostOfSpirePast"],"picked":"hexamod:BurningTouch","floor":5.0},{"not_picked":["hexamod:SpectersWail","hexamod:HeatMetal","hexamod:GhostLash"],"picked":"SKIP","floor":6.0},{"not_picked":["hexamod:Hexaguard","hexamod:FastForward"],"picked":"hexamod:GhostLash","floor":9.0},{"not_picked":["hexamod:TimeOfNeed","hexamod:HauntingEcho"],"picked":"hexamod:GhostShield","floor":10},{"not_picked":["hexamod:NightmareStrike","hexamod:SpectralAdrenaline","hexamod:HauntingEcho"],"picked":"SKIP","floor":12},{"not_picked":["hexamod:ParanormalForm","hexamod:GhostLash"],"picked":"hexamod:ThirdSeal","floor":13},{"not_picked":["hexamod:Hexaguard","hexamod:BurningTouch"],"picked":"hexamod:FastForward","floor":14},{"not_picked":["hexamod:HeatShield","hexamod:RetreatToShadows"],"picked":"hexamod:InspiringFlames","floor":15}],"player_experience":814064,"relics_obtained":[{"floor":7.0,"key":"Incense Burner"}],"event_choices":[{"damage_healed":0.0,"max_hp_gain":0.0,"max_hp_loss":0.0,"gold_gain":0.0,"event_name":"Scrap Ooze","player_choice":"Success","floor":3.0,"gold_loss":0.0,"damage_taken":18.0,"relics_obtained":["Kunai"]},{"cards_removed":["hexamod:Defend"],"damage_healed":0.0,"max_hp_gain":0.0,"max_hp_loss":0.0,"gold_gain":0.0,"event_name":"Bonfire Elementals","player_choice":"Offered Basic","floor":4.0,"gold_loss":0.0,"damage_taken":0.0}],"is_beta":false,"boss_relics":[],"items_purged_floors":[12],"is_endless":false,"potions_floor_spawned":[9,13,14],"killed_by":"IC_STATUS_ARCHETYPE","ascension_level":0}}