{"host":"28p8ce41sjwa6lzf","time":1614101310,"event":{"mods":["BaseMod","Bestiary","Colored Map","Colored Powertips","Dark Map","Highlight Path","Minty Spire (QoL Compilation)","Permanent Neow","Quick Restart","Random Character Button","Rare Cards Sparkle","Relic Stats","StSLib","Unceasing Turn Reminder"],"gold_per_floor":[111,122,138,154,172,172,203,7,7,26,26,26,39,58,58,131,131,145,158,158,176,91,91,123,123,204,218,230,230,255,289,289,289,289],"floor_reached":33,"language":"ENG","playtime":3538,"items_purged":["Strike_G"],"score":607,"play_id":"eaa20043-fc56-4b7b-948d-05a2259cb7b7","local_time":"20210223112830","is_ascension_mode":true,"campfire_choices":[{"data":"Wraith Form v2","floor":6.0,"key":"SMITH"},{"floor":15.0,"key":"REST"},{"data":"Crippling Poison","floor":23.0,"key":"SMITH"},{"data":"Tactician","floor":29.0,"key":"SMITH"},{"floor":32,"key":"REST"}],"circlet_count":0,"master_deck":["AscendersBane","Defend_G","Defend_G+1","Defend_G+1","Defend_G","Survivor","Neutralize","Tools of the Trade","Backstab","Acrobatics","Dagger Throw","Underhanded Strike","Wraith Form v2+1","Poisoned Stab","PanicButton","Cloak And Dagger","Deadly Poison","Concentrate","Crippling Poison","Unload","Slice","Crippling Poison+1","Bite","Bite","Bite","Bite","Bite","Backstab+1","Deflect","Tactician+1","Terror","Outmaneuver+1"],"relics":["Ring of the Snake","War Paint","Runic Pyramid","Pantograph","Ice Cream","Matryoshka","Red Mask"],"acts_visited":["Exordium","TheCity"],"potions_floor_usage":[31,33],"damage_taken":[{"damage":4.0,"enemies":"Cultist","floor":1.0,"turns":5.0},{"damage":0.0,"enemies":"Jaw Worm","floor":2.0,"turns":5.0},{"damage":3.0,"enemies":"2 Louse","floor":3.0,"turns":2.0},{"damage":0.0,"enemies":"Blue Slaver","floor":4.0,"turns":6.0},{"damage":4.0,"enemies":"3 Louse","floor":5.0,"turns":4.0},{"damage":29.0,"enemies":"Gremlin Nob","floor":7.0,"turns":5.0},{"damage":0.0,"enemies":"Exordium Wildlife","floor":10.0,"turns":3.0},{"damage":1.0,"enemies":"Looter","floor":13.0,"turns":4.0},{"damage":2.0,"enemies":"3 Louse","floor":14.0,"turns":4.0},{"damage":18.0,"enemies":"Slime Boss","floor":16.0,"turns":9.0},{"damage":12.0,"enemies":"3 Byrds","floor":18.0,"turns":6.0},{"damage":1.0,"enemies":"Chosen","floor":19.0,"turns":5.0},{"damage":18.0,"enemies":"Shelled Parasite and Fungi","floor":21.0,"turns":5.0},{"damage":33.0,"enemies":"Gremlin Leader","floor":24.0,"turns":10.0},{"damage":7.0,"enemies":"Snecko","floor":27.0,"turns":5.0},{"damage":3.0,"enemies":"Chosen and Byrds","floor":28.0,"turns":4.0},{"damage":29.0,"enemies":"Slavers","floor":30.0,"turns":8.0},{"damage":5,"enemies":"Masked Bandits","floor":31,"turns":3},{"damage":67,"enemies":"Champ","floor":33,"turns":11}],"seed_played":"9117494650201427587","potions_obtained":[{"floor":4.0,"key":"SpeedPotion"},{"floor":10.0,"key":"GhostInAJar"},{"floor":13.0,"key":"Strength Potion"},{"floor":16.0,"key":"Swift Potion"},{"floor":21.0,"key":"Explosive Potion"},{"floor":27.0,"key":"SteroidPotion"},{"floor":30.0,"key":"SkillPotion"},{"floor":31,"key":"Poison Potion"}],"is_trial":false,"path_per_floor":["M","M","M","M","M","R","E","$","T","M","?","?","M","M","R","B",null,"M","M","?","M","?","R","E","?","T","M","M","R","E","?","R","B"],"character_chosen":"THE_SILENT","items_purchased":["PanicButton","Cloak And Dagger"],"campfire_rested":2,"item_purchase_floors":[8,8],"current_hp_per_floor":[55,55,52,52,48,48,19,19,19,19,19,24,23,21,42,24,59,47,46,46,36,36,36,31,31,31,32,37,37,22,21,35,0,0],"gold":289,"neow_bonus":"ONE_RANDOM_RARE_CARD","is_daily":false,"chose_seed":false,"campfire_upgraded":3,"win_rate":0.0,"timestamp":1614101310,"path_taken":["M","M","M","?","M","R","E","$","T","M","?","?","M","?","R","BOSS","M","M","?","M","?","R","E","?","T","M","?","R","E","?","R","BOSS"],"items_purchased_type":["Card","Card"],"build_version":"2020-12-22","purchased_purges":1,"victory":false,"max_hp_per_floor":[66,66,66,66,66,66,66,66,66,66,66,71,71,71,71,71,71,71,71,49,49,49,49,49,49,49,49,49,49,49,49,49,49,49],"relic_stats":{"counters":[19,104],"Pantograph":14,"War Paint":["Defend_G","Defend_G"],"obtain_stats":[{"Ice Cream":24,"Matryoshka":30,"Pantograph":22,"Red Mask":31,"War Paint":7,"Ring of the Snake":0,"Runic Pyramid":17},{"Ice Cream":14,"Matryoshka":17,"Pantograph":13,"Red Mask":18,"War Paint":6,"Ring of the Snake":0,"Runic Pyramid":10},{"Ice Cream":73,"Matryoshka":90,"Pantograph":63,"Red Mask":93,"War Paint":27,"Ring of the Snake":0,"Runic Pyramid":47}],"Ring of the Snake":[38]},"card_choices":[{"not_picked":["Outmaneuver","Bane"],"picked":"Backstab","floor":1.0},{"not_picked":["Bane","Quick Slash"],"picked":"Acrobatics","floor":2.0},{"not_picked":["Skewer","Quick Slash"],"picked":"Dagger Throw","floor":3.0},{"not_picked":["Prepared","Cloak And Dagger"],"picked":"Underhanded Strike","floor":4.0},{"not_picked":["Underhanded Strike","Escape Plan"],"picked":"Wraith Form v2","floor":5.0},{"not_picked":["Sucker Punch","Heel Hook"],"picked":"Poisoned Stab","floor":7.0},{"not_picked":["Sucker Punch","Distraction"],"picked":"Deadly Poison","floor":10.0},{"not_picked":["Endless Agony","Dagger Spray"],"picked":"Concentrate","floor":13.0},{"not_picked":["Envenom","Choke"],"picked":"Crippling Poison","floor":14.0},{"not_picked":["Doppelganger","Grand Finale"],"picked":"Unload","floor":16.0},{"not_picked":["Outmaneuver","Well Laid Plans"],"picked":"Slice","floor":18.0},{"not_picked":["Dash","Escape Plan"],"picked":"Crippling Poison","floor":19.0},{"not_picked":["Choke+1","Eviscerate"],"picked":"Backstab+1","floor":21.0},{"not_picked":["Cloak And Dagger","Envenom"],"picked":"Deflect","floor":24.0},{"not_picked":["Quick Slash","PiercingWail"],"picked":"Tactician","floor":27.0},{"not_picked":["Cloak And Dagger","Skewer"],"picked":"Terror","floor":28.0},{"not_picked":["Dagger Throw","PiercingWail+1"],"picked":"Outmaneuver+1","floor":30.0}],"player_experience":1380758,"relics_obtained":[{"floor":7.0,"key":"War Paint"},{"floor":24.0,"key":"Ice Cream"},{"floor":30.0,"key":"Matryoshka"},{"floor":31,"key":"Red Mask"}],"event_choices":[{"damage_healed":0.0,"max_hp_gain":0.0,"max_hp_loss":0.0,"gold_gain":0.0,"event_name":"Liars Game","player_choice":"Ignored","floor":11.0,"gold_loss":0.0,"damage_taken":0.0},{"damage_healed":0.0,"max_hp_gain":5.0,"max_hp_loss":0.0,"gold_gain":0.0,"event_name":"Big Fish","player_choice":"Donut","floor":12.0,"gold_loss":0.0,"damage_taken":0.0},{"damage_healed":0.0,"max_hp_gain":0.0,"max_hp_loss":22.0,"gold_gain":0.0,"event_name":"Vampires","player_choice":"Became a vampire","floor":20.0,"gold_loss":0.0,"damage_taken":0.0,"cards_obtained":["Bite","Bite","Bite","Bite","Bite"]},{"damage_healed":0.0,"max_hp_gain":0.0,"max_hp_loss":0.0,"gold_gain":0.0,"event_name":"Addict","player_choice":"Obtained Relic","floor":22.0,"gold_loss":85.0,"damage_taken":0.0,"relics_obtained":["Pantograph"]},{"cards_removed":["Defend_G"],"damage_healed":0.0,"max_hp_gain":0.0,"max_hp_loss":0.0,"gold_gain":0.0,"event_name":"Back to Basics","player_choice":"Elegance","floor":25.0,"gold_loss":0.0,"damage_taken":0.0},{"damage_healed":0,"gold_gain":0,"player_choice":"Fought Bandits","damage_taken":0,"max_hp_gain":0,"max_hp_loss":0,"event_name":"Masked Bandits","floor":31,"gold_loss":0}],"is_beta":false,"boss_relics":[{"not_picked":["Coffee Dripper","Tiny House"],"picked":"Runic Pyramid"}],"items_purged_floors":[8],"is_endless":false,"potions_floor_spawned":[4,10,13,16,21,27,30,31],"killed_by":"Champ","ascension_level":20}}