{"host":"4i5my69dv6e41930","time":1614063129,"event":{"mods":["AchievementEnabler","BaseMod","Minty Spire (QoL Compilation)","Relic Stats"],"gold_per_floor":[118,118,138,157,174,174,205,205,205,221,221,259,283,303,303,398,398,412,412,412,141,156,156,169,182,182,198,222,222,222,265,265,358,358,374,374,399,399,399,435,100,115,115,15,50,64,108,128,128,128,128,128,75,116,116,116],"floor_reached":55,"language":"ENG","playtime":6609,"items_purged":["Clothesline","Fiend Fire"],"score":1334,"play_id":"f96049c9-b8f2-48c2-9b29-209fe3d2d858","local_time":"20210223015209","is_ascension_mode":true,"campfire_choices":[{"data":"Bash","floor":6.0,"key":"SMITH"},{"data":"Cleave","floor":11.0,"key":"SMITH"},{"floor":15.0,"key":"REST"},{"floor":23.0,"key":"REST"},{"data":"Demon Form","floor":29.0,"key":"SMITH"},{"floor":32.0,"key":"REST"},{"floor":49.0,"key":"RECALL"},{"floor":52.0,"key":"DIG"}],"circlet_count":0,"master_deck":["AscendersBane","Bash+1","Clothesline+1","Flame Barrier","Shrug It Off","Carnage","Cleave+1","Battle Trance","Impervious","Battle Trance","Twin Strike","Reaper","Uppercut","Blood for Blood","Rampage+1","Intimidate","Bloodletting","Offering","Rupture+1","Armaments+1","Demon Form+1","J.A.X.","Shrug It Off","Dark Shackles","Sword Boomerang","Disarm"],"relics":["Burning Blood","Regal Pillow","Golden Idol","Letter Opener","Pandora\u0027s Box","Nilry\u0027s Codex","Ginger","Shovel","Velvet Choker","Eternal Feather","Whetstone","Pantograph","Pocketwatch","Pen Nib","Gremlin Horn","Charon\u0027s Ashes"],"acts_visited":["Exordium","TheCity","TheBeyond","TheEnding"],"potions_floor_usage":[55],"damage_taken":[{"damage":4.0,"enemies":"Small Slimes","floor":1.0,"turns":4.0},{"damage":0.0,"enemies":"2 Louse","floor":3.0,"turns":3.0},{"damage":10.0,"enemies":"Jaw Worm","floor":4.0,"turns":4.0},{"damage":1.0,"enemies":"2 Fungi Beasts","floor":5.0,"turns":3.0},{"damage":44.0,"enemies":"Gremlin Nob","floor":7.0,"turns":5.0},{"damage":1.0,"enemies":"Exordium Wildlife","floor":10.0,"turns":3.0},{"damage":34.0,"enemies":"Lagavulin","floor":12.0,"turns":6.0},{"damage":20.0,"enemies":"Gremlin Gang","floor":13.0,"turns":5.0},{"damage":5.0,"enemies":"3 Louse","floor":14.0,"turns":2.0},{"damage":33.0,"enemies":"Slime Boss","floor":16.0,"turns":6.0},{"damage":14.0,"enemies":"Shell Parasite","floor":18.0,"turns":6.0},{"damage":13.0,"enemies":"2 Thieves","floor":22.0,"turns":3.0},{"damage":17.0,"enemies":"Chosen and Byrds","floor":24.0,"turns":4.0},{"damage":27.0,"enemies":"Snake Plant","floor":25.0,"turns":4.0},{"damage":12.0,"enemies":"Snecko","floor":27.0,"turns":5.0},{"damage":11.0,"enemies":"3 Cultists","floor":28.0,"turns":4.0},{"damage":35.0,"enemies":"Gremlin Leader","floor":31.0,"turns":6.0},{"damage":79.0,"enemies":"Collector","floor":33.0,"turns":9.0},{"damage":3.0,"enemies":"Orb Walker","floor":35.0,"turns":2.0},{"damage":39.0,"enemies":"3 Shapes","floor":37.0,"turns":8.0},{"damage":31.0,"enemies":"Nemesis","floor":40.0,"turns":9.0},{"damage":15.0,"enemies":"Jaw Worm Horde","floor":42.0,"turns":5.0},{"damage":22.0,"enemies":"Reptomancer","floor":45.0,"turns":6.0},{"damage":27.0,"enemies":"4 Shapes","floor":46.0,"turns":8.0},{"damage":24.0,"enemies":"Nemesis","floor":47.0,"turns":7.0},{"damage":12.0,"enemies":"Sphere and 2 Shapes","floor":48.0,"turns":5.0},{"damage":67.0,"enemies":"Awakened One","floor":50.0,"turns":9.0},{"damage":99.0,"enemies":"Shield and Spear","floor":54.0,"turns":7.0},{"damage":48,"enemies":"The Heart","floor":55,"turns":3}],"seed_played":"-2342062903492961","potions_obtained":[{"floor":4.0,"key":"Explosive Potion"},{"floor":5.0,"key":"PowerPotion"},{"floor":7.0,"key":"ElixirPotion"},{"floor":13.0,"key":"DistilledChaos"},{"floor":16.0,"key":"FairyPotion"},{"floor":27.0,"key":"CultistPotion"},{"floor":28.0,"key":"Weak Potion"},{"floor":35.0,"key":"ElixirPotion"},{"floor":40.0,"key":"Strength Potion"},{"floor":42.0,"key":"Block Potion"},{"floor":46.0,"key":"DuplicationPotion"},{"floor":54.0,"key":"Strength Potion"}],"is_trial":false,"path_per_floor":["M","?","M","M","M","R","E","?","T","M","R","E","M","M","R","B",null,"M","?","?","$","M","R","M","M","T","M","M","R","?","E","R","B",null,"M","?","M","?","T","E","$","M","T","$","E","M","E","M","R","B",null,"R","$","E","B"],"character_chosen":"IRONCLAD","items_purchased":["Offering","Rupture","BloodPotion","Pantograph","Block Potion"],"campfire_rested":3,"item_purchase_floors":[21,21,41,41,53],"current_hp_per_floor":[77,82,87,83,87,87,49,49,49,54,54,26,12,13,51,24,65,57,36,36,36,29,67,56,35,35,36,31,31,31,14,52,79,79,79,79,73,63,63,39,39,61,61,61,45,66,48,77,79,51,72,79,79,10,0,0],"gold":116,"neow_bonus":"TEN_PERCENT_HP_BONUS","is_daily":false,"chose_seed":false,"campfire_upgraded":3,"win_rate":0.0,"timestamp":1614063129,"path_taken":["M","?","M","M","M","R","E","?","T","M","R","E","M","M","R","BOSS","M","?","?","$","M","R","?","M","T","M","M","R","?","E","R","BOSS","M","?","?","?","?","E","$","M","T","$","E","M","E","?","R","BOSS","R","$","E","BOSS"],"items_purchased_type":["Card","Card","Potion","Relic","Potion"],"build_version":"2020-12-22","purchased_purges":2,"victory":false,"max_hp_per_floor":[82,87,87,87,87,87,87,79,79,79,79,79,79,79,79,79,79,79,79,79,79,79,79,79,79,79,79,79,79,79,79,79,79,79,79,79,79,79,79,79,79,79,79,79,79,79,79,79,79,79,79,79,79,79,79,79],"relic_stats":{"Regal Pillow":45,"Gremlin Horn":[1,1],"counters":[29,151],"Golden Idol":155,"Eternal Feather":9,"Pen Nib":[3],"Charon\u0027s Ashes":[18],"Letter Opener":[258],"Ginger":[7],"Whetstone":["Clothesline","Rampage"],"Burning Blood":157,"Shovel":1,"Pantograph":25,"Pandora\u0027s Box":["Battle Trance","Twin Strike","Reaper","Uppercut","Blood for Blood","Clothesline","Rampage","Intimidate","Bloodletting"],"obtain_stats":[{"Regal Pillow":7,"Gremlin Horn":52,"Golden Idol":8,"Nilry\u0027s Codex":19,"Velvet Choker":34,"Eternal Feather":39,"Pen Nib":47,"Charon\u0027s Ashes":54,"Letter Opener":12,"Ginger":26,"Whetstone":40,"Burning Blood":0,"Shovel":31,"Pantograph":41,"Pandora\u0027s Box":17,"Pocketwatch":43},{"Regal Pillow":5,"Gremlin Horn":27,"Golden Idol":5,"Nilry\u0027s Codex":11,"Velvet Choker":18,"Eternal Feather":20,"Pen Nib":25,"Charon\u0027s Ashes":28,"Letter Opener":7,"Ginger":14,"Whetstone":21,"Burning Blood":0,"Shovel":17,"Pantograph":21,"Pandora\u0027s Box":10,"Pocketwatch":22},{"Regal Pillow":19,"Gremlin Horn":141,"Golden Idol":19,"Nilry\u0027s Codex":47,"Velvet Choker":82,"Eternal Feather":92,"Pen Nib":127,"Charon\u0027s Ashes":148,"Letter Opener":28,"Ginger":58,"Whetstone":101,"Burning Blood":0,"Shovel":73,"Pantograph":101,"Pandora\u0027s Box":41,"Pocketwatch":106}],"Pocketwatch":[42]},"card_choices":[{"not_picked":["Carnage","Thunderclap"],"picked":"Clothesline","floor":1.0},{"not_picked":["Havoc","Iron Wave"],"picked":"Flame Barrier","floor":3.0},{"not_picked":["Body Slam","Dropkick"],"picked":"Shrug It Off","floor":4.0},{"not_picked":["Heavy Blade","Warcry"],"picked":"Carnage","floor":5.0},{"not_picked":["True Grit","Body Slam"],"picked":"Cleave","floor":7.0},{"not_picked":["Headbutt","Heavy Blade","Clash"],"picked":"SKIP","floor":10.0},{"not_picked":["Exhume","Cleave"],"picked":"Fiend Fire","floor":12.0},{"not_picked":["Twin Strike","Armaments","Rage"],"picked":"SKIP","floor":13.0},{"not_picked":["Flex","Shrug It Off"],"picked":"Battle Trance","floor":14.0},{"not_picked":["Barricade","Juggernaut"],"picked":"Impervious","floor":16.0},{"not_picked":["Seeing Red","Dropkick","Rage"],"picked":"SKIP","floor":18.0},{"not_picked":["Twin Strike","Iron Wave"],"picked":"Armaments+1","floor":22.0},{"not_picked":["Heavy Blade","Whirlwind+1"],"picked":"Demon Form","floor":24.0},{"not_picked":["Dual Wield","Uppercut","Anger"],"picked":"SKIP","floor":25.0},{"not_picked":["Thunderclap","Warcry","Twin Strike"],"picked":"SKIP","floor":27.0},{"not_picked":["Iron Wave","Body Slam","Cleave"],"picked":"SKIP","floor":28.0},{"not_picked":["Blood for Blood","Evolve"],"picked":"Shrug It Off","floor":31.0},{"not_picked":["Rage","Infernal Blade","Dark Embrace"],"picked":"SKIP","floor":35.0},{"not_picked":["Body Slam","Rage","Spot Weakness"],"picked":"SKIP","floor":37.0},{"not_picked":["Jack Of All Trades","Impatience"],"picked":"Dark Shackles","floor":38.0},{"not_picked":["Pummel","Cleave+1"],"picked":"Sword Boomerang","floor":40.0},{"not_picked":["Bloodletting","Dropkick","Thunderclap"],"picked":"SKIP","floor":42.0},{"not_picked":["Body Slam","True Grit","Hemokinesis"],"picked":"SKIP","floor":45.0},{"not_picked":["Evolve","Power Through","Dark Embrace"],"picked":"SKIP","floor":46.0},{"not_picked":["Flex+1","Rampage+1"],"picked":"Disarm","floor":47.0},{"not_picked":["Rampage+1","Whirlwind","Cleave"],"picked":"SKIP","floor":48.0},{"not_picked":["Rampage+1","Whirlwind","Cleave"],"picked":"SKIP","floor":48.0},{"not_picked":["Thunderclap","Wild Strike+1","Iron Wave"],"picked":"SKIP","floor":54.0}],"player_experience":119370,"relics_obtained":[{"floor":7.0,"key":"Regal Pillow"},{"floor":12.0,"key":"Letter Opener"},{"floor":19.0,"key":"Nilry\u0027s Codex"},{"floor":26.0,"key":"Ginger"},{"floor":31.0,"key":"Shovel"},{"floor":39.0,"key":"Eternal Feather"},{"floor":40.0,"key":"Whetstone"},{"floor":43.0,"key":"Pocketwatch"},{"floor":47.0,"key":"Pen Nib"},{"floor":52.0,"key":"Gremlin Horn"},{"floor":54.0,"key":"Charon\u0027s Ashes"}],"event_choices":[{"damage_healed":0.0,"max_hp_gain":5.0,"max_hp_loss":0.0,"gold_gain":0.0,"event_name":"Big Fish","player_choice":"Donut","floor":2.0,"gold_loss":0.0,"damage_taken":0.0},{"damage_healed":0.0,"max_hp_gain":0.0,"max_hp_loss":8.0,"gold_gain":0.0,"event_name":"Golden Idol","player_choice":"Lose Max HP","floor":8.0,"gold_loss":0.0,"damage_taken":0.0,"relics_obtained":["Golden Idol"]},{"damage_healed":0.0,"max_hp_gain":0.0,"max_hp_loss":0.0,"gold_gain":0.0,"event_name":"Cursed Tome","player_choice":"Obtained Book","floor":19.0,"gold_loss":0.0,"damage_taken":21.0},{"damage_healed":0.0,"max_hp_gain":0.0,"max_hp_loss":0.0,"gold_gain":0.0,"event_name":"Beggar","player_choice":"Ignored","floor":20.0,"gold_loss":0.0,"damage_taken":0.0},{"damage_healed":0.0,"max_hp_gain":0.0,"max_hp_loss":0.0,"gold_gain":0.0,"event_name":"Drug Dealer","player_choice":"Obtain J.A.X.","floor":30.0,"gold_loss":0.0,"damage_taken":0.0,"cards_obtained":["J.A.X."]},{"damage_healed":0.0,"max_hp_gain":0.0,"max_hp_loss":0.0,"gold_gain":0.0,"event_name":"Upgrade Shrine","player_choice":"Upgraded","floor":36.0,"gold_loss":0.0,"damage_taken":0.0,"cards_upgraded":["Rupture"]},{"damage_healed":0.0,"max_hp_gain":0.0,"max_hp_loss":0.0,"gold_gain":0.0,"event_name":"SensoryStone","player_choice":"Memory 3","floor":38.0,"gold_loss":0.0,"damage_taken":10.0}],"is_beta":false,"boss_relics":[{"not_picked":["Mark of Pain","Black Blood"],"picked":"Pandora\u0027s Box"},{"not_picked":["Empty Cage","Busted Crown"],"picked":"Velvet Choker"}],"items_purged_floors":[21,44],"is_endless":false,"potions_floor_spawned":[4,5,7,13,16,27,28,35,40,42,46,54],"killed_by":"The Heart","ascension_level":16}}