{"host":"wqwfknj40rilnol1","time":1614096070,"event":{"mods":["AchievementEnabler","Aspiration","BaseMod","BetterRewards","Block Reminder","Colored Map","Conspire","Highlight Path","Hubris","Minty Spire (QoL Compilation)","Permanent Neow","Quick Restart","Relic Stats","Replay The Spire","Shop Mod","StSLib","The Cursed"],"gold_per_floor":[119,119,119,119,119,119,135,135,135],"floor_reached":8,"language":"ENG","playtime":120,"items_purged":[],"score":46,"play_id":"e57df858-3ec0-4070-a049-f598e0676f37","local_time":"20210223170110","is_ascension_mode":true,"campfire_choices":[],"circlet_count":0,"master_deck":["Strike_P","Strike_P","Strike_P","Defend_P","Defend_P","Defend_P","Defend_P","Eruption","Vigilance","Blasphemy","WindmillStrike"],"relics":["PureWater","hubris:Icosahedron","InkBottle"],"acts_visited":["Exordium"],"potions_floor_usage":[8],"damage_taken":[{"damage":4,"enemies":"2 Louse","floor":1,"turns":2},{"damage":0,"enemies":"Jaw Worm","floor":7,"turns":1},{"damage":100009,"enemies":"Lagavulin","floor":8,"turns":4}],"seed_played":"-8407407724690063692","potions_obtained":[{"floor":1,"key":"StancePotion"},{"floor":7,"key":"Energy Potion"}],"is_trial":false,"path_per_floor":["M","?","PTL","PTL","?","?","M","E"],"character_chosen":"WATCHER","items_purchased":[],"campfire_rested":0,"item_purchase_floors":[],"current_hp_per_floor":[61,61,61,61,19,19,19,0,0],"gold":135,"neow_bonus":"THREE_RARE_CARDS","is_daily":false,"chose_seed":false,"campfire_upgraded":0,"win_rate":0.0,"timestamp":1614096070,"path_taken":["M","?","PTL","PTL","?","?","M","E"],"items_purchased_type":[],"build_version":"2020-12-22","purchased_purges":0,"victory":false,"max_hp_per_floor":[65,65,65,65,65,65,65,65,65],"relic_stats":{"counters":[3,6],"obtain_stats":[{"hubris:Icosahedron":2,"PureWater":0,"InkBottle":5},{"hubris:Icosahedron":1,"PureWater":0,"InkBottle":1},{"hubris:Icosahedron":2,"PureWater":0,"InkBottle":2}],"InkBottle":[1]},"card_choices":[{"not_picked":["LessonLearned","Brilliance"],"picked":"Blasphemy","floor":0},{"not_picked":["ThirdEye","EmptyBody"],"picked":"WindmillStrike","floor":1},{"not_picked":["TalkToTheHand","Replay:AtTheReady","EmptyBody"],"picked":"SKIP","floor":7}],"player_experience":313860,"relics_obtained":[],"event_choices":[{"damage_healed":0,"gold_gain":0,"player_choice":"Success","damage_taken":42,"relics_obtained":["InkBottle"],"max_hp_gain":0,"max_hp_loss":0,"event_name":"Scrap Ooze","floor":5,"gold_loss":0}],"is_beta":false,"boss_relics":[],"items_purged_floors":[],"is_endless":false,"potions_floor_spawned":[1,7],"killed_by":"Lagavulin","ascension_level":1}}