{"host":"xkmvu47k9fdstweo","time":1614038561,"event":{"mods":["BaseMod","Colored Map","Conspire","Hubris","Minty Spire (QoL Compilation)","Quick Restart","Shop Mod","StSLib"],"gold_per_floor":[118,138,138,56,67,97,97,115,197,197,221,221,70,90,90,221,221,242,242,260,280,61,61,61,61],"floor_reached":24,"language":"ENG","playtime":920,"items_purged":["Strike_B"],"score":297,"play_id":"7fc0383c-4022-44e4-986f-42e01ef5233c","local_time":"20210222190241","is_ascension_mode":true,"campfire_choices":[{"data":"Machine Learning","floor":12.0,"key":"SMITH"},{"floor":15.0,"key":"REST"},{"floor":23.0,"key":"REST"}],"circlet_count":0,"master_deck":["AscendersBane","Strike_B","Strike_B","Defend_B","Defend_B","Defend_B","Defend_B","Zap","Dualcast","Gash","Conserve Battery","Flash of Steel","Beam Cell","Self Repair","Gash","Machine Learning+1","Glacier","Undo","Buffer","Coolheaded","Compile Driver","Capacitor"],"relics":["FrozenCore","NeowsBlessing","Orichalcum","Golden Idol","hubris:DeckOfHolding","hubris:TenFootPole","hubris:SphereOfDissonance","conspire:DeflatedDodgeball","Omamori"],"acts_visited":["Exordium","TheCity"],"potions_floor_usage":[24],"damage_taken":[{"damage":0.0,"enemies":"Jaw Worm","floor":1.0,"turns":1.0},{"damage":0.0,"enemies":"Cultist","floor":2.0,"turns":1.0},{"damage":0.0,"enemies":"Small Slimes","floor":5.0,"turns":1.0},{"damage":31.0,"enemies":"3 Sentries","floor":6.0,"turns":8.0},{"damage":4.0,"enemies":"Red Slaver","floor":8.0,"turns":3.0},{"damage":1.0,"enemies":"Lots of Slimes","floor":11.0,"turns":6.0},{"damage":21.0,"enemies":"Gremlin Gang","floor":14.0,"turns":6.0},{"damage":25.0,"enemies":"Slime Boss","floor":16.0,"turns":12.0},{"damage":4.0,"enemies":"conspire:FuzzyDice","floor":18.0,"turns":11.0},{"damage":9.0,"enemies":"3 Byrds","floor":20.0,"turns":11.0},{"damage":9.0,"enemies":"Centurion and Healer","floor":21.0,"turns":11.0},{"damage":55,"enemies":"Gremlin Leader","floor":24,"turns":7}],"seed_played":"3462814169037675574","potions_obtained":[{"floor":1.0,"key":"FearPotion"},{"floor":2.0,"key":"EntropicBrew"},{"floor":21.0,"key":"DuplicationPotion"}],"is_trial":false,"path_per_floor":["M","M","?","$","M","E","?","M","T","?","M","R","$","M","R","B",null,"M","$","M","M","$","R","E"],"character_chosen":"DEFECT","items_purchased":["Flash of Steel","Glacier","hubris:SphereOfDissonance","conspire:DeflatedDodgeball","Capacitor","Omamori"],"campfire_rested":2,"item_purchase_floors":[4,13,19,19,22,22],"current_hp_per_floor":[68,68,68,68,68,37,19,22,22,22,28,28,28,14,36,18,61,64,31,29,27,27,49,0,0],"gold":61,"neow_bonus":"THREE_ENEMY_KILL","is_daily":false,"chose_seed":false,"campfire_upgraded":1,"win_rate":0.0,"timestamp":1614038561,"path_taken":["M","M","?","$","?","E","?","M","T","?","M","R","$","M","R","BOSS","M","?","?","M","$","R","E"],"items_purchased_type":["Card","Card","Relic","Relic","Card","Relic"],"build_version":"2020-12-22","purchased_purges":1,"victory":false,"max_hp_per_floor":[75,75,75,75,75,75,75,75,75,75,75,75,75,75,75,75,75,75,75,75,75,75,75,75,75],"card_choices":[{"not_picked":["Glacier","Conserve Battery"],"picked":"Gash","floor":1.0},{"not_picked":["Ball Lightning","White Noise"],"picked":"Conserve Battery","floor":2.0},{"not_picked":["Recycle","Chaos"],"picked":"Beam Cell","floor":5.0},{"not_picked":["Reinforced Body","Conserve Battery"],"picked":"Self Repair","floor":6.0},{"not_picked":["Hologram","hubris:PowerSurge"],"picked":"Gash","floor":8.0},{"not_picked":["Streamline","Chaos"],"picked":"Machine Learning","floor":11.0},{"not_picked":["Sweeping Beam","Streamline"],"picked":"Undo","floor":14.0},{"not_picked":["hubris:Prefetch","Rainbow"],"picked":"Buffer","floor":16.0},{"not_picked":["conspire:SharedLibrary","Chaos+1","Stack"],"picked":"SKIP","floor":18.0},{"not_picked":["Cold Snap+1","Turbo"],"picked":"Coolheaded","floor":20.0},{"not_picked":["Leap","Stack+1"],"picked":"Compile Driver","floor":21.0}],"player_experience":333405,"relics_obtained":[{"floor":6.0,"key":"Orichalcum"},{"floor":9.0,"key":"hubris:DeckOfHolding"},{"floor":10.0,"key":"hubris:TenFootPole"}],"event_choices":[{"cards_removed":["Strike_B"],"damage_healed":0.0,"max_hp_gain":0.0,"max_hp_loss":0.0,"gold_gain":0.0,"event_name":"Purifier","player_choice":"Purged","floor":3.0,"gold_loss":0.0,"damage_taken":0.0},{"damage_healed":0.0,"max_hp_gain":0.0,"max_hp_loss":0.0,"gold_gain":0.0,"event_name":"Golden Idol","player_choice":"Take Damage","floor":7.0,"gold_loss":0.0,"damage_taken":18.0,"relics_obtained":["Golden Idol"]},{"damage_healed":0.0,"max_hp_gain":0.0,"max_hp_loss":0.0,"gold_gain":0.0,"event_name":"Wheel of Change","player_choice":"Relic","floor":10.0,"gold_loss":0.0,"damage_taken":0.0}],"is_beta":false,"boss_relics":[{"not_picked":["Busted Crown","hubris:Backtick"],"picked":"FrozenCore"}],"items_purged_floors":[13],"is_endless":false,"potions_floor_spawned":[1,2,6,11,21],"killed_by":"Gremlin Leader","ascension_level":10}}