{"host":"ELF","time":1614065965,"event":{"mods":["BaseMod","Bestiary","Minty Spire (QoL Compilation)","Relic Stats","Slay the Relics Exporter"],"gold_per_floor":[19,39,56,56,74,108,108,108,159,175,191,191,201,201,201,276,276,288,288,338,355,355,355,355],"floor_reached":23,"language":"ENG","playtime":1162,"items_purged":[],"score":415,"play_id":"e0f70fe6-311a-4ea1-a84a-54790a12c0cd","local_time":"20210223013925","is_ascension_mode":true,"campfire_choices":[{"floor":7,"key":"REST"},{"floor":12,"key":"REST"},{"data":"Recycle","floor":15,"key":"SMITH"}],"circlet_count":0,"master_deck":["AscendersBane","Strike_B","Strike_B","Strike_B","Defend_B","Defend_B","Defend_B","Defend_B","Zap","Dualcast","Gash","Auto Shields","Go for the Eyes","Rip and Tear+1","Beam Cell","Steam Power","Coolheaded","Consume","Gash","Reprogram","Self Repair","Barrage","Echo Form","Cold Snap","Recycle+1","Coolheaded","Creative AI","Reinforced Body+1","Coolheaded","Double Energy","Steam"],"relics":["Cracked Core","Prayer Wheel","Pear","Omamori","Nuclear Battery"],"acts_visited":["Exordium","TheCity"],"potions_floor_usage":[11,19],"damage_taken":[{"damage":7,"enemies":"2 Louse","floor":1,"turns":2},{"damage":6,"enemies":"Cultist","floor":2,"turns":5},{"damage":10,"enemies":"Small Slimes","floor":3,"turns":2},{"damage":4,"enemies":"2 Fungi Beasts","floor":5,"turns":3},{"damage":29,"enemies":"Gremlin Nob","floor":6,"turns":4},{"damage":6,"enemies":"Looter","floor":10,"turns":2},{"damage":10,"enemies":"Gremlin Gang","floor":11,"turns":5},{"damage":26,"enemies":"Large Slime","floor":13,"turns":7},{"damage":38,"enemies":"Hexaghost","floor":16,"turns":12},{"damage":33,"enemies":"Shell Parasite","floor":18,"turns":8},{"damage":0,"enemies":"2 Thieves","floor":19,"turns":1},{"damage":23,"enemies":"Snecko","floor":21,"turns":10},{"damage":19,"enemies":"Gremlin Leader","floor":23,"turns":1}],"seed_played":"-2458290387799026432","potions_obtained":[{"floor":5,"key":"EssenceOfSteel"},{"floor":6,"key":"SpeedPotion"},{"floor":10,"key":"Dexterity Potion"},{"floor":16,"key":"SmokeBomb"}],"is_trial":false,"path_per_floor":["M","M","M","?","M","E","R","?","T","M","M","R","M","?","R","B",null,"M","M","?","M","?","E"],"character_chosen":"DEFECT","items_purchased":[],"campfire_rested":2,"item_purchase_floors":[],"current_hp_per_floor":[57,51,41,41,37,18,42,42,42,36,33,57,38,43,43,12,68,42,49,49,40,15,0,0],"gold":355,"neow_bonus":"ONE_RARE_RELIC","is_daily":false,"chose_seed":false,"campfire_upgraded":1,"win_rate":0.0,"timestamp":1614065965,"path_taken":["M","M","M","?","M","E","R","?","T","?","M","R","M","?","R","BOSS","M","M","?","M","?","E"],"items_purchased_type":[],"build_version":"2020-12-18","purchased_purges":0,"victory":false,"max_hp_per_floor":[71,71,71,71,71,81,81,81,81,81,81,81,81,86,86,86,86,86,86,86,86,91,91,91],"relic_stats":{"counters":[13,62],"Prayer Wheel":9,"obtain_stats":[{"Pear":6,"Prayer Wheel":0,"Omamori":9,"Cracked Core":0,"Nuclear Battery":17},{"Pear":5,"Prayer Wheel":0,"Omamori":5,"Cracked Core":0,"Nuclear Battery":9},{"Pear":16,"Prayer Wheel":0,"Omamori":16,"Cracked Core":0,"Nuclear Battery":42}]},"card_choices":[{"not_picked":["Compile Driver","Streamline"],"picked":"Gash","floor":1},{"not_picked":["Lockon","Compile Driver"],"picked":"Auto Shields","floor":1},{"not_picked":["Turbo","Hologram"],"picked":"Go for the Eyes","floor":2},{"not_picked":["Barrage","BootSequence"],"picked":"Rip and Tear","floor":2},{"not_picked":["Streamline","Darkness"],"picked":"Beam Cell","floor":3},{"not_picked":["Fission","Barrage"],"picked":"Steam Power","floor":3},{"not_picked":["Stack","Beam Cell"],"picked":"Coolheaded","floor":5},{"not_picked":["Force Field","Ball Lightning"],"picked":"Consume","floor":5},{"not_picked":["Chaos","Leap"],"picked":"Gash","floor":6},{"not_picked":["Darkness","Compile Driver"],"picked":"Self Repair","floor":10},{"not_picked":["Loop","Tempest"],"picked":"Barrage","floor":10},{"not_picked":["Melter","Glacier"],"picked":"Echo Form","floor":11},{"not_picked":["Compile Driver","Gash"],"picked":"Cold Snap","floor":11},{"not_picked":["Steam","Turbo"],"picked":"Recycle","floor":13},{"not_picked":["Cold Snap","Streamline"],"picked":"Coolheaded","floor":13},{"not_picked":["Core Surge","Biased Cognition"],"picked":"Creative AI","floor":16},{"not_picked":["Cold Snap","Chaos"],"picked":"Reinforced Body+1","floor":18},{"not_picked":["Barrage","Tempest"],"picked":"Coolheaded","floor":18},{"not_picked":["Go for the Eyes","FTL"],"picked":"Double Energy","floor":21},{"not_picked":["Rebound+1","Cold Snap"],"picked":"Steam","floor":21}],"player_experience":3529910,"relics_obtained":[{"floor":6,"key":"Pear"},{"floor":9,"key":"Omamori"}],"event_choices":[{"damage_healed":0,"gold_gain":0,"player_choice":"Grow","damage_taken":0,"max_hp_gain":0,"max_hp_loss":0,"event_name":"Living Wall","floor":4,"gold_loss":0,"cards_upgraded":["Rip and Tear"]},{"damage_healed":0,"gold_gain":0,"cards_transformed":["Strike_B"],"player_choice":"Transformed","damage_taken":0,"max_hp_gain":0,"max_hp_loss":0,"event_name":"Transmorgrifier","floor":8,"gold_loss":0,"cards_obtained":["Reprogram"]},{"damage_healed":0,"gold_gain":0,"player_choice":"Donut","damage_taken":0,"max_hp_gain":5,"max_hp_loss":0,"event_name":"Big Fish","floor":14,"gold_loss":0},{"damage_healed":0,"gold_gain":50,"player_choice":"Stole From Cult","damage_taken":0,"max_hp_gain":0,"max_hp_loss":0,"event_name":"Nest","floor":20,"gold_loss":0},{"damage_healed":0,"gold_gain":0,"player_choice":"Shed Blood","damage_taken":30,"max_hp_gain":5,"max_hp_loss":0,"event_name":"Forgotten Altar","floor":22,"gold_loss":0}],"is_beta":true,"boss_relics":[{"not_picked":["Busted Crown","Philosopher\u0027s Stone"],"picked":"Nuclear Battery"}],"items_purged_floors":[],"is_endless":false,"potions_floor_spawned":[5,6,10,16,19],"killed_by":"Gremlin Leader","ascension_level":20}}