{"host":"Berg","time":1614110451,"event":{"mods":["AchievementEnabler","BaseMod","Better Third Choice","Colored Map","Downfall","Gremlin Skip","Highlight Path","Minty Spire (QoL Compilation)","Relic Stats","StSLib"],"gold_per_floor":[99,111,111,127,127,66,120,120,130,163,238,238,267,280,290,395,395,395,406,422,522,522,52,52,62,90,90,117,117,117,146,166,267,267,267,285,285,285,296,324,324,334,360,379,56,73,73,40,56,56],"floor_reached":51,"language":"ENG","playtime":4075,"items_purged":["Slimebound:Strike_Slimebound+1"],"score":966,"play_id":"68b9eb9b-88c9-4393-a94e-62491c6db18b","local_time":"20210223150051","is_ascension_mode":true,"campfire_choices":[{"data":"Slimebound:Split","floor":1,"key":"SMITH"},{"data":"Slimebound:LevelUp","floor":8,"key":"SMITH"},{"data":"Slimebound:Overexert","floor":12,"key":"SMITH"},{"data":"Slimebound:CorrosiveSpit","floor":18,"key":"SMITH"},{"data":"Slimebound:SpikyOuterGoop","floor":29,"key":"SMITH"},{"data":"Slimebound:Prepare","floor":35,"key":"SMITH"},{"data":"Slimebound:LevelUp","floor":47,"key":"SMITH"}],"circlet_count":0,"master_deck":["Slimebound:Tackle+1","Slimebound:Defend_Slimebound+1","Slimebound:Defend_Slimebound+1","Slimebound:Defend_Slimebound+1","Slimebound:Defend_Slimebound+1","Slimebound:Split+1","Slimebound:CorrosiveSpit+1","Slimebound:LivingWall","Slimebound:SplitAcid","Slimebound:LevelUp+1","Slimebound:SplitMire","Slimebound:GoopTackle","Slimebound:Overexert+1","Slimebound:ProtectTheBoss","Slimebound:LivingWall","Slimebound:Prepare+1","Slimebound:LeechLife","Slimebound:FormOfPuddle","Slimebound:LevelUp+1","Slimebound:Equalize","Slimebound:GoopTackle","Slimebound:ServeAndProtect","J.A.X.","Slimebound:Schlurp","Slimebound:SpikyOuterGoop+1","Slimebound:FormOfPuddle","Slimebound:MegaLick+1","Slimebound:LeechLife","Slimebound:LeechingTouch","Slimebound:LevelUp+1","Slimebound:FormOfPuddle+1","Slimebound:Darklings","Slimebound:LevelUp+1","expansioncontent:Chronoboost","expansioncontent:Hexaburn","expansioncontent:YouAreMine","Slimebound:SlimeBarrage","Slimebound:RollThrough+1","Slimebound:Gluttony+1","Slimebound:SplitLeeching+1","Slimebound:LevelUp+1","Slimebound:SlimeBarrage","Slimebound:SplitLeeching","Slimebound:LeadByExample+1","Slimebound:Dissolve"],"relics":["Slimebound:AbsorbEndCombat","Gambling Chip","PreservedInsect","Question Card","Pocketwatch","Coffee Dripper","MutagenicStrength","Anchor","DollysMirror","Matryoshka","InkBottle","Akabeko","White Beast Statue","Blood Vial","Mercury Hourglass","StrikeDummy","bronze:MakeshiftBattery","Boot","Orichalcum","Pen Nib","Bottled Flame","TheAbacus","Frozen Eye","Strawberry"],"acts_visited":["Exordium","TheCity","TheBeyond"],"potions_floor_usage":[13,16,42,48],"damage_taken":[{"damage":4,"enemies":"2 Louse","floor":2,"turns":3},{"damage":0,"enemies":"Small Slimes","floor":4,"turns":3},{"damage":0,"enemies":"downfall:FleeingMerchant","floor":6,"turns":4},{"damage":2,"enemies":"Jaw Worm","floor":9,"turns":4},{"damage":14,"enemies":"Gremlin Nob","floor":10,"turns":3},{"damage":15,"enemies":"3 Sentries","floor":13,"turns":5},{"damage":19,"enemies":"Lots of Slimes","floor":14,"turns":3},{"damage":3,"enemies":"2 Fungi Beasts","floor":15,"turns":4},{"damage":40,"enemies":"WA_ARCHETYPE_RETAIN","floor":16,"turns":10},{"damage":18,"enemies":"3 Byrds","floor":19,"turns":4},{"damage":13,"enemies":"downfall:LooterAlt2","floor":20,"turns":4},{"damage":15,"enemies":"downfall:Augmenter","floor":21,"turns":5},{"damage":0,"enemies":"downfall:FleeingMerchant","floor":23,"turns":4},{"damage":3,"enemies":"3 Cultists","floor":25,"turns":3},{"damage":20,"enemies":"Gremlin Leader","floor":26,"turns":5},{"damage":18,"enemies":"Slavers","floor":28,"turns":6},{"damage":0,"enemies":"Book of Stabbing","floor":31,"turns":4},{"damage":2,"enemies":"Shelled Parasite and Fungi","floor":32,"turns":5},{"damage":30,"enemies":"DF_ARCHETYPE_CLAW","floor":33,"turns":9},{"damage":0,"enemies":"3 Shapes","floor":36,"turns":4},{"damage":7,"enemies":"Orb Walker","floor":39,"turns":4},{"damage":12,"enemies":"Giant Head","floor":40,"turns":7},{"damage":6,"enemies":"Writhing Mass","floor":42,"turns":4},{"damage":3,"enemies":"Nemesis","floor":43,"turns":5},{"damage":6,"enemies":"Spire Growth","floor":44,"turns":4},{"damage":0,"enemies":"downfall:FleeingMerchant","floor":45,"turns":4},{"damage":0,"enemies":"4 Shapes","floor":46,"turns":3},{"damage":0,"enemies":"downfall:FleeingMerchant","floor":48,"turns":3},{"damage":0,"enemies":"Jaw Worm Horde","floor":49,"turns":4},{"damage":43,"enemies":"IC_BLOCK_ARCHETYPE","floor":50,"turns":11}],"seed_played":"1560733570501392845","potions_obtained":[{"floor":4,"key":"Regen Potion"},{"floor":10,"key":"Energy Potion"},{"floor":15,"key":"Weak Potion"},{"floor":20,"key":"SkillPotion"},{"floor":21,"key":"DistilledChaos"},{"floor":42,"key":"Guardian:BlockOnCardUsePotion"},{"floor":48,"key":"Ancient Potion"},{"floor":49,"key":"DuplicationPotion"}],"is_trial":false,"path_per_floor":["R","M","?","M","?","$","T","R","M","E","?","R","E","M","M","B",null,"R","M","M","?","?","$","T","M","E","?","E","R","T","E","M","B",null,"R","M","?","?","M","E","T","M","E","M","$","M","R","$","M","B",null],"character_chosen":"SLIMEBOUND","items_purchased":["Slimebound:SplitMire","Anchor","Slimebound:SpikyOuterGoop","DollysMirror","Slimebound:LevelUp","Slimebound:SlimeBarrage","TheAbacus","Frozen Eye","Strawberry","Slimebound:Dissolve"],"campfire_rested":0,"item_purchase_floors":[6,23,23,23,45,45,45,48,48,48],"current_hp_per_floor":[47,47,47,53,53,59,59,59,61,49,49,49,45,34,39,5,65,65,51,38,49,49,53,53,58,46,46,65,65,65,65,65,51,65,65,65,65,55,60,65,65,65,65,65,65,65,65,72,72,38],"gold":56,"neow_bonus":"ONE_RARE_RELIC","is_daily":false,"chose_seed":false,"campfire_upgraded":7,"win_rate":0.0,"timestamp":1614110451,"path_taken":["R","M","?","M","?","?","T","R","?","E","?","R","E","M","M","BOSS","R","M","M","?","?","?","T","?","E","?","E","R","?","E","M","BOSS","R","M","?","?","M","E","T","M","E","M","$","M","R","?","M","BOSS"],"items_purchased_type":["Card","Relic","Card","Relic","Card","Card","Relic","Relic","Relic","Card"],"build_version":"2020-12-18","purchased_purges":1,"victory":true,"max_hp_per_floor":[65,65,65,65,65,65,65,65,65,65,65,65,65,65,65,65,65,65,65,65,65,65,65,65,65,65,65,65,65,65,65,65,65,65,65,65,65,65,65,65,65,65,65,65,65,65,65,72,72,72],"relic_stats":{"counters":[30,132],"PreservedInsect":449,"Pen Nib":[3],"Orichalcum":[24],"Question Card":30,"Boot":[4],"Mercury Hourglass":[207],"Blood Vial":4,"TheAbacus":[6],"Gambling Chip":[72],"obtain_stats":[{"Boot":40,"Blood Vial":30,"Frozen Eye":48,"downfall:BrokenWingStatue":3,"Matryoshka":24,"TheAbacus":45,"DollysMirror":23,"Gambling Chip":0,"Strawberry":48,"InkBottle":26,"PreservedInsect":7,"Pen Nib":41,"Orichalcum":41,"Question Card":10,"Akabeko":27,"White Beast Statue":28,"Mercury Hourglass":30,"Anchor":23,"Bottled Flame":43,"MutagenicStrength":21,"Slimebound:AbsorbEndCombat":0,"Coffee Dripper":17,"StrikeDummy":31,"bronze:MakeshiftBattery":34,"Pocketwatch":13},{"Boot":22,"Blood Vial":16,"Frozen Eye":28,"downfall:BrokenWingStatue":1,"Matryoshka":13,"TheAbacus":26,"DollysMirror":13,"Gambling Chip":0,"Strawberry":28,"InkBottle":15,"PreservedInsect":3,"Pen Nib":22,"Orichalcum":22,"Question Card":5,"Akabeko":15,"White Beast Statue":16,"Mercury Hourglass":16,"Anchor":13,"Bottled Flame":24,"MutagenicStrength":12,"Slimebound:AbsorbEndCombat":0,"Coffee Dripper":9,"StrikeDummy":17,"bronze:MakeshiftBattery":19,"Pocketwatch":6},{"Boot":96,"Blood Vial":67,"Frozen Eye":118,"downfall:BrokenWingStatue":3,"Matryoshka":54,"TheAbacus":113,"DollysMirror":54,"Gambling Chip":0,"Strawberry":118,"InkBottle":61,"PreservedInsect":10,"Pen Nib":96,"Orichalcum":96,"Question Card":17,"Akabeko":61,"White Beast Statue":67,"Mercury Hourglass":67,"Anchor":54,"Bottled Flame":105,"MutagenicStrength":50,"Slimebound:AbsorbEndCombat":0,"Coffee Dripper":38,"StrikeDummy":70,"bronze:MakeshiftBattery":84,"Pocketwatch":21}],"InkBottle":[27],"Pocketwatch":[114]},"card_choices":[{"not_picked":["Slimebound:Prepare","Slimebound:AcidTongue"],"picked":"Slimebound:LivingWall","floor":2},{"not_picked":["Slimebound:SamplingLick","Slimebound:Schlurp"],"picked":"Slimebound:SplitAcid","floor":4},{"not_picked":["Slimebound:SplitLeeching","Slimebound:SplitSpecialist"],"picked":"Slimebound:LevelUp","floor":6},{"not_picked":["Slimebound:LeechEnergy","Slimebound:Replication"],"picked":"Slimebound:GoopTackle","floor":9},{"not_picked":["Slimebound:SplitMire","Slimebound:LivingWall"],"picked":"Slimebound:Overexert","floor":10},{"not_picked":["Slimebound:HungryTackle","Slimebound:SplitMire","Slimebound:PressTheAttack"],"picked":"Slimebound:ProtectTheBoss","floor":13},{"not_picked":["Slimebound:SplitMire","Slimebound:Nibble","Slimebound:SlimeSpikes"],"picked":"Slimebound:LivingWall","floor":14},{"not_picked":["Slimebound:SlimeSlap","Slimebound:LeechEnergy","Slimebound:SlimeSpikes"],"picked":"Slimebound:Prepare","floor":15},{"not_picked":["Slimebound:SelfFormingGoo","Slimebound:MinionMaster","Slimebound:RallyTheTroops"],"picked":"Slimebound:LeechLife","floor":16},{"not_picked":["Slimebound:HauntingLick","Slimebound:MegaLick+1","Slimebound:SplitLeeching"],"picked":"Slimebound:FormOfPuddle","floor":19},{"not_picked":["Slimebound:DivideAndConquer","Slimebound:Schlurp","Slimebound:ProtectTheBoss"],"picked":"Slimebound:LevelUp+1","floor":20},{"not_picked":["Slimebound:Recollect","Slimebound:FinishingTackle","Slimebound:PressTheAttack"],"picked":"Slimebound:ServeAndProtect","floor":21},{"not_picked":[],"picked":"J.A.X.","floor":21},{"not_picked":["Slimebound:RainOfGoop","Slimebound:SplitAcid","Slimebound:LivingWall"],"picked":"Slimebound:Schlurp","floor":23},{"not_picked":["Slimebound:LeechEnergy+1","Slimebound:PressTheAttack","Slimebound:GrowthPunch"],"picked":"Slimebound:MegaLick+1","floor":25},{"not_picked":["Slimebound:LeechEnergy+1","Slimebound:AcidTongue","Slimebound:LeechingTouch+1"],"picked":"Slimebound:LeechLife","floor":26},{"not_picked":["Slimebound:SlimeSpikes","Slimebound:AcidTongue+1","Slimebound:SplitAcid"],"picked":"Slimebound:LeechingTouch","floor":28},{"not_picked":["Slimebound:ForwardTackle","Slimebound:RollThrough","Slimebound:BestDefense+1"],"picked":"Slimebound:LevelUp+1","floor":31},{"not_picked":["Slimebound:SpikyOuterGoop+1","Slimebound:Prepare","Slimebound:GoopTackle"],"picked":"Slimebound:FormOfPuddle+1","floor":32},{"not_picked":["Slimebound:RallyTheTroops","Slimebound:CheckThePlaybook","Slimebound:OneTwoCombo"],"picked":"Slimebound:Darklings","floor":33},{"not_picked":["Slimebound:Recollect","Slimebound:SamplingLick","Slimebound:SplitMire+1"],"picked":"Slimebound:LevelUp+1","floor":36},{"not_picked":["expansioncontent:PolyBeam","expansioncontent:GuardianWhirl"],"picked":"expansioncontent:Chronoboost","floor":38},{"not_picked":["expansioncontent:Chronoboost","expansioncontent:YouAreMine"],"picked":"expansioncontent:Hexaburn","floor":38},{"not_picked":["expansioncontent:InvincibleStrength","expansioncontent:LastStand"],"picked":"expansioncontent:YouAreMine","floor":38},{"not_picked":["Slimebound:GrowthPunch","Slimebound:GoopSpray","Slimebound:Prepare","Slimebound:FlameTackle+1"],"picked":"SKIP","floor":39},{"not_picked":["Slimebound:ServeAndProtect+1","Slimebound:Schlurp","Slimebound:DivideAndConquer"],"picked":"Slimebound:SlimeBarrage","floor":40},{"not_picked":["Slimebound:SplitMire+1","Slimebound:SlimeSpikes+1","Slimebound:Schlurp+1"],"picked":"Slimebound:RollThrough+1","floor":42},{"not_picked":["Slimebound:OneTwoCombo","Slimebound:SplitMire+1","Slimebound:ForwardTackle+1","Slimebound:GoopTackle"],"picked":"SKIP","floor":43},{"not_picked":["Slimebound:Prepare","Slimebound:PressTheAttack+1","Slimebound:SlimeSpikes"],"picked":"Slimebound:Gluttony+1","floor":44},{"not_picked":["Slimebound:Prepare","Slimebound:DivideAndConquer","Slimebound:SlimeBrawl+1"],"picked":"Slimebound:SplitLeeching+1","floor":45},{"not_picked":["Slimebound:AcidTongue+1","Slimebound:FlameTackle+1","Slimebound:Dissolve+1"],"picked":"Slimebound:SplitLeeching","floor":46},{"not_picked":["Slimebound:Gluttony+1","Slimebound:ForwardTackle+1","Slimebound:SplitBruiser+1"],"picked":"Slimebound:LeadByExample+1","floor":48},{"not_picked":["Slimebound:DisruptingSlam+1","Slimebound:SamplingLick+1","Slimebound:Prepare","Slimebound:SplitBruiser"],"picked":"SKIP","floor":49}],"player_experience":1431671,"relics_obtained":[{"floor":7,"key":"PreservedInsect"},{"floor":10,"key":"Question Card"},{"floor":13,"key":"Pocketwatch"},{"floor":21,"key":"MutagenicStrength"},{"floor":24,"key":"Matryoshka"},{"floor":26,"key":"InkBottle"},{"floor":28,"key":"White Beast Statue"},{"floor":30,"key":"Blood Vial"},{"floor":30,"key":"Mercury Hourglass"},{"floor":31,"key":"StrikeDummy"},{"floor":40,"key":"Boot"},{"floor":41,"key":"Orichalcum"},{"floor":41,"key":"Pen Nib"},{"floor":43,"key":"Bottled Flame"}],"event_choices":[{"damage_healed":0,"gold_gain":0,"player_choice":"Grow","damage_taken":0,"max_hp_gain":0,"max_hp_loss":0,"event_name":"Living Wall","floor":5,"gold_loss":0,"cards_upgraded":["Slimebound:Tackle"]}],"is_beta":true,"boss_relics":[{"not_picked":["SacredBark","Runic Dome"],"picked":"Coffee Dripper"},{"not_picked":["Snecko Eye","Slimebound:AbsorbEndCombatUpgraded"],"picked":"bronze:MakeshiftBattery"}],"items_purged_floors":[23],"is_endless":false,"potions_floor_spawned":[4,10,15,20,21,28,31,32,33,36,39,40,42,43,44,45,46,48,49],"ascension_level":3}}