{"host":"ztzf20fs6w35ztzf","time":1614050042,"event":{"mods":["AchievementEnabler","AlwaysNeverKeys","BaseMod","BetterRewards","Colored Powertips","DeckTracker","Downfall","Grow up Mod","Lobotomy","Minty Spire (QoL Compilation)","Rare Cards Sparkle","Remove Card Discount Mod","Replay The Spire","StSLib","SuperFastMode"],"gold_per_floor":[99,110,110,124,138,138,163,192,205,235,252,267,240,256,276,374,374,374,389,403,503,503,514,539,564,579,609,609,609,609,619,634,736,836,636,656,670,670,683,695,695,724,739,903,1003,903,938,951,963,963],"floor_reached":51,"language":"ENG","playtime":2352,"items_purged":["Guardian:Defend_Guardian","Guardian:Defend_Guardian","Guardian:Defend_Guardian","Guardian:Defend_Guardian","Guardian:WalkerClaw","Guardian:WalkerClaw","Guardian:Strike_Guardian","Guardian:Strike_Guardian","Guardian:Strike_Guardian"],"score":842,"play_id":"e1fabfd8-c114-4a03-8224-c275fe8486f0","local_time":"20210223111402","is_ascension_mode":false,"campfire_choices":[{"data":"Guardian:TwinSlam","floor":1,"key":"SMITH"},{"data":"Guardian:CurlUp","floor":6,"key":"SMITH"},{"floor":30,"key":"RECALL"},{"floor":35,"key":"DIG"},{"data":"Guardian:ExploitGems","floor":46,"key":"SMITH"}],"circlet_count":0,"master_deck":["Guardian:Strike_Guardian+1","Guardian:CurlUp+1","Guardian:TwinSlam+1","Guardian:TwinSlam+1","Guardian:BronzeArmor+1","Guardian:DonusPower+1","Guardian:VentSteam","Guardian:Incinerate+1","Guardian:ExploitGems+1","RitualDagger","Pot Of Greed","Pot Of Greed","Guardian:BaubleBeam+1","Guardian:CrystalBeam+1","Guardian:Clone","Guardian:Reroute+1","Guardian:GuardianWhirl+1","Guardian:CrystalBeam+1","Pot Of Greed","Guardian:Planning","Guardian:DonusPower+1","Guardian:PrimingBeam+1"],"relics":["Guardian:ModeShifterPlus","Nunchaku","Iron Hammer","Centennial Puzzle","bronze:MakeshiftBattery","Grinning Jar","Molten Egg 2","Bottled Flame","Replay:Towering Pillar of Hats","Replay:Grab Bag","Busted Crown","Replay:Wanted Poster","downfall:HeartBlessingGreen","downfall:HeartBlessingRed","Replay:WaspNest","Juzu Bracelet","Whetstone","Potion Belt","downfall:HeartBlessingBlue"],"acts_visited":["Exordium","TheCity","TheBeyond"],"potions_floor_usage":[50,50,50,50,51],"damage_taken":[{"damage":7,"enemies":"2 Louse","floor":2,"turns":2},{"damage":6,"enemies":"Cultist","floor":4,"turns":3},{"damage":8,"enemies":"Jaw Worm","floor":5,"turns":4},{"damage":34,"enemies":"3 Sentries","floor":8,"turns":7},{"damage":8,"enemies":"downfall:LooterAlt","floor":9,"turns":2},{"damage":22,"enemies":"Gremlin Nob","floor":10,"turns":5},{"damage":12,"enemies":"Exordium Wildlife","floor":11,"turns":4},{"damage":13,"enemies":"Gremlin Gang","floor":12,"turns":4},{"damage":0,"enemies":"downfall:FleeingMerchant","floor":13,"turns":4},{"damage":14,"enemies":"Large Slime","floor":14,"turns":2},{"damage":10,"enemies":"downfall:LooterAlt","floor":15,"turns":3},{"damage":21,"enemies":"IC_STATUS_ARCHETYPE","floor":16,"turns":5},{"damage":0,"enemies":"Spheric Guardian","floor":19,"turns":3},{"damage":5,"enemies":"3 Byrds","floor":20,"turns":3},{"damage":11,"enemies":"Snake Plant","floor":23,"turns":3},{"damage":29,"enemies":"Book of Stabbing","floor":25,"turns":4},{"damage":0,"enemies":"Snecko","floor":26,"turns":3},{"damage":34,"enemies":"Slavers","floor":27,"turns":6},{"damage":5,"enemies":"Cultist and Chosen","floor":31,"turns":4},{"damage":30,"enemies":"Centurion and Healer","floor":32,"turns":4},{"damage":51,"enemies":"DF_ARCHETYPE_CLAW","floor":33,"turns":6},{"damage":0,"enemies":"3 Darklings","floor":36,"turns":3},{"damage":12,"enemies":"3 Shapes","floor":37,"turns":2},{"damage":0,"enemies":"Transient","floor":39,"turns":5},{"damage":0,"enemies":"3 Darklings","floor":40,"turns":2},{"damage":40,"enemies":"Reptomancer","floor":42,"turns":4},{"damage":6,"enemies":"Spire Growth","floor":43,"turns":3},{"damage":15,"enemies":"downfall:FleeingMerchant","floor":44,"turns":4},{"damage":0,"enemies":"downfall:LadyInBlue","floor":45,"turns":3},{"damage":10,"enemies":"Nemesis","floor":47,"turns":3},{"damage":0,"enemies":"Jaw Worm Horde","floor":48,"turns":1},{"damage":0,"enemies":"Transient","floor":49,"turns":5},{"damage":64,"enemies":"WA_ARCHETYPE_DIVINITY","floor":50,"turns":5},{"damage":106,"enemies":"Malkuth","floor":51,"turns":9},{"damage":56,"enemies":"Netzach","floor":51,"turns":6}],"seed_played":"2790374285092978917","potions_obtained":[{"floor":4,"key":"Flashbang"},{"floor":9,"key":"sneckomod:MuddlingPotion"},{"floor":10,"key":"sneckomod:MuddlingPotion"},{"floor":16,"key":"Adrenaline Potion"},{"floor":36,"key":"DistilledChaos"},{"floor":45,"key":"LiquidMemories"},{"floor":45,"key":"Languid Potion"}],"is_trial":false,"path_per_floor":["R","M","?","M","M","R","T","E","M","E","M","M","$","M","M","B",null,"R","M","M","?","?","M","T","E","M","E","?","T","R","M","M","B",null,"R","M","M","?","M","M","T","E","M","$","?","R","E","M","M","B",null],"character_chosen":"GUARDIAN","items_purchased":["Whetstone"],"campfire_rested":0,"item_purchase_floors":[44],"current_hp_per_floor":[108,111,121,125,127,137,147,123,125,113,111,108,118,114,114,103,268,278,288,293,303,307,306,316,297,307,283,293,303,313,318,298,257,438,448,458,456,458,468,478,488,458,462,457,467,487,487,497,507,453],"gold":963,"neow_bonus":"TEN_PERCENT_HP_BONUS","is_daily":false,"chose_seed":false,"campfire_upgraded":3,"win_rate":0.0,"timestamp":1614050042,"path_taken":["R","M","?","M","M","R","T","E","M","E","?","M","$","M","M","BOSS","R","M","M","?","?","M","T","E","M","E","?","?","R","M","M","BOSS","R","M","M","?","M","?","T","E","M","$","?","R","E","M","M","BOSS"],"items_purchased_type":["Relic"],"build_version":"2020-12-22","purchased_purges":9,"victory":true,"max_hp_per_floor":[108,118,128,138,148,158,168,178,188,198,208,218,228,238,248,258,268,278,288,298,308,318,328,338,348,358,368,378,388,398,408,418,428,438,448,458,468,478,488,498,508,518,528,538,548,568,578,588,598,608],"card_choices":[{"not_picked":["Guardian:PiercingHide","Guardian:Emergency"],"picked":"Guardian:WalkerClaw","floor":2},{"not_picked":["Guardian:RefractedBeam","Guardian:Suspension"],"picked":"Guardian:Gem_Purple","floor":4},{"not_picked":["Guardian:WalkerClaw","Guardian:Reroute"],"picked":"Guardian:BronzeArmor","floor":5},{"not_picked":["Guardian:RollAttack","Guardian:BronzeArmor"],"picked":"Guardian:Gem_Red","floor":8},{"not_picked":["Guardian:Reroute","Guardian:RefractedBeam"],"picked":"Guardian:DonusPower","floor":9},{"not_picked":["Guardian:Gem_Synthetic","Guardian:TemporalStrike"],"picked":"Guardian:Gem_White","floor":10},{"not_picked":["Guardian:Planning","Guardian:Gem_Green"],"picked":"Guardian:VentSteam","floor":11},{"not_picked":["Guardian:VentSteam","Guardian:Reroute"],"picked":"Guardian:Gem_Crimson","floor":12},{"not_picked":["Guardian:ChargeCore","Guardian:TemporalShield"],"picked":"Guardian:Incinerate","floor":13},{"not_picked":["Guardian:CrystalBeam","Guardian:Recover"],"picked":"Guardian:ExploitGems","floor":14},{"not_picked":["Guardian:Preprogram","Guardian:Planning"],"picked":"Guardian:Gem_Lightblue","floor":15},{"not_picked":["Guardian:AncientConstruct","Guardian:StasisField"],"picked":"Guardian:Gem_Orange","floor":16},{"not_picked":["Guardian:WalkerClaw","Guardian:TemporalStrike","Guardian:PrimingBeam"],"picked":"SKIP","floor":19},{"not_picked":["Guardian:PrimingBeam","Guardian:VentSteam+1"],"picked":"Guardian:Gem_Lightblue","floor":20},{"not_picked":["Guardian:RefractedBeam+1","Guardian:BodySlam+1","Guardian:PiercingHide"],"picked":"SKIP","floor":23},{"not_picked":["Guardian:PolyBeam+1","Guardian:TimeCapacitor"],"picked":"Guardian:BaubleBeam+1","floor":25},{"not_picked":["Guardian:Suspension","Guardian:PrimingBeam+1"],"picked":"Guardian:CrystalBeam+1","floor":26},{"not_picked":["Guardian:TemporalStrike+1","Guardian:Repulse"],"picked":"Guardian:Clone","floor":27},{"not_picked":["Guardian:Gem_Cyan","Guardian:PrimingBeam+1"],"picked":"Guardian:Gem_Red","floor":31},{"not_picked":["Guardian:Harden","Guardian:Repulse","Guardian:TemporalShield"],"picked":"SKIP","floor":32},{"not_picked":[],"picked":"Guardian:Gem_White","floor":36},{"not_picked":[],"picked":"Guardian:Reroute+1","floor":37},{"not_picked":[],"picked":"Guardian:GuardianWhirl+1","floor":39},{"not_picked":[],"picked":"Guardian:CrystalBeam+1","floor":40},{"not_picked":[],"picked":"Guardian:Gem_White","floor":42},{"not_picked":[],"picked":"Guardian:Planning","floor":43},{"not_picked":["Guardian:RefractedBeam+1"],"picked":"SKIP","floor":44},{"not_picked":[],"picked":"Guardian:DonusPower+1","floor":47},{"not_picked":[],"picked":"Guardian:PrimingBeam+1","floor":48},{"not_picked":["Guardian:Suspension"],"picked":"SKIP","floor":49}],"player_experience":156484,"relics_obtained":[{"floor":7,"key":"Nunchaku"},{"floor":8,"key":"Iron Hammer"},{"floor":10,"key":"Centennial Puzzle"},{"floor":24,"key":"Grinning Jar"},{"floor":25,"key":"Molten Egg 2"},{"floor":27,"key":"Bottled Flame"},{"floor":29,"key":"Replay:Towering Pillar of Hats"},{"floor":35,"key":"Replay:WaspNest"},{"floor":42,"key":"Juzu Bracelet"},{"floor":45,"key":"Potion Belt"}],"event_choices":[{"damage_healed":0,"gold_gain":0,"player_choice":"Ignored","damage_taken":0,"max_hp_gain":0,"max_hp_loss":0,"event_name":"Vampires","floor":28,"gold_loss":0}],"is_beta":false,"boss_relics":[{"not_picked":["ChewingGum","Snecko Eye"],"picked":"bronze:MakeshiftBattery"},{"not_picked":["Philosopher\u0027s Stone","SacredBark"],"picked":"Replay:Grab Bag"},{"not_picked":["Fusion Hammer","Runic Dome"],"picked":"Busted Crown"},{"not_picked":["Painkiller Herb","ReplayTheSpireMod:Onyx Gauntlets"],"picked":"Replay:Wanted Poster"},{"not_picked":["Replay:Drink Me","Empty Cage"],"picked":"Guardian:ModeShifterPlus"}],"items_purged_floors":[13,13,13,13,13,13,44,44,44],"is_endless":false,"potions_floor_spawned":[4,9,10,12,16,23,26,27,32,33,36,42,43,45,49],"ascension_level":0}}