{"host":"hszimsrtxxc2k25w","time":1614095510,"event":{"mods":["AchievementEnabler","BaseMod","Colored Map","DeckTracker","Minty Spire (QoL Compilation)","Rare Cards Sparkle","SuperFastMode"],"gold_per_floor":[118,138,157,82,62,62,89,106,106,126,142,157,183,203,203,279,279,295,111,125,135,95,95,130,130,130,5,22,34,34,34,34,112,112,122,136,149,149,149,180,190,206,206,206,219,230,263,273,273,273,273],"floor_reached":50,"language":"KOR","playtime":1515,"items_purged":["Strike_R","Strike_R","Strike_R"],"score":1134,"play_id":"165f404e-def9-439a-9dc3-b3572cb94db8","local_time":"20210224005150","is_ascension_mode":true,"campfire_choices":[{"data":"Blood for Blood","floor":6.0,"key":"SMITH"},{"data":"Evolve","floor":15.0,"key":"SMITH"},{"data":"Bludgeon","floor":23.0,"key":"SMITH"},{"data":"Immolate","floor":25.0,"key":"SMITH"},{"data":"Shockwave","floor":32.0,"key":"SMITH"},{"data":"Feel No Pain","floor":44.0,"key":"SMITH"},{"data":"Offering","floor":49.0,"key":"SMITH"}],"circlet_count":0,"master_deck":["AscendersBane","Defend_R","Defend_R","Defend_R","Bash","Shockwave+1","Blood for Blood+1","Feel No Pain+1","Battle Trance","Immolate+1","Evolve+1","Second Wind","Burning Pact","Bludgeon+1","Fire Breathing","Dark Embrace","Body Slam","Corruption","Finesse","Secret Technique","Secret Weapon","Second Wind","Regret","Offering+1","Shockwave","Sentinel+1"],"relics":["Burning Blood","Meat on the Bone","Mummified Hand","Juzu Bracelet","Snecko Eye","Eternal Feather","MealTicket","Cursed Key","Pen Nib","Ancient Tea Set"],"acts_visited":["Exordium","TheCity","TheBeyond"],"potions_floor_usage":[50],"damage_taken":[{"damage":11.0,"enemies":"Jaw Worm","floor":1.0,"turns":4.0},{"damage":8.0,"enemies":"Cultist","floor":2.0,"turns":4.0},{"damage":12.0,"enemies":"2 Louse","floor":3.0,"turns":3.0},{"damage":22.0,"enemies":"3 Sentries","floor":7.0,"turns":10.0},{"damage":6.0,"enemies":"2 Fungi Beasts","floor":8.0,"turns":5.0},{"damage":12.0,"enemies":"Exordium Thugs","floor":10.0,"turns":4.0},{"damage":10.0,"enemies":"3 Louse","floor":11.0,"turns":3.0},{"damage":9.0,"enemies":"Looter","floor":12.0,"turns":3.0},{"damage":2.0,"enemies":"Gremlin Nob","floor":13.0,"turns":3.0},{"damage":8.0,"enemies":"Blue Slaver","floor":14.0,"turns":3.0},{"damage":42.0,"enemies":"The Guardian","floor":16.0,"turns":9.0},{"damage":7.0,"enemies":"Chosen","floor":18.0,"turns":4.0},{"damage":11.0,"enemies":"2 Thieves","floor":20.0,"turns":3.0},{"damage":0.0,"enemies":"Snake Plant","floor":21.0,"turns":2.0},{"damage":9.0,"enemies":"Book of Stabbing","floor":24.0,"turns":2.0},{"damage":0.0,"enemies":"Cultist and Chosen","floor":28.0,"turns":2.0},{"damage":23.0,"enemies":"Shelled Parasite and Fungi","floor":29.0,"turns":2.0},{"damage":54.0,"enemies":"Champ","floor":33.0,"turns":9.0},{"damage":0.0,"enemies":"3 Shapes","floor":35.0,"turns":2.0},{"damage":0.0,"enemies":"Orb Walker","floor":36.0,"turns":2.0},{"damage":0.0,"enemies":"Maw","floor":37.0,"turns":5.0},{"damage":22.0,"enemies":"Giant Head","floor":40.0,"turns":5.0},{"damage":0.0,"enemies":"4 Shapes","floor":41.0,"turns":1.0},{"damage":0.0,"enemies":"Spire Growth","floor":42.0,"turns":2.0},{"damage":41.0,"enemies":"Maw","floor":45.0,"turns":5.0},{"damage":6.0,"enemies":"Jaw Worm Horde","floor":46.0,"turns":2.0},{"damage":11.0,"enemies":"Nemesis","floor":47.0,"turns":3.0},{"damage":6.0,"enemies":"Writhing Mass","floor":48.0,"turns":2.0},{"damage":89,"enemies":"Awakened One","floor":50,"turns":5}],"seed_played":"130171754110411846","potions_obtained":[{"floor":1.0,"key":"Fire Potion"},{"floor":5.0,"key":"BloodPotion"},{"floor":8.0,"key":"DuplicationPotion"},{"floor":16.0,"key":"Energy Potion"},{"floor":18.0,"key":"GamblersBrew"},{"floor":30.0,"key":"Fruit Juice"},{"floor":30.0,"key":"CultistPotion"},{"floor":37.0,"key":"SkillPotion"},{"floor":40.0,"key":"Swift Potion"},{"floor":48.0,"key":"Strength Potion"}],"is_trial":false,"path_per_floor":["M","M","M","$","?","R","E","M","T","M","M","M","E","M","R","B",null,"M","$","M","M","$","R","E","R","T","$","M","M","?","?","R","B",null,"M","M","M","?","?","E","M","M","T","R","M","M","E","M","R","B"],"character_chosen":"IRONCLAD","items_purchased":["Fire Breathing","Dark Embrace"],"campfire_rested":0,"item_purchase_floors":[19,22],"current_hp_per_floor":[45,43,37,37,37,37,21,48,48,54,50,47,51,49,49,25,63,62,62,57,63,63,63,60,69,69,75,75,58,63,63,72,36,69,75,80,80,70,70,54,60,66,66,76,53,53,48,48,63,0,0],"gold":273,"neow_bonus":"REMOVE_TWO","is_daily":false,"chose_seed":false,"campfire_upgraded":7,"win_rate":0.0,"timestamp":1614095510,"path_taken":["M","M","M","$","?","R","E","M","T","M","?","M","E","M","R","BOSS","M","$","M","M","?","R","E","R","T","$","M","M","?","?","R","BOSS","M","M","M","?","?","E","M","M","T","R","M","M","E","M","R","BOSS"],"items_purchased_type":["Card","Card"],"build_version":"2020-12-22","purchased_purges":3,"victory":false,"max_hp_per_floor":[75,75,75,75,75,75,75,75,75,75,75,75,75,75,75,75,75,75,75,75,75,75,75,75,75,75,75,75,75,80,80,80,80,80,80,80,80,80,76,76,76,76,76,76,76,76,76,76,76,76,76],"card_choices":[{"not_picked":["True Grit","Dual Wield"],"picked":"Shockwave","floor":1.0},{"not_picked":["Dual Wield","Flame Barrier"],"picked":"Blood for Blood","floor":2.0},{"not_picked":["Dark Embrace","Rampage"],"picked":"Feel No Pain","floor":3.0},{"not_picked":["Havoc","Headbutt","Thunderclap"],"picked":"SKIP","floor":7.0},{"not_picked":["Thunderclap","Cleave"],"picked":"Battle Trance","floor":8.0},{"not_picked":["Whirlwind","Sever Soul"],"picked":"Immolate","floor":10.0},{"not_picked":["Iron Wave","True Grit"],"picked":"Evolve","floor":11.0},{"not_picked":["Carnage","True Grit"],"picked":"Second Wind","floor":12.0},{"not_picked":["Flame Barrier","Rampage"],"picked":"Burning Pact","floor":13.0},{"not_picked":["Sword Boomerang","Perfected Strike","Battle Trance"],"picked":"SKIP","floor":14.0},{"not_picked":["Immolate","Limit Break"],"picked":"Bludgeon","floor":16.0},{"not_picked":["Thunderclap","Sword Boomerang","Blood for Blood+1"],"picked":"SKIP","floor":18.0},{"not_picked":["Clash","Heavy Blade","Havoc"],"picked":"SKIP","floor":20.0},{"not_picked":["Anger","Thunderclap+1","Armaments"],"picked":"SKIP","floor":21.0},{"not_picked":["Perfected Strike","Sword Boomerang","Disarm+1"],"picked":"SKIP","floor":24.0},{"not_picked":["Perfected Strike","Sword Boomerang","Disarm+1"],"picked":"SKIP","floor":24.0},{"not_picked":["Perfected Strike","Sword Boomerang","Disarm+1"],"picked":"SKIP","floor":24.0},{"not_picked":["Clothesline","Havoc"],"picked":"Body Slam","floor":28.0},{"not_picked":["Body Slam","Cleave","True Grit+1"],"picked":"SKIP","floor":29.0},{"not_picked":["Demon Form","Feed"],"picked":"Corruption","floor":33.0},{"not_picked":["Flex","Warcry","Sword Boomerang"],"picked":"SKIP","floor":35.0},{"not_picked":["Headbutt","Clash","Dark Embrace"],"picked":"SKIP","floor":36.0},{"not_picked":["Flex","Headbutt+1","Dropkick"],"picked":"SKIP","floor":37.0},{"not_picked":["Swift Strike","Trip"],"picked":"Finesse","floor":38.0},{"not_picked":["Good Instincts","Panacea"],"picked":"Secret Technique","floor":38.0},{"not_picked":["HandOfGreed","Panache"],"picked":"Secret Weapon","floor":38.0},{"not_picked":["Iron Wave","Thunderclap"],"picked":"Second Wind","floor":40.0},{"not_picked":["Havoc","Sword Boomerang","Body Slam"],"picked":"SKIP","floor":41.0},{"not_picked":["Rage","Clothesline+1","Warcry"],"picked":"SKIP","floor":42.0},{"not_picked":["Sword Boomerang","Dark Embrace"],"picked":"Offering","floor":45.0},{"not_picked":["Iron Wave","Flex+1","Armaments"],"picked":"SKIP","floor":46.0},{"not_picked":["Body Slam+1","Carnage"],"picked":"Shockwave","floor":47.0},{"not_picked":["Clothesline+1","Shockwave"],"picked":"Sentinel+1","floor":48.0}],"player_experience":696730,"relics_obtained":[{"floor":7.0,"key":"Meat on the Bone"},{"floor":9.0,"key":"Mummified Hand"},{"floor":13.0,"key":"Juzu Bracelet"},{"floor":24.0,"key":"Eternal Feather"},{"floor":26.0,"key":"MealTicket"},{"floor":40.0,"key":"Pen Nib"},{"floor":47.0,"key":"Ancient Tea Set"}],"event_choices":[{"damage_healed":0.0,"max_hp_gain":0.0,"max_hp_loss":0.0,"gold_gain":0.0,"event_name":"The Woman in Blue","player_choice":"Bought 1 Potion","floor":5.0,"gold_loss":0.0,"damage_taken":0.0},{"damage_healed":0.0,"max_hp_gain":0.0,"max_hp_loss":0.0,"gold_gain":0.0,"event_name":"Lab","player_choice":"Got Potions","floor":30.0,"gold_loss":0.0,"damage_taken":0.0},{"cards_removed":["Defend_R"],"damage_healed":0.0,"max_hp_gain":0.0,"max_hp_loss":0.0,"gold_gain":0.0,"event_name":"Back to Basics","player_choice":"Elegance","floor":31.0,"gold_loss":0.0,"damage_taken":0.0},{"damage_healed":0.0,"max_hp_gain":0.0,"max_hp_loss":0.0,"gold_gain":0.0,"event_name":"SensoryStone","player_choice":"Memory 3","floor":38.0,"gold_loss":0.0,"damage_taken":10.0},{"damage_healed":0.0,"max_hp_gain":0.0,"max_hp_loss":4.0,"gold_gain":0.0,"event_name":"Winding Halls","player_choice":"Max HP","floor":39.0,"gold_loss":0.0,"damage_taken":0.0}],"is_beta":false,"boss_relics":[{"not_picked":["Velvet Choker","SacredBark"],"picked":"Snecko Eye"},{"not_picked":["Astrolabe","Coffee Dripper"],"picked":"Cursed Key"}],"items_purged_floors":[4,19,27],"is_endless":false,"potions_floor_spawned":[1,8,10,16,18,21,33,36,37,40,42,48],"killed_by":"Awakened One","ascension_level":20}}