{"host":"qfmqsclrfy207o1q","time":1614049302,"event":{"mods":["2.2 Compatiblity","AchievementEnabler","BaseMod","BetterRewards","Colored Map","Colored Powertips","Curses Come First","Dark Map","Downfall","Infinite Spire","Minty Spire (QoL Compilation)","Quick Restart","Rare Cards Sparkle","Relic Stats","Shop Mod","StSLib"],"gold_per_floor":[115,77,89,89,107,136,154,154,154,154,485,497,497,497,497,599,599,611,711,722,427,447,447,458,476,554,567,581,607,8,24,24,119,169,187,187,22,72,72,105,105,117,117,130,178,190,202,226,238,250,250],"floor_reached":50,"language":"ENG","playtime":2457,"items_purged":[],"score":584,"play_id":"232859a1-53fc-4606-8c33-41e7f373d31e","local_time":"20210222200142","is_ascension_mode":false,"campfire_choices":[{"floor":8,"key":"REST"},{"data":"Fire Breathing","floor":10,"key":"SMITH"},{"data":"Shrug It Off","floor":13,"key":"SMITH"},{"data":"Bash","floor":15,"key":"SMITH"},{"floor":23,"key":"REST"},{"floor":32,"key":"REST"},{"floor":41,"key":"REST"},{"floor":46,"key":"REST"},{"floor":49,"key":"REST"}],"circlet_count":0,"master_deck":["Strike_R","Strike_R","Strike_R","Strike_R","Defend_R","Defend_R","Defend_R","Defend_R","Bash+1","Fire Breathing+1","Intimidate","Headbutt+1","Anger","Flex","Shrug It Off+1","Intimidate","Juggernaut","Pummel+1","Ghostly Armor","infinitespire:OneForAll","Inflame","Shrug It Off","Pommel Strike","Uppercut","Flex","Inflame","Double Tap","Spot Weakness","Iron Wave","Cleave","Limit Break","Reaper","Flame Barrier+1","Feed","Disarm","Cleave+1","Sadistic Nature","Armaments","Trip","Rage","Armaments","infinitespire:UltimateForm","Metallicize+1","Burning Pact+1","Pummel+1","Heavy Blade+1","Spot Weakness","Shrug It Off+1","Writhe","Reckless Charge"],"relics":["Burning Blood","NeowsBlessing","Ice Cream","Ginger","Mark of Pain","infinitespire:BottledMercury","Tiny Chest","MerchantsRug","Juzu Bracelet","Unceasing Top","infinitespire:PuzzleCube","Astrolabe","Champion Belt","Boot","MawBank"],"acts_visited":["Exordium","TheCity","TheBeyond"],"potions_floor_usage":[6,6,11,11,22,24,31,31,35,50],"damage_taken":[{"damage":0,"enemies":"2 Louse","floor":1,"turns":1},{"damage":0,"enemies":"Cultist","floor":3,"turns":1},{"damage":0,"enemies":"infinitespire:Voidling","floor":5,"turns":1},{"damage":25,"enemies":"Gremlin Nob","floor":6,"turns":5},{"damage":4,"enemies":"Blue Slaver","floor":7,"turns":4},{"damage":12,"enemies":"3 Sentries","floor":11,"turns":5},{"damage":1,"enemies":"Red Slaver","floor":12,"turns":3},{"damage":60,"enemies":"Hexaghost","floor":16,"turns":9},{"damage":10,"enemies":"Chosen","floor":18,"turns":5},{"damage":23,"enemies":"Shell Parasite","floor":20,"turns":6},{"damage":9,"enemies":"Chosen and Byrds","floor":22,"turns":6},{"damage":22,"enemies":"Shelled Parasite and Fungi","floor":24,"turns":5},{"damage":20,"enemies":"Centurion and Healer","floor":25,"turns":5},{"damage":21,"enemies":"Snake Plant","floor":27,"turns":4},{"damage":14,"enemies":"Chosen and Byrds","floor":28,"turns":6},{"damage":7,"enemies":"Cultist and Chosen","floor":31,"turns":4},{"damage":61,"enemies":"Automaton","floor":33,"turns":8},{"damage":21,"enemies":"3 Shapes","floor":35,"turns":11},{"damage":26,"enemies":"Mind Bloom Boss Battle","floor":38,"turns":8},{"damage":41,"enemies":"Nemesis","floor":40,"turns":9},{"damage":46,"enemies":"3 Darklings","floor":42,"turns":5},{"damage":27,"enemies":"Maw","floor":44,"turns":8},{"damage":70,"enemies":"Transient","floor":48,"turns":5},{"damage":68,"enemies":"Donu and Deca","floor":50,"turns":4}],"seed_played":"-2738432574746139076","potions_obtained":[{"floor":3,"key":"EssenceOfSteel"},{"floor":5,"key":"ColorlessPotion"},{"floor":6,"key":"EssenceOfSteel"},{"floor":7,"key":"ColorlessPotion"},{"floor":16,"key":"Block Potion"},{"floor":18,"key":"Block Potion"},{"floor":25,"key":"Weak Potion"},{"floor":31,"key":"hexamod:SoulburnPotion"},{"floor":34,"key":"FearPotion"},{"floor":40,"key":"bronze:BurnAndBuffPotion"}],"is_trial":false,"path_per_floor":["M","$","M","?","M","E","M","R","T","R","E","M","R","?","R","B",null,"M","?","M","$","M","R","M","M","T","M","M","T","$","M","R","B",null,"M","?","$","?","AVR","E","R","M","T","M","T","R","?","M","R","B"],"character_chosen":"IRONCLAD","items_purchased":["Intimidate","infinitespire:OneForAll","Inflame","Orrery","Limit Break","MerchantsRug","Juzu Bracelet","Reaper","Fruit Juice","Armaments","Trip","Rage"],"campfire_rested":6,"item_purchase_floors":[2,21,21,21,30,30,30,30,30,37,37,37],"current_hp_per_floor":[80,80,80,80,80,61,63,80,80,80,74,79,79,84,84,30,85,81,81,64,64,61,85,69,55,55,40,32,32,32,36,63,26,95,95,95,95,75,75,41,70,30,30,20,20,49,74,10,39,0,0],"gold":250,"neow_bonus":"THREE_ENEMY_KILL","is_daily":false,"chose_seed":false,"campfire_upgraded":3,"win_rate":0.0,"timestamp":1614049302,"path_taken":["M","$","M","?","M","E","?","R","T","R","E","?","R","?","R","BOSS","M","?","?","?","M","R","M","M","T","M","M","?","?","M","R","BOSS","M","?","$","?","AVR","E","R","M","T","M","?","R","?","M","R","BOSS"],"items_purchased_type":["Card","Card","Card","Relic","Card","Relic","Relic","Card","Potion","Card","Card","Card"],"build_version":"2020-12-22","purchased_purges":0,"victory":false,"max_hp_per_floor":[80,80,80,80,80,80,80,80,80,80,80,80,80,85,85,85,85,85,85,85,85,85,85,85,85,85,85,85,85,85,90,90,90,95,98,98,98,98,98,98,98,98,98,98,98,98,98,98,98,98,98],"relic_stats":{"counters":[24,128],"Astrolabe":["Metallicize","Burning Pact","Pummel"],"Tiny Chest":1,"Juzu Bracelet":1,"Ginger":[7],"Champion Belt":[5],"Boot":[41],"MawBank":60,"obtain_stats":[{"Ice Cream":6,"infinitespire:BottledMercury":26,"MerchantsRug":30,"Tiny House":34,"NeowsBlessing":0,"Astrolabe":39,"Juzu Bracelet":30,"Ginger":9,"Boot":43,"MawBank":45,"Burning Blood":0,"Old Coin":11,"Orrery":21,"Tiny Chest":29,"Mark of Pain":17,"Champion Belt":40,"Unceasing Top":38,"infinitespire:PuzzleCube":39},{"Ice Cream":4,"infinitespire:BottledMercury":13,"MerchantsRug":15,"Tiny House":17,"NeowsBlessing":0,"Astrolabe":19,"Juzu Bracelet":15,"Ginger":5,"Boot":21,"MawBank":22,"Burning Blood":0,"Old Coin":6,"Orrery":10,"Tiny Chest":15,"Mark of Pain":8,"Champion Belt":20,"Unceasing Top":19,"infinitespire:PuzzleCube":19},{"Ice Cream":8,"infinitespire:BottledMercury":56,"MerchantsRug":66,"Tiny House":78,"NeowsBlessing":0,"Astrolabe":97,"Juzu Bracelet":66,"Ginger":12,"Boot":111,"MawBank":119,"Burning Blood":0,"Old Coin":17,"Orrery":40,"Tiny Chest":66,"Mark of Pain":29,"Champion Belt":106,"Unceasing Top":97,"infinitespire:PuzzleCube":97}],"Burning Blood":120,"Unceasing Top":[8]},"card_choices":[{"not_picked":["Sword Boomerang","Rage"],"picked":"Fire Breathing","floor":1},{"not_picked":["Sever Soul","Headbutt"],"picked":"Sword Boomerang","floor":3},{"not_picked":["Heavy Blade","Body Slam"],"picked":"Headbutt","floor":5},{"not_picked":["Corruption","Heavy Blade"],"picked":"Anger","floor":6},{"not_picked":["Clothesline","Flame Barrier"],"picked":"Flex","floor":7},{"not_picked":["Body Slam","Clothesline"],"picked":"Shrug It Off","floor":11},{"not_picked":["Twin Strike","Fire Breathing"],"picked":"Intimidate","floor":12},{"not_picked":["Double Tap","Offering"],"picked":"Juggernaut","floor":16},{"not_picked":["Perfected Strike","Cleave"],"picked":"Pummel+1","floor":18},{"not_picked":["Thunderclap+1","True Grit+1"],"picked":"Ghostly Armor","floor":20},{"not_picked":["Sword Boomerang","Corruption"],"picked":"Shrug It Off","floor":21},{"not_picked":["Shrug It Off","Body Slam"],"picked":"Pommel Strike","floor":21},{"not_picked":["Dual Wield","Searing Blow"],"picked":"Uppercut","floor":21},{"not_picked":["Heavy Blade","Fire Breathing"],"picked":"Flex","floor":21},{"not_picked":["Hemokinesis","Cleave+1"],"picked":"Inflame","floor":21},{"not_picked":["Burning Pact","Sword Boomerang"],"picked":"Pommel Strike","floor":22},{"not_picked":["Shrug It Off+1","True Grit+1"],"picked":"Double Tap","floor":24},{"not_picked":["Hemokinesis","Clash+1"],"picked":"Spot Weakness","floor":25},{"not_picked":["Clash","Twin Strike"],"picked":"Iron Wave","floor":27},{"not_picked":["Pommel Strike","Twin Strike"],"picked":"Cleave","floor":28},{"not_picked":["Headbutt","Flex"],"picked":"Flame Barrier+1","floor":31},{"not_picked":["Brutality","Fiend Fire"],"picked":"Feed","floor":33},{"not_picked":["Sever Soul","Sword Boomerang"],"picked":"Disarm","floor":34},{"not_picked":["Thunderclap","Flex"],"picked":"Cleave+1","floor":35},{"not_picked":["Bandage Up","Dark Shackles"],"picked":"Sadistic Nature","floor":36},{"not_picked":["Headbutt+1","Battle Trance"],"picked":"Armaments","floor":38},{"not_picked":["Cleave+1","True Grit+1"],"picked":"Heavy Blade+1","floor":40},{"not_picked":["Shrug It Off","Shockwave+1"],"picked":"Spot Weakness","floor":42},{"not_picked":["Iron Wave+1","Warcry"],"picked":"Shrug It Off+1","floor":44},{"not_picked":["Clothesline+1","Reaper"],"picked":"Reckless Charge","floor":48}],"player_experience":32183,"relics_obtained":[{"floor":6,"key":"Ice Cream"},{"floor":9,"key":"Ginger"},{"floor":11,"key":"Old Coin"},{"floor":26,"key":"infinitespire:BottledMercury"},{"floor":29,"key":"Tiny Chest"},{"floor":38,"key":"Unceasing Top"},{"floor":40,"key":"Champion Belt"},{"floor":43,"key":"Boot"},{"floor":45,"key":"MawBank"}],"event_choices":[{"damage_healed":0,"gold_gain":0,"player_choice":"Ignored","damage_taken":0,"max_hp_gain":0,"max_hp_loss":0,"event_name":"Purifier","floor":4,"gold_loss":0},{"damage_healed":0,"gold_gain":0,"player_choice":"Donut","damage_taken":0,"max_hp_gain":5,"max_hp_loss":0,"event_name":"Big Fish","floor":14,"gold_loss":0},{"damage_healed":0,"gold_gain":100,"player_choice":"Pray","damage_taken":0,"max_hp_gain":0,"max_hp_loss":0,"event_name":"Golden Shrine","floor":19,"gold_loss":0},{"damage_healed":0,"gold_gain":0,"player_choice":"Memory 1","damage_taken":0,"max_hp_gain":0,"max_hp_loss":0,"event_name":"SensoryStone","floor":36,"gold_loss":0},{"damage_healed":0,"gold_gain":0,"player_choice":"Fight","damage_taken":0,"max_hp_gain":0,"max_hp_loss":0,"event_name":"MindBloom","floor":38,"gold_loss":0},{"damage_healed":25,"gold_gain":0,"player_choice":"Writhe","damage_taken":0,"max_hp_gain":0,"max_hp_loss":0,"event_name":"Winding Halls","floor":47,"gold_loss":0,"cards_obtained":["Writhe"]}],"is_beta":false,"boss_relics":[{"not_picked":["Empty Cage","Coffee Dripper"],"picked":"Mark of Pain"},{"not_picked":["Snecko Eye","Runic Cube"],"picked":"Tiny House"}],"items_purged_floors":[],"is_endless":false,"potions_floor_spawned":[3,5,6,7,16,18,25,31,40],"killed_by":"Donu and Deca","ascension_level":0}}