{"host":"wugyjexek1po53fc","time":1614069400,"event":{"mods":["Act Like it!","BaseMod","Challenge The Spire","Colored Powertips","Downfall","Gensokyo","Good Game Mod","Infinite Spire","Lobotomy","LobotomyExtend","Minty Spire (QoL Compilation)","Quick Restart","Replay The Spire","Spicy Shops","StSLib","SuperFastMode","The Administrix","The Animator","The Construct","The Marked","Yakumo Yukari mod"],"gold_per_floor":[110,125,91,91,43,43,55,55,55,75,92,105,54,72,72,72,72],"floor_reached":16,"language":"ZHS","playtime":1503,"items_purged":[],"score":94,"play_id":"3e10f8bf-3f4d-428f-8374-fac3d465ffdb","local_time":"20210223163640","is_ascension_mode":false,"campfire_choices":[{"data":"Distraction","floor":6,"key":"SMITH"},{"data":"Backstab","floor":15,"key":"SMITH"}],"circlet_count":0,"master_deck":["Strike_G","Strike_G","Strike_G","Strike_G","Strike_G","Defend_G","Defend_G","Defend_G","Defend_G","Defend_G","Survivor","Neutralize","Blade Dance","FairyFestival","PiercingWail","Distraction+1","Underhanded Strike","Flying Knee","Bloodbath","Prepared","Rudolta","Blade Dance","PiercingWail","Funeral","ReplayTheSpireMod:Scrap Shanks"],"relics":["Ring of the Snake","REME:ComplimentaryCards","CogitoBucket","LetterFromLob","infinitespire:FocusingShard","Torii","FleshIdol"],"acts_visited":["Exordium"],"potions_floor_usage":[12,16],"damage_taken":[{"damage":2,"enemies":"Cultist","floor":1,"turns":5},{"damage":3,"enemies":"Jaw Worm","floor":2,"turns":4},{"damage":0,"enemies":"2 Louse","floor":7,"turns":2},{"damage":8,"enemies":"Exordium Thugs","floor":10,"turns":5},{"damage":0,"enemies":"2 Fungi Beasts","floor":11,"turns":3},{"damage":14,"enemies":"Lots of Slimes","floor":12,"turns":5},{"damage":1,"enemies":"Looter","floor":14,"turns":3},{"damage":64,"enemies":"Slime Boss","floor":16,"turns":5}],"seed_played":"-141616278756811464","potions_obtained":[{"floor":1,"key":"Poison Potion"},{"floor":7,"key":"LifebloodPotion"},{"floor":11,"key":"Dexterity Potion"},{"floor":14,"key":"Elixir"}],"is_trial":false,"path_per_floor":["M","M","$","?","$","R","M","?","T","M","M","M","$","M","R","B"],"character_chosen":"THE_SILENT","items_purchased":["Distraction","Underhanded Strike","PiercingWail"],"campfire_rested":0,"item_purchase_floors":[3,5,13],"current_hp_per_floor":[68,70,70,67,67,67,67,67,67,64,65,55,55,57,57,0,0],"gold":72,"neow_bonus":"","is_daily":false,"chose_seed":false,"campfire_upgraded":2,"win_rate":0.0,"timestamp":1614069400,"path_taken":["M","?","$","?","$","R","M","?","T","M","M","M","$","M","R","BOSS"],"items_purchased_type":["Card","Card","Card"],"build_version":"2020-12-22","purchased_purges":0,"victory":false,"max_hp_per_floor":[70,70,70,70,70,70,70,70,70,70,70,70,70,70,70,70,70],"card_choices":[{"not_picked":["Hidden Blade","Flying Knee"],"picked":"Blade Dance","floor":1},{"not_picked":["VoidDream","Murderer"],"picked":"FairyFestival","floor":1},{"not_picked":["Burst","Caltrops"],"picked":"PiercingWail","floor":2},{"not_picked":["PiercingWail","Dagger Throw"],"picked":"Flying Knee","floor":7},{"not_picked":["Rudolta","MHz"],"picked":"Bloodbath","floor":10},{"not_picked":["Flechettes","Calculated Gamble"],"picked":"Prepared","floor":10},{"not_picked":["Toxin Wave","Hidden Blade"],"picked":"Backstab","floor":11},{"not_picked":["SpiderBud","PunishingBird"],"picked":"Rudolta","floor":12},{"not_picked":["Prepared","Dagger Spray"],"picked":"Blade Dance","floor":12},{"not_picked":["BigBadWolf","UniverseFragment"],"picked":"Funeral","floor":14},{"not_picked":["Replay:Bag of Tricks","Slice"],"picked":"ReplayTheSpireMod:Scrap Shanks","floor":14}],"player_experience":63556,"relics_obtained":[{"floor":1,"key":"LetterFromLob"},{"floor":9,"key":"Torii"}],"event_choices":[{"damage_healed":0,"gold_gain":0,"player_choice":"Success","damage_taken":3,"relics_obtained":["infinitespire:FocusingShard"],"max_hp_gain":0,"max_hp_loss":0,"event_name":"Scrap Ooze","floor":4,"gold_loss":0},{"damage_healed":0,"gold_gain":0,"player_choice":"Bought 0 Potions","damage_taken":0,"max_hp_gain":0,"max_hp_loss":0,"event_name":"The Woman in Blue","floor":8,"gold_loss":0}],"is_beta":false,"boss_relics":[],"items_purged_floors":[],"is_endless":false,"potions_floor_spawned":[1,7,11,14],"killed_by":"Slime Boss","ascension_level":0}}