{"host":"ilhhjx796p2x2wmd","time":1614060183,"event":{"mods":["AchievementEnabler","BaseMod","BetterRewards","Colored Map","Colored Powertips","DeckTracker","Highlight Path","Minty Spire (QoL Compilation)","Permanent Neow","Rare Cards Sparkle","Shop Mod"],"gold_per_floor":[110,127,139,139,139,139,168,168,219,235,245,257,257,13,13,114,114,124,24,24,37,55,55,65,65,88,105,139,70,70,70,70,70,70],"floor_reached":33,"language":"KOR","playtime":724,"items_purged":["Defend_R","Defend_R"],"score":414,"play_id":"6f332d5e-a918-489f-8ab6-b85109f672d5","local_time":"20210223150303","is_ascension_mode":true,"campfire_choices":[{"data":"Perfected Strike","floor":6,"key":"SMITH"},{"data":"Heavy Blade","floor":8,"key":"SMITH"},{"data":"Bash","floor":13,"key":"SMITH"},{"floor":15,"key":"REST"},{"data":"Sword Boomerang","floor":23,"key":"SMITH"},{"floor":25,"key":"REST"},{"floor":32,"key":"REST"}],"circlet_count":0,"master_deck":["AscendersBane","Strike_R","Strike_R","Strike_R","Strike_R","Strike_R","Defend_R","Bash+1","CurseOfTheBell","Battle Trance","Sword Boomerang+1","Perfected Strike+1","Heavy Blade+1","Feel No Pain","Shrug It Off+1","True Grit+1","Flex+1","Perfected Strike+1","Limit Break+1","Twin Strike","Sword Boomerang","Twin Strike+1","Shrug It Off+1","Shockwave+1"],"relics":["Calling Bell","Vajra","Meat on the Bone","Ice Cream","PreservedInsect","Toxic Egg 2","Ancient Tea Set","DollysMirror","Philosopher\u0027s Stone","Art of War","Bottled Flame","Enchiridion"],"acts_visited":["Exordium","TheCity"],"potions_floor_usage":[10,12,16,21],"damage_taken":[{"damage":0,"enemies":"Small Slimes","floor":1,"turns":3},{"damage":10,"enemies":"2 Louse","floor":2,"turns":3},{"damage":4,"enemies":"Jaw Worm","floor":3,"turns":3},{"damage":35,"enemies":"Lagavulin","floor":7,"turns":4},{"damage":16,"enemies":"2 Fungi Beasts","floor":10,"turns":3},{"damage":11,"enemies":"Looter","floor":11,"turns":2},{"damage":19,"enemies":"Lots of Slimes","floor":12,"turns":3},{"damage":12,"enemies":"Slime Boss","floor":16,"turns":4},{"damage":33,"enemies":"3 Byrds","floor":18,"turns":5},{"damage":0,"enemies":"Shell Parasite","floor":21,"turns":1},{"damage":29,"enemies":"Shelled Parasite and Fungi","floor":22,"turns":3},{"damage":24,"enemies":"Snake Plant","floor":24,"turns":3},{"damage":14,"enemies":"Chosen and Byrds","floor":27,"turns":3},{"damage":51,"enemies":"Slavers","floor":28,"turns":3},{"damage":119,"enemies":"Automaton","floor":33,"turns":6}],"seed_played":"3162454197559268293","potions_obtained":[{"floor":7,"key":"BloodPotion"},{"floor":10,"key":"PowerPotion"},{"floor":12,"key":"Fire Potion"},{"floor":16,"key":"LiquidMemories"},{"floor":22,"key":"FairyPotion"},{"floor":24,"key":"ElixirPotion"},{"floor":28,"key":"Swift Potion"}],"is_trial":false,"path_per_floor":["M","M","M","?","?","R","E","R","T","M","M","M","R","$","R","B",null,"M","$","?","M","M","R","M","R","T","M","E","$","?","?","R","B"],"character_chosen":"IRONCLAD","items_purchased":["Flex+1","DollysMirror","Shockwave+1"],"campfire_rested":3,"item_purchase_floors":[14,14,29],"current_hp_per_floor":[72,62,58,51,39,39,16,16,16,28,29,22,22,22,46,46,72,51,51,51,51,34,34,22,46,46,44,36,36,20,46,70,0,0],"gold":70,"neow_bonus":"BOSS_RELIC","is_daily":false,"chose_seed":false,"campfire_upgraded":4,"win_rate":0.0,"timestamp":1614060183,"path_taken":["M","M","M","?","?","R","E","R","T","M","M","M","R","$","R","BOSS","M","$","?","M","M","R","M","R","T","M","E","$","?","?","R","BOSS"],"items_purchased_type":["Card","Relic","Card"],"build_version":"2020-12-22","purchased_purges":2,"victory":false,"max_hp_per_floor":[80,80,80,80,80,80,80,80,80,80,80,80,80,80,80,80,80,80,80,80,80,80,80,80,80,80,80,80,80,80,80,80,80,80],"card_choices":[{"not_picked":["Hemokinesis","Rupture"],"picked":"Battle Trance","floor":1},{"not_picked":["Dropkick","Thunderclap"],"picked":"Sword Boomerang","floor":2},{"not_picked":["True Grit","Clothesline"],"picked":"Perfected Strike","floor":3},{"not_picked":["Impervious+1","Combust"],"picked":"Heavy Blade","floor":7},{"not_picked":["Rage+1","Twin Strike"],"picked":"Feel No Pain","floor":10},{"not_picked":["Body Slam","Warcry+1"],"picked":"Shrug It Off+1","floor":11},{"not_picked":["Headbutt","Battle Trance+1"],"picked":"True Grit+1","floor":12},{"not_picked":["Berserk","Exhume+1"],"picked":"Limit Break+1","floor":16},{"not_picked":["Body Slam+1","Headbutt"],"picked":"Twin Strike","floor":18},{"not_picked":["Entrench+1","Rupture"],"picked":"Sword Boomerang","floor":21},{"not_picked":["Seeing Red+1","Disarm+1"],"picked":"Twin Strike+1","floor":22},{"not_picked":["Clothesline","Heavy Blade","Flame Barrier+1"],"picked":"SKIP","floor":24},{"not_picked":["Rage+1","Heavy Blade","True Grit+1"],"picked":"SKIP","floor":27},{"not_picked":["Brutality","Heavy Blade+1"],"picked":"Shrug It Off+1","floor":28}],"player_experience":358334,"relics_obtained":[{"floor":0,"key":"Vajra"},{"floor":0,"key":"Meat on the Bone"},{"floor":0,"key":"Ice Cream"},{"floor":7,"key":"Toxic Egg 2"},{"floor":9,"key":"Ancient Tea Set"},{"floor":26,"key":"Art of War"},{"floor":28,"key":"Bottled Flame"},{"floor":30,"key":"Enchiridion"}],"event_choices":[{"cards_removed":["Defend_R"],"damage_healed":0,"gold_gain":0,"player_choice":"Card Removal","damage_taken":7,"max_hp_gain":0,"max_hp_loss":0,"event_name":"Golden Wing","floor":4,"gold_loss":0},{"damage_healed":0,"gold_gain":0,"player_choice":"Success","damage_taken":12,"relics_obtained":["PreservedInsect"],"max_hp_gain":0,"max_hp_loss":0,"event_name":"Scrap Ooze","floor":5,"gold_loss":0},{"damage_healed":0,"gold_gain":0,"player_choice":"Ignored","damage_taken":0,"max_hp_gain":0,"max_hp_loss":0,"event_name":"Vampires","floor":20,"gold_loss":0},{"damage_healed":0,"gold_gain":0,"player_choice":"Obtained Book","damage_taken":16,"max_hp_gain":0,"max_hp_loss":0,"event_name":"Cursed Tome","floor":30,"gold_loss":0},{"damage_healed":26,"gold_gain":0,"player_choice":"Heal","damage_taken":0,"max_hp_gain":0,"max_hp_loss":0,"event_name":"The Library","floor":31,"gold_loss":0}],"is_beta":false,"boss_relics":[{"not_picked":["Coffee Dripper","Runic Dome"],"picked":"Philosopher\u0027s Stone"}],"items_purged_floors":[14,19],"is_endless":false,"potions_floor_spawned":[7,10,12,16,22,24,28],"killed_by":"Automaton","ascension_level":11}}