{"host":"vx488ommchhibo3k","time":1614052541,"event":{"mods":["BaseMod","BetterRewards","Colored Map","Colored Powertips","Highlight Path","Minty Spire (QoL Compilation)","Quick Restart","Rare Cards Sparkle","Shop Mod","StSLib","SuperFastMode"],"gold_per_floor":[115,290,290,306,318,318,73,84,109,124,142,161,161,192,192,287,287,306,231,231,244,159,159,185,185,209,244,269,269,289,302,302,398,398,417,417,428,442,458,458,458,458,458,458,477,496,596,606,606,606,606,606,34,59,59],"floor_reached":56,"language":"JPN","playtime":3554,"items_purged":["Strike_B"],"score":1266,"play_id":"784cb822-72ea-4b1a-8866-9eef6e09d769","local_time":"20210223125541","is_ascension_mode":false,"campfire_choices":[{"data":"Zap","floor":6,"key":"SMITH"},{"data":"Dualcast","floor":13,"key":"SMITH"},{"floor":15,"key":"RECALL"},{"data":"Machine Learning","floor":23,"key":"SMITH"},{"data":"Go for the Eyes","floor":25,"key":"SMITH"},{"data":"Hello World","floor":29,"key":"SMITH"},{"data":"Self Repair","floor":32,"key":"SMITH"},{"data":"Beam Cell","floor":40,"key":"SMITH"},{"data":"Electrodynamics","floor":42,"key":"SMITH"},{"data":"Barrage","floor":44,"key":"SMITH"},{"data":"Ball Lightning","floor":49,"key":"SMITH"},{"data":"Ball Lightning","floor":52,"key":"SMITH"}],"circlet_count":0,"master_deck":["Strike_B","Strike_B","Defend_B+1","Defend_B+1","Defend_B","Defend_B","Zap+1","Dualcast+1","Redo+1","Ball Lightning+1","Go for the Eyes+1","Hello World+1","Doubt","Ball Lightning+1","Genetic Algorithm+1","Leap+1","Aggregate+1","Self Repair+1","Rip and Tear","Leap+1","Barrage+1","Coolheaded+1","Force Field+1","Skim+1","Machine Learning+1","CurseOfTheBell","Glacier+1","Conserve Battery+1","Redo+1","White Noise+1","BootSequence+1","Coolheaded+1","Electrodynamics+1","Go for the Eyes+1","Madness+1","Madness+1","Chaos+1","Beam Cell+1","Force Field+1","Parasite","Melter","Loop","Beam Cell+1"],"relics":["Cracked Core","Unceasing Top","Toxic Egg 2","Bronze Scales","PreservedInsect","Potion Belt","Bag of Marbles","Darkstone Periapt","Ice Cream","Letter Opener","Vajra","Inserter","Bottled Lightning","MerchantsRug","Centennial Puzzle","Sling","Blood Vial"],"acts_visited":["Exordium","TheCity","TheBeyond","TheEnding"],"potions_floor_usage":[4,24,24,24,24,48,54,55,55,55],"damage_taken":[{"damage":2,"enemies":"Small Slimes","floor":1,"turns":2},{"damage":11,"enemies":"Jaw Worm","floor":4,"turns":2},{"damage":0,"enemies":"Cultist","floor":5,"turns":3},{"damage":8,"enemies":"3 Louse","floor":8,"turns":2},{"damage":6,"enemies":"Blue Slaver","floor":10,"turns":3},{"damage":10,"enemies":"Looter","floor":11,"turns":2},{"damage":2,"enemies":"Large Slime","floor":12,"turns":4},{"damage":17,"enemies":"Lagavulin","floor":14,"turns":7},{"damage":31,"enemies":"The Guardian","floor":16,"turns":10},{"damage":11,"enemies":"Shell Parasite","floor":18,"turns":5},{"damage":0,"enemies":"Chosen","floor":21,"turns":4},{"damage":24,"enemies":"Slavers","floor":24,"turns":5},{"damage":2,"enemies":"Book of Stabbing","floor":27,"turns":5},{"damage":0,"enemies":"3 Cultists","floor":30,"turns":5},{"damage":8,"enemies":"Snake Plant","floor":31,"turns":4},{"damage":5,"enemies":"Champ","floor":33,"turns":12},{"damage":0,"enemies":"Orb Walker","floor":35,"turns":4},{"damage":9,"enemies":"3 Shapes","floor":37,"turns":4},{"damage":10,"enemies":"Spire Growth","floor":38,"turns":5},{"damage":0,"enemies":"Transient","floor":39,"turns":5},{"damage":0,"enemies":"4 Shapes","floor":45,"turns":3},{"damage":0,"enemies":"Jaw Worm Horde","floor":46,"turns":2},{"damage":8,"enemies":"Writhing Mass","floor":48,"turns":5},{"damage":56,"enemies":"Awakened One","floor":50,"turns":13},{"damage":0,"enemies":"Shield and Spear","floor":54,"turns":4},{"damage":65,"enemies":"The Heart","floor":55,"turns":8}],"seed_played":"1492908668683510517","potions_obtained":[{"floor":3,"key":"Ancient Potion"},{"floor":3,"key":"Explosive Potion"},{"floor":3,"key":"Swift Potion"},{"floor":12,"key":"Swift Potion"},{"floor":14,"key":"FearPotion"},{"floor":18,"key":"Dexterity Potion"},{"floor":30,"key":"ColorlessPotion"},{"floor":35,"key":"FocusPotion"},{"floor":37,"key":"FocusPotion"},{"floor":54,"key":"PotionOfCapacity"}],"is_trial":false,"path_per_floor":["M","?","?","M","M","R","$","M","T","M","M","M","R","E","R","B",null,"M","?","?","M","?","R","E","R","T","E","T","R","M","M","R","B",null,"M","?","M","M","M","R","?","R","T","R","M","M","?","M","R","B",null,"R","$","E","B",null],"character_chosen":"DEFECT","items_purchased":["Toxic Egg 2","Bronze Scales","Lee\u0027s Waffle","Redo+1","Ball Lightning","Go for the Eyes","Leap+1","Aggregate+1","Self Repair","Rip and Tear","MerchantsRug","Centennial Puzzle","Melter","Loop","Sling","SkillPotion"],"campfire_rested":0,"item_purchase_floors":[0,0,0,0,0,0,7,7,7,7,53,53,53,53,53,53],"current_hp_per_floor":[80,80,80,69,69,69,69,61,61,62,59,64,64,54,54,30,82,78,78,62,62,62,62,45,45,45,50,50,50,57,56,56,61,87,87,76,69,69,69,69,69,69,69,69,81,91,91,99,99,53,99,99,99,99,44],"gold":59,"neow_bonus":"","is_daily":false,"chose_seed":false,"campfire_upgraded":11,"win_rate":0.0,"timestamp":1614052541,"path_taken":["M","?","?","M","M","R","$","?","T","M","M","M","R","E","R","BOSS","M","?","?","M","?","R","E","R","T","E","?","R","M","M","R","BOSS","M","?","M","M","M","R","?","R","T","R","?","M","?","?","R","BOSS","R","$","E","BOSS"],"items_purchased_type":["Relic","Relic","Relic","Card","Card","Card","Card","Card","Card","Card","Relic","Relic","Card","Card","Relic","Potion"],"build_version":"2020-12-22","purchased_purges":1,"victory":true,"max_hp_per_floor":[82,82,82,82,82,82,82,82,82,82,82,82,82,82,82,82,82,82,82,87,87,87,87,87,87,87,87,87,87,87,87,87,87,87,87,87,89,89,89,89,89,89,89,89,91,91,91,99,99,99,99,99,99,99,99],"card_choices":[{"not_picked":["Sweeping Beam","Doom and Gloom"],"picked":"Hello World","floor":1},{"not_picked":["Sweeping Beam","Streamline"],"picked":"Ball Lightning","floor":4},{"not_picked":["Stack+1","All For One"],"picked":"Genetic Algorithm+1","floor":5},{"not_picked":["Skim+1","Steam+1"],"picked":"Leap+1","floor":8},{"not_picked":["Hello World","Sunder"],"picked":"Barrage","floor":10},{"not_picked":["Compile Driver","Hello World"],"picked":"Coolheaded+1","floor":11},{"not_picked":["Rebound","FTL"],"picked":"Force Field+1","floor":12},{"not_picked":["Hologram+1","FTL"],"picked":"Skim+1","floor":14},{"not_picked":["Multi-Cast+1","Creative AI"],"picked":"Machine Learning","floor":16},{"not_picked":["Undo+1","Cold Snap"],"picked":"Glacier+1","floor":18},{"not_picked":["Turbo+1","Consume+1"],"picked":"Conserve Battery+1","floor":21},{"not_picked":["Self Repair","Ball Lightning+1"],"picked":"Redo+1","floor":24},{"not_picked":["Turbo+1","Loop+1"],"picked":"White Noise+1","floor":27},{"not_picked":["Stack+1","Blizzard"],"picked":"BootSequence+1","floor":30},{"not_picked":["Sunder","Rebound"],"picked":"Coolheaded+1","floor":31},{"not_picked":["Biased Cognition","Meteor Strike"],"picked":"Electrodynamics","floor":33},{"not_picked":["Glacier+1","Loop"],"picked":"Go for the Eyes+1","floor":35},{"not_picked":["Sweeping Beam","Gash","Ball Lightning"],"picked":"Singing Bowl","floor":37},{"not_picked":["Rip and Tear","Compile Driver"],"picked":"Chaos+1","floor":38},{"not_picked":["Cold Snap+1","Gash"],"picked":"Beam Cell","floor":39},{"not_picked":["Undo+1","Darkness+1","Gash"],"picked":"Singing Bowl","floor":45},{"not_picked":["Cold Snap","Turbo+1"],"picked":"Force Field+1","floor":46},{"not_picked":["Hologram+1","Rebound","Cold Snap"],"picked":"Singing Bowl","floor":48},{"not_picked":["Sunder+1","Rebound+1"],"picked":"Beam Cell+1","floor":54}],"player_experience":154682,"relics_obtained":[{"floor":9,"key":"PreservedInsect"},{"floor":14,"key":"Potion Belt"},{"floor":17,"key":"Bag of Marbles"},{"floor":17,"key":"Darkstone Periapt"},{"floor":17,"key":"Ice Cream"},{"floor":24,"key":"War Paint"},{"floor":27,"key":"Letter Opener"},{"floor":28,"key":"Vajra"},{"floor":43,"key":"Bottled Lightning"},{"floor":54,"key":"Blood Vial"}],"event_choices":[{"damage_healed":0,"gold_gain":175,"player_choice":"AGREE","damage_taken":0,"max_hp_gain":0,"max_hp_loss":0,"event_name":"Liars Game","floor":2,"gold_loss":0,"cards_obtained":["Doubt"]},{"damage_healed":0,"gold_gain":0,"player_choice":"Got Potions","damage_taken":0,"max_hp_gain":0,"max_hp_loss":0,"event_name":"Lab","floor":3,"gold_loss":0},{"cards_removed":["Strike_B"],"damage_healed":0,"gold_gain":0,"player_choice":"Gave Gold","damage_taken":0,"max_hp_gain":0,"max_hp_loss":0,"event_name":"Beggar","floor":19,"gold_loss":75},{"damage_healed":0,"gold_gain":0,"player_choice":"Shed Blood","damage_taken":21,"max_hp_gain":5,"max_hp_loss":0,"event_name":"Forgotten Altar","floor":20,"gold_loss":0},{"damage_healed":0,"gold_gain":0,"player_choice":"Obtained Relic","damage_taken":0,"relics_obtained":["Singing Bowl"],"max_hp_gain":0,"max_hp_loss":0,"event_name":"Addict","floor":22,"gold_loss":85},{"damage_healed":0,"gold_gain":0,"player_choice":"Embrace Madness","damage_taken":11,"max_hp_gain":0,"max_hp_loss":0,"event_name":"Winding Halls","floor":36,"gold_loss":0,"cards_obtained":["Madness","Madness"]},{"damage_healed":0,"gold_gain":0,"player_choice":"Ignored","damage_taken":0,"max_hp_gain":0,"max_hp_loss":0,"event_name":"SecretPortal","floor":41,"gold_loss":0},{"damage_healed":0,"gold_gain":100,"player_choice":"Pray","damage_taken":0,"max_hp_gain":0,"max_hp_loss":0,"event_name":"Golden Shrine","floor":47,"gold_loss":0}],"is_beta":false,"boss_relics":[{"not_picked":["Black Star","FrozenCore"],"picked":"Calling Bell"},{"not_picked":["Busted Crown","SlaversCollar"],"picked":"Inserter"}],"items_purged_floors":[53],"is_endless":false,"potions_floor_spawned":[12,14,18,30,35,37,54],"ascension_level":0}}