{"host":"c44ey07ufggfw2m8","time":1614085071,"event":{"mods":["2.2 Compatiblity","BaseMod","Colored Map","DeckTracker","Hermit","Highlight Path","Keyboard Shortcuts","Minty Spire (QoL Compilation)","Permanent Neow","Quick Restart","Replay The Spire","StSLib","SuperFastMode","The Cursed","UnlockEverythingMod"],"gold_per_floor":[111,130,145,145,145,145,179,194,269,269,269,284,284,284,284,383,383,397,322,341,359,370,370,451,451,451,470,213,224,224,237,237,237,248,248,352,352,364,364,364,379,398,398,418,418,418,435,445,70,89,109,109,109],"floor_reached":54,"language":"KOR","playtime":1876,"items_purged":["Replay:DivineShield+1","Defend_P","Defend_P"],"score":647,"play_id":"cef1b6ae-cab4-426d-ae59-826dd3d0eab3","local_time":"20210223215751","is_ascension_mode":false,"campfire_choices":[{"data":"CrushJoints","floor":6,"key":"SMITH"},{"data":"Tantrum","floor":10,"key":"SMITH"},{"data":"MentalFortress","floor":13,"key":"SMITH"},{"data":"Fasting2","floor":15,"key":"SMITH"},{"floor":23,"key":"REST"},{"floor":25,"key":"REST"},{"data":"Defend_P","floor":35,"key":"PURGE"},{"data":"DeusExMachina","floor":43,"key":"SMITH"},{"data":"EmptyMind","floor":45,"key":"SMITH"},{"data":"Meditate","floor":52,"key":"SMITH"}],"circlet_count":0,"master_deck":["Eruption+1","Vigilance+1","CrushJoints+1","MentalFortress+1","Evaluate","Fasting2+1","Tantrum+1","ConjureBlade","Evaluate+1","Brilliance+1","FearNoEvil+1","Meditate+1","Adaptation+1","Pray+1","Wallop","EmptyMind+1","DeusExMachina+1","WheelKick"],"relics":["PureWater","Thread and Needle","Gremlin Food","Darkstone Periapt","Ring of Panic","Ring of Misfortune","Astrolabe","Divine Protection","ClockworkSouvenir","VioletLotus","Replay:WaspNest","Bottled Tornado"],"acts_visited":["Exordium","TheCity","TheBeyond"],"potions_floor_usage":[16,22,34,53,53,53],"damage_taken":[{"damage":0,"enemies":"Jaw Worm","floor":1,"turns":4},{"damage":0,"enemies":"Small Slimes","floor":2,"turns":2},{"damage":3,"enemies":"Cultist","floor":3,"turns":5},{"damage":0,"enemies":"Replay:BlueRogue","floor":7,"turns":7},{"damage":0,"enemies":"2 Fungi Beasts","floor":8,"turns":3},{"damage":8,"enemies":"Blue Slaver","floor":12,"turns":2},{"damage":0,"enemies":"Fading Forest","floor":16,"turns":11},{"damage":2,"enemies":"3 Byrds","floor":18,"turns":4},{"damage":23,"enemies":"2 Thieves","floor":20,"turns":4},{"damage":15,"enemies":"Centurion and Healer","floor":21,"turns":4},{"damage":10,"enemies":"Cultist and Chosen","floor":22,"turns":3},{"damage":0,"enemies":"Chosen and Byrds","floor":27,"turns":3},{"damage":0,"enemies":"Centurion and Healer","floor":29,"turns":3},{"damage":0,"enemies":"Shelled Parasite and Fungi","floor":31,"turns":4},{"damage":9,"enemies":"Snecko","floor":34,"turns":3},{"damage":0,"enemies":"Champ","floor":36,"turns":4},{"damage":0,"enemies":"Orb Walker","floor":38,"turns":2},{"damage":0,"enemies":"3 Darklings","floor":41,"turns":3},{"damage":5,"enemies":"Sphere and 2 Shapes","floor":42,"turns":4},{"damage":0,"enemies":"Transient","floor":44,"turns":5},{"damage":0,"enemies":"Maw","floor":47,"turns":4},{"damage":0,"enemies":"Writhing Mass","floor":48,"turns":4},{"damage":0,"enemies":"4 Shapes","floor":50,"turns":6},{"damage":0,"enemies":"3 Darklings","floor":51,"turns":4},{"damage":0,"enemies":"Replay:Hell Engine","floor":53,"turns":4}],"seed_played":"7400095865225493520","potions_obtained":[{"floor":2,"key":"CultistPotion"},{"floor":3,"key":"Energy Potion"},{"floor":20,"key":"SkillPotion"},{"floor":22,"key":"FearPotion"},{"floor":27,"key":"Death Potion"},{"floor":41,"key":"DistilledChaos"},{"floor":47,"key":"LifebloodPotion"}],"is_trial":false,"path_per_floor":["M","M","M","?","?","R","E","M","T","R","?","M","R","?","R","B",null,"M","$","M","M","M","R","?","R","T","M","$","M","M","M","PTL","PTL","M","R_BF","B",null,"M","?","?","M","M","R","M","R","T","M","M","$","M","M","R","B",null],"character_chosen":"WATCHER","items_purchased":["ClockworkSouvenir","Bottled Tornado"],"campfire_rested":2,"item_purchase_floors":[28,49],"current_hp_per_floor":[72,72,69,66,66,66,66,66,66,66,66,58,58,58,58,68,72,70,70,47,32,22,43,15,36,36,36,36,36,36,36,36,36,27,27,27,72,72,68,68,68,63,63,63,63,63,63,63,63,63,63,63,63],"gold":109,"neow_bonus":"UPGRADE_CARD","is_daily":false,"chose_seed":false,"campfire_upgraded":7,"win_rate":0.0,"timestamp":1614085071,"path_taken":["M","M","M","?","?","R","E","M","T","R","?","M","R","?","R","BOSS","M","$","M","?","M","R","?","R","T","M","$","M","M","M","PTL","PTL","M","R_BF","BOSS","M","?","?","M","M","R","?","R","T","M","M","$","M","M","R","BOSS"],"items_purchased_type":["Relic","Relic"],"build_version":"2020-12-22","purchased_purges":3,"victory":true,"max_hp_per_floor":[72,72,72,72,72,72,72,72,72,72,72,72,72,72,72,72,72,72,72,72,72,72,72,72,72,72,72,72,72,72,72,72,72,72,72,72,72,72,68,68,68,68,68,68,68,68,68,68,68,68,68,68,68],"card_choices":[{"not_picked":["CutThroughFate","Halt"],"picked":"CrushJoints","floor":1},{"not_picked":["Halt","FlyingSleeves"],"picked":"MentalFortress","floor":2},{"not_picked":["Replay:DivineShield","JustLucky"],"picked":"Evaluate","floor":3},{"not_picked":["PathToVictory","EmptyMind"],"picked":"Tantrum","floor":7},{"not_picked":["Protect","Nirvana","Replay:DivineShield"],"picked":"SKIP","floor":8},{"not_picked":["Consecrate","Vengeance","Protect"],"picked":"SKIP","floor":12},{"not_picked":["Judgement","Replay:AllIn"],"picked":"ConjureBlade","floor":16},{"not_picked":["JustLucky","Wireheading"],"picked":"FearNoEvil","floor":18},{"not_picked":["Crescendo","Sanctity"],"picked":"Meditate","floor":20},{"not_picked":["Protect","Swivel","ClearTheMind"],"picked":"SKIP","floor":21},{"not_picked":["Prostrate","SashWhip+1"],"picked":"Adaptation+1","floor":22},{"not_picked":["PathToVictory","Consecrate"],"picked":"Pray+1","floor":24},{"not_picked":["Perseverance","SandsOfTime+1","EmptyFist"],"picked":"SKIP","floor":27},{"not_picked":["Swivel","Nirvana","Evaluate+1"],"picked":"SKIP","floor":29},{"not_picked":["Replay:AtTheReady","EmptyFist"],"picked":"Wallop","floor":31},{"not_picked":["Wireheading+1","Replay:AtTheReady"],"picked":"EmptyMind","floor":34},{"not_picked":["Alpha","Ragnarok"],"picked":"DeusExMachina","floor":36},{"not_picked":["ClearTheMind+1","Prostrate+1","WindmillStrike+1"],"picked":"SKIP","floor":38},{"not_picked":["Consecrate","Protect+1","BowlingBash+1"],"picked":"SKIP","floor":41},{"not_picked":["EmptyBody+1","FlyingSleeves+1","Halt"],"picked":"SKIP","floor":42},{"not_picked":["CrushJoints","FlurryOfBlows+1","Consecrate+1"],"picked":"SKIP","floor":44},{"not_picked":["DeceiveReality+1","ReachHeaven+1","CrushJoints"],"picked":"SKIP","floor":47},{"not_picked":["BattleHymn","Halt"],"picked":"WheelKick","floor":48},{"not_picked":["WaveOfTheHand+1","Tantrum","Replay:BluntJabs"],"picked":"SKIP","floor":50},{"not_picked":["Halt+1","Establishment","WindmillStrike"],"picked":"SKIP","floor":51}],"player_experience":142039,"relics_obtained":[{"floor":7,"key":"Gremlin Food"},{"floor":9,"key":"Darkstone Periapt"},{"floor":11,"key":"Ring of Panic"},{"floor":11,"key":"Ring of Misfortune"},{"floor":26,"key":"Divine Protection"},{"floor":46,"key":"Replay:WaspNest"}],"event_choices":[{"damage_healed":0,"gold_gain":0,"player_choice":"Success","damage_taken":3,"relics_obtained":["Thread and Needle"],"max_hp_gain":0,"max_hp_loss":0,"event_name":"Scrap Ooze","floor":4,"gold_loss":0},{"damage_healed":0,"gold_gain":0,"cards_transformed":["Strike_P"],"player_choice":"Change","damage_taken":0,"max_hp_gain":0,"max_hp_loss":0,"event_name":"Living Wall","floor":5,"gold_loss":0,"cards_obtained":["Fasting2"]},{"damage_healed":0,"gold_gain":0,"player_choice":"Bought 0 Potions","damage_taken":0,"max_hp_gain":0,"max_hp_loss":0,"event_name":"The Woman in Blue","floor":14,"gold_loss":0},{"damage_healed":0,"gold_gain":0,"player_choice":"Max HP","damage_taken":0,"max_hp_gain":0,"max_hp_loss":4,"event_name":"Winding Halls","floor":39,"gold_loss":0},{"cards_removed":["Defend_P"],"damage_healed":0,"gold_gain":0,"player_choice":"Purged","damage_taken":0,"max_hp_gain":0,"max_hp_loss":0,"event_name":"Purifier","floor":40,"gold_loss":0}],"is_beta":false,"boss_relics":[{"not_picked":["Ring of Chaos","Replay:Ancient Bell"],"picked":"Astrolabe"},{"not_picked":["Empty Cage","Replay:Bronze Core"],"picked":"VioletLotus"}],"items_purged_floors":[19,28,49],"is_endless":false,"potions_floor_spawned":[2,3,20,22,27,31,41,47,51],"ascension_level":0}}