{"host":"956g3854xvs16zht","time":1614102931,"event":{"mods":["2.2 Compatiblity","AlwaysNeverKeys","Aspiration","BaseMod","Better Altar","Better Match","Better Skull","Better Third Choice","BetterRewards","Card Forge","Colored Map","Colored Powertips","Custom Start","DeckTracker","Displayed Cursed Tome","Energized Spire","Evolution","Friendly Minions","Infinite Spire","Minty Spire (QoL Compilation)","Permanent Neow","Relic Filter","Relic Sorter","Shop Mod","Spicy Shops","StSLib","TheHero"],"gold_per_floor":[115,115,115,80,96,126,201,201,501,501,512,88,120,134,134,232,232,242,257,246,277,291,291,301,313,336,43,56,67,67,67],"floor_reached":30,"language":"ENG","playtime":2031,"items_purged":[],"score":266,"play_id":"08fb940c-e696-4ed3-be9e-142b651d5b96","local_time":"20210223125531","is_ascension_mode":true,"campfire_choices":[{"floor":8,"key":"REST"},{"data":"animeID:Thirteen","floor":10,"key":"SMITH"},{"floor":15,"key":"REST"},{"data":"animeID:Hatsume","floor":23,"key":"SMITH"}],"circlet_count":0,"master_deck":["animeID:Deku+1","animeID:Bakugo+1","animeID:Smash+1","animeID:Smash+1","animeID:Smash+1","animeID:Smash+1","animeID:DefendMH+1","animeID:DefendMH+1","animeID:DefendMH+1","animeID:DefendMH+1","infinitespire:UltimateForm+1","animeID:DetroitDelaware+1","infinitespire:Fortify+1","animeID:Twice+1","animeID:Thirteen+1","animeID:Mina+1","animeID:Tamaki+1","animeID:Eri+1","animeID:Ojiro+1","animeID:Kirishima+1","Loop+1","Loop+1","animeID:ToruHagakure","animeID:Hatsume+1","animeID:DetroitSmash","animeID:RecoveryGirl","animeID:Mina","animeID:DelawareSmash"],"relics":["animeID:HeroCostume","Anvil of the Gods","Hammer of Thor","Seething Fire","EVO:Axolotl","Torii","Bag of Preparation","MerchantsRug","Bronze Scales","Orichalcum","Nunchaku","Lantern","Smiling Mask","infinitespire:CursedDice"],"acts_visited":["Exordium","TheCity"],"potions_floor_usage":[11],"damage_taken":[{"damage":0,"enemies":"Cultist","floor":1,"turns":3},{"damage":0,"enemies":"Jaw Worm","floor":5,"turns":2},{"damage":10,"enemies":"3 Sentries","floor":6,"turns":6},{"damage":0,"enemies":"2 Louse","floor":11,"turns":2},{"damage":19,"enemies":"Gremlin Nob","floor":13,"turns":4},{"damage":3,"enemies":"Exordium Wildlife","floor":14,"turns":4},{"damage":15,"enemies":"The Guardian","floor":16,"turns":7},{"damage":1,"enemies":"Spheric Guardian","floor":18,"turns":3},{"damage":4,"enemies":"3 Byrds","floor":19,"turns":3},{"damage":30,"enemies":"Masked Bandits","floor":21,"turns":4},{"damage":13,"enemies":"Sentry and Sphere","floor":22,"turns":5},{"damage":23,"enemies":"Centurion and Healer","floor":24,"turns":4},{"damage":17,"enemies":"Snake Plant","floor":25,"turns":3},{"damage":18,"enemies":"Cultist and Chosen","floor":28,"turns":5},{"damage":20,"enemies":"3 Cultists","floor":29,"turns":5},{"damage":46,"enemies":"Nightmare","floor":30,"turns":6}],"seed_played":"2368614650871063107","potions_obtained":[{"floor":5,"key":"PowerPotion"},{"floor":11,"key":"Fruit Juice"},{"floor":16,"key":"SteroidPotion"},{"floor":21,"key":"Strength Potion"},{"floor":24,"key":"DuplicationPotion"}],"is_trial":false,"path_per_floor":["M","?","?","$","M","E","?","R","T","R","M","$","E","M","R","B",null,"M","M","$","?","M","R","M","M","T","$","M","M","NM"],"character_chosen":"THE_HERO","items_purchased":["animeID:Twice","MerchantsRug","Bronze Scales","Orichalcum","Lantern","infinitespire:CursedDice","animeID:Mina"],"campfire_rested":2,"item_purchase_floors":[4,12,12,12,20,27,27],"current_hp_per_floor":[54,37,37,37,39,33,22,44,44,44,49,49,34,33,57,48,80,80,78,78,52,43,43,24,9,9,9,49,37,0,0],"gold":67,"neow_bonus":"ONE_RARE_RELIC","is_daily":false,"chose_seed":false,"campfire_upgraded":2,"win_rate":0.0,"timestamp":1614102931,"path_taken":["M","?","?","$","?","E","?","R","T","R","M","$","E","M","R","BOSS","M","M","$","?","M","R","M","M","T","$","M","M","NM"],"items_purchased_type":["Card","Relic","Relic","Relic","Relic","Relic","Card"],"build_version":"2020-12-22","purchased_purges":0,"victory":false,"max_hp_per_floor":[75,75,75,75,75,75,75,75,75,75,80,80,80,80,80,80,80,80,80,80,80,80,80,80,80,80,80,80,80,80,80],"card_choices":[{"not_picked":["animeID:Mina","animeID:Aoyama"],"picked":"animeID:DetroitDelaware","floor":1},{"not_picked":["infinitespire:Menacing","infinitespire:Gouge"],"picked":"infinitespire:Fortify","floor":2},{"not_picked":["animeID:Iida","animeID:NightEye"],"picked":"animeID:Thirteen","floor":5},{"not_picked":["animeID:TodorokiShoto","animeID:TetsuTetsu"],"picked":"animeID:Mina","floor":6},{"not_picked":["animeID:DelawareSmash","animeID:Ojiro"],"picked":"animeID:Tamaki","floor":11},{"not_picked":["animeID:Iida","animeID:TodorokiShoto","animeID:Tsuyu"],"picked":"SKIP","floor":13},{"not_picked":["animeID:Cementoss","animeID:Tsuyu","animeID:Mineta"],"picked":"SKIP","floor":14},{"not_picked":["animeID:RedRiot","animeID:Chisaki"],"picked":"animeID:Eri","floor":16},{"not_picked":["animeID:TodorokiShoto","animeID:Tomura+1"],"picked":"animeID:Ojiro+1","floor":18},{"not_picked":["animeID:Bakugo","animeID:TodorokiShoto"],"picked":"animeID:Kirishima","floor":19},{"not_picked":["animeID:TodorokiShoto","animeID:Tengai"],"picked":"animeID:ToruHagakure","floor":21},{"not_picked":["animeID:Mineta","animeID:Mezo"],"picked":"animeID:Hatsume","floor":22},{"not_picked":["animeID:Aoyama","animeID:Kaminari"],"picked":"animeID:DetroitSmash","floor":24},{"not_picked":["animeID:Dabi+1","animeID:Kaminari"],"picked":"animeID:RecoveryGirl","floor":25},{"not_picked":["animeID:FatGum","animeID:Tsuyu+1"],"picked":"animeID:DelawareSmash","floor":28},{"not_picked":["animeID:TodorokiShoto","animeID:MtLady","animeID:TetsuTetsu"],"picked":"SKIP","floor":29}],"player_experience":65025,"relics_obtained":[{"floor":6,"key":"Bag of Preparation"},{"floor":9,"key":"Old Coin"},{"floor":13,"key":"Nunchaku"},{"floor":21,"key":"Red Mask"},{"floor":26,"key":"Smiling Mask"}],"event_choices":[{"damage_healed":0,"gold_gain":0,"player_choice":"Ignored","damage_taken":0,"max_hp_gain":0,"max_hp_loss":0,"event_name":"Purifier","floor":3,"gold_loss":0},{"damage_healed":0,"gold_gain":75,"player_choice":"Gold","damage_taken":11,"max_hp_gain":1,"max_hp_loss":0,"event_name":"betterThird:BetterGoop","floor":7,"gold_loss":0},{"damage_healed":0,"gold_gain":0,"player_choice":"Fought Bandits","damage_taken":0,"max_hp_gain":0,"max_hp_loss":0,"event_name":"Masked Bandits","floor":21,"gold_loss":0}],"is_beta":false,"boss_relics":[{"not_picked":["energizedSpire:SpiderWeb","energizedSpire:DeadBattery"],"picked":"aspiration:SecretTechniqueScroll"}],"items_purged_floors":[],"is_endless":false,"potions_floor_spawned":[5,11,16,21,24,25,28],"killed_by":"Nightmare","ascension_level":2}}