{"host":"uro03pbv16i76yu3","time":1614120200,"event":{"mods":["BaseMod","Minty Spire (QoL Compilation)","Replay The Spire","StSLib"],"gold_per_floor":[360,360,449,465,476,476,476,488,517,533,533,563,563,738,750,269,269,365,365,397,422,434,461,543,590,663,710,722,767,791,803,831,893,905,1014,1026,1051,1113,35,46,96,122,140,190,190,218,229,262,277,304,304,304],"floor_reached":53,"language":"ZHS","playtime":5603,"items_purged":["Doubt","Writhe"],"score":861,"play_id":"0bc5053b-eff4-4d30-8418-219679c7db19","local_time":"20210224064320","is_ascension_mode":true,"campfire_choices":[{"floor":13,"key":"REST"},{"data":"Chaos","floor":31,"key":"SMITH"},{"floor":51,"key":"REST"}],"circlet_count":0,"master_deck":["Defend_B+1","Defend_B+1","Defend_B+1","Defend_B+1","Zap","Defend_P+1","Strike_R+1","Defragment+1","Coolheaded","FIFO Queue","Streamline","Melter","Machine Learning+1","Storm","Capacitor+1","Redo","Storm","CurseOfTheBell","ReplayGash","Recycle+1","Redo","Steam Power","Sunder","Double Energy","Loop+1","Chaos+1","Barrage+1","Echo Form","Redo","Double Energy+1","Defragment+1","Panic Button+1","Barrage+1","Double Energy","Electrodynamics","Skim","Static Discharge","Stack+1","Consume","Capacitor","Metamorphosis","Ball Lightning","Ball Lightning+1","Consume","Lockon","Compile Driver+1","FIFO Queue+1","Sweeping Beam+1","Pain","Heatsinks+1","Barrage+1","Machine Learning","Force Field+1","Chaos","Turbo","Consume+1"],"relics":["Cracked Core","TungstenRod","Garlic","Solar Panel","Replay:Wax Seal","Guide Book","Orichalcum","Calling Bell","MawBank","Mummified Hand","Unceasing Top","Prayer Wheel","SsserpentHead","Shuriken","Replay:Mystery Machine","Letter Opener","Omamori","Kintsugi","Sling","Bottled Lightning","Replay:Accelerometer","Prayer Wheel","Potion Belt","WarpedTongs","Quantum Egg","Replay:Antivirus Software","InkBottle","ReplayTheSpireMod:TigerMarble"],"acts_visited":["Exordium","TheCity","TheBeyond"],"potions_floor_usage":[9,23,35,46,52,52],"damage_taken":[{"damage":5.0,"enemies":"Small Slimes","floor":1.0,"turns":4.0},{"damage":0.0,"enemies":"2 Louse","floor":4.0,"turns":2.0},{"damage":6.0,"enemies":"Cultist","floor":5.0,"turns":3.0},{"damage":6.0,"enemies":"Gremlin Gang","floor":8.0,"turns":8.0},{"damage":17,"enemies":"Gremlin Nob","floor":9,"turns":4},{"damage":9,"enemies":"Looter","floor":10,"turns":3},{"damage":8,"enemies":"Replay:BlueRogue","floor":12,"turns":7},{"damage":6,"enemies":"Exordium Wildlife","floor":15,"turns":4},{"damage":23,"enemies":"Slime Boss","floor":18,"turns":5},{"damage":8,"enemies":"Spheric Guardian","floor":20,"turns":5},{"damage":13,"enemies":"2 Thieves","floor":21,"turns":3},{"damage":31,"enemies":"Cultist and Chosen","floor":23,"turns":8},{"damage":10,"enemies":"3 Cultists","floor":24,"turns":4},{"damage":11,"enemies":"Replay:Snechameleon","floor":25,"turns":6},{"damage":14,"enemies":"Shelled Parasite and Fungi","floor":26,"turns":6},{"damage":26,"enemies":"Book of Stabbing","floor":27,"turns":5},{"damage":3,"enemies":"Replay:Snechameleon","floor":29,"turns":4},{"damage":8,"enemies":"Sentry and Sphere","floor":30,"turns":3},{"damage":2,"enemies":"Cultist and Chosen","floor":32,"turns":4},{"damage":13,"enemies":"Automaton","floor":35,"turns":6},{"damage":8,"enemies":"3 Shapes","floor":37,"turns":1},{"damage":15,"enemies":"Orb Walker","floor":40,"turns":4},{"damage":25,"enemies":"R_Hoarder","floor":42,"turns":6},{"damage":39,"enemies":"Jaw Worm Horde","floor":43,"turns":6},{"damage":0,"enemies":"Giant Head","floor":46,"turns":5},{"damage":0,"enemies":"Transient","floor":47,"turns":5},{"damage":0,"enemies":"R_Hoarder","floor":48,"turns":5},{"damage":19,"enemies":"3 Darklings","floor":49,"turns":3},{"damage":1,"enemies":"Nemesis","floor":50,"turns":3},{"damage":10,"enemies":"Replay:Hell Engine","floor":52,"turns":5}],"seed_played":"5622994389732133417","potions_obtained":[{"floor":1.0,"key":"DuplicationPotion"},{"floor":12,"key":"SteroidPotion"},{"floor":18,"key":"Energy Potion"},{"floor":21,"key":"Elixir"},{"floor":26,"key":"EntropicBrew"},{"floor":27,"key":"Milkshake"},{"floor":30,"key":"FairyPotion"},{"floor":32,"key":"ColorlessPotion"},{"floor":42,"key":"PowerPotion"},{"floor":43,"key":"EssenceOfDarkness"},{"floor":47,"key":"Dexterity Potion"},{"floor":50,"key":"AttackPotion"}],"is_trial":false,"path_per_floor":["M","?","?","M","M","PTL","PTL","M","E","M","T","E","R","?","M","$","R","B",null,"M","M","?","M","M","E","M","E","T","E","M","R","M","?","R","B",null,"M","?","$","M","?","E","M","?","T","E","M","E","M","E","R","B",null],"character_chosen":"DEFECT","items_purchased":["Replay:Wax Seal","Storm","Guide Book","Orichalcum","Consume","Capacitor","Metamorphosis","Sling","Bottled Lightning","Replay:Accelerometer","Ball Lightning"],"campfire_rested":2,"item_purchase_floors":[16,16,16,16,39,39,39,39,39,39,39],"current_hp_per_floor":[70,55,55,55,49,49,49,43,26,17,17,9,31,31,29,29,51,44,75,73,75,75,52,58,55,45,35,35,50,44,44,52,52,52,39,75,73,75,75,74,74,53,30,30,30,36,46,60,41,52,74,64],"gold":304,"neow_bonus":"TWO_FIFTY_GOLD","is_daily":false,"chose_seed":false,"campfire_upgraded":1,"win_rate":0.0,"timestamp":1614120200,"path_taken":["M","?","?","M","M","PTL","PTL","M","E","M","T","E","R","?","M","$","R","BOSS","M","M","?","M","?","E","?","E","T","E","M","R","M","?","R","BOSS","M","?","$","M","?","E","M","?","T","E","M","E","M","E","R","BOSS"],"items_purchased_type":["Relic","Card","Relic","Relic","Card","Card","Card","Relic","Relic","Relic","Card"],"build_version":"2020-12-22","purchased_purges":2,"victory":true,"max_hp_per_floor":[75,75,75,75,75,75,75,75,75,75,75,75,75,75,75,75,75,75,75,75,75,75,75,75,75,75,75,75,75,75,75,75,75,75,75,75,75,75,75,75,75,75,75,75,75,75,75,75,75,75,75,75],"card_choices":[{"not_picked":["Hello World","Cold Snap"],"picked":"BasicCrystalCard","floor":1.0},{"not_picked":["BasicCrystalCard","Turbo"],"picked":"Defragment","floor":3.0},{"not_picked":["Conserve Battery","Rebound"],"picked":"Coolheaded","floor":3.0},{"not_picked":["Panic Button","Cold Snap"],"picked":"FIFO Queue","floor":3.0},{"not_picked":["Compile Driver","Redo"],"picked":"ReplayTheSpireMod:GoodbyeWorld","floor":4.0},{"not_picked":["Scrape","Hologram"],"picked":"Streamline","floor":5.0},{"not_picked":["ReplayTheSpireMod:Calculation Training","Barrage"],"picked":"Melter","floor":8.0},{"not_picked":["BasicCrystalCard","Beam Cell"],"picked":"Machine Learning","floor":9},{"not_picked":["Stack","Double Energy"],"picked":"Storm","floor":10},{"not_picked":["Go for the Eyes","Recycle"],"picked":"Capacitor","floor":12},{"not_picked":["BasicCrystalCard","Compile Driver"],"picked":"Redo","floor":15},{"not_picked":["Mirror Shield","ReplayTheSpireMod:Omega Cannon"],"picked":"ReplayTheSpireMod:Fabricate Wheel","floor":18},{"not_picked":["Stack","Gash"],"picked":"ReplayGash","floor":20},{"not_picked":["Tempest","Stack+1"],"picked":"Recycle+1","floor":20},{"not_picked":["Scrape","Sweeping Beam"],"picked":"Redo","floor":21},{"not_picked":["Sweeping Beam","Conserve Battery"],"picked":"Steam Power","floor":21},{"not_picked":["Fission","Self Repair+1"],"picked":"Sunder","floor":23},{"not_picked":["ReplaySort","Cold Snap"],"picked":"Double Energy","floor":23},{"not_picked":["Redo+1","Compile Driver"],"picked":"Loop+1","floor":24},{"not_picked":["Stack","Redo"],"picked":"Chaos","floor":24},{"not_picked":["Leap","BootSequence"],"picked":"Barrage+1","floor":25},{"not_picked":["Hologram+1","Sweeping Beam+1"],"picked":"Echo Form","floor":26},{"not_picked":["BasicCrystalCard","Beam Cell"],"picked":"Redo","floor":26},{"not_picked":["Steam Power+1","Ball Lightning"],"picked":"Double Energy+1","floor":27},{"not_picked":["Chill","Compile Driver"],"picked":"Defragment+1","floor":29},{"not_picked":["ReplayGash","Compile Driver"],"picked":"Panic Button+1","floor":30},{"not_picked":["ReplaySort","Chill"],"picked":"Barrage+1","floor":30},{"not_picked":["Stack","Go for the Eyes"],"picked":"Double Energy","floor":32},{"not_picked":["Panic Button","ReplaySolidLightProjector"],"picked":"Electrodynamics","floor":32},{"not_picked":["Multi-Cast","Machine Learning"],"picked":"ReplayTheSpireMod:Fabricate Wheel","floor":35},{"not_picked":["Leap+1","Sweeping Beam+1"],"picked":"Static Discharge","floor":37},{"not_picked":["Sweeping Beam","Hologram+1"],"picked":"Stack+1","floor":37},{"not_picked":["Streamline","Recycle+1"],"picked":"Ball Lightning+1","floor":40},{"not_picked":["Leap+1","ReplayTheSpireMod:Calculation Training+1"],"picked":"Consume","floor":40},{"not_picked":["Sweeping Beam","Double Energy"],"picked":"Lockon","floor":42},{"not_picked":["Stack+1","Rebound+1"],"picked":"Compile Driver+1","floor":43},{"not_picked":["Redo+1","Sweeping Beam+1"],"picked":"FIFO Queue+1","floor":43},{"not_picked":["Compile Driver","Sunder"],"picked":"Sweeping Beam+1","floor":43},{"not_picked":["Steam","Reprogram","Auto Shields+1"],"picked":"SKIP","floor":46},{"not_picked":["Rebound+1","Double Energy"],"picked":"Heatsinks+1","floor":47},{"not_picked":["Go for the Eyes+1","Darkness"],"picked":"Barrage+1","floor":47},{"not_picked":["Hello World","Heatsinks"],"picked":"Machine Learning","floor":47},{"not_picked":["ReplaySort+1","Panic Button+1","Sweeping Beam"],"picked":"SKIP","floor":48},{"not_picked":["Rebound+1","Streamline"],"picked":"Force Field+1","floor":49},{"not_picked":["Go for the Eyes+1","Undo+1"],"picked":"Chaos","floor":49},{"not_picked":["Sweeping Beam","Cold Snap"],"picked":"Turbo","floor":49},{"not_picked":["Go for the Eyes","Scrape+1"],"picked":"Consume+1","floor":50}],"player_experience":111010,"relics_obtained":[{"floor":9,"key":"TungstenRod"},{"floor":11,"key":"Garlic"},{"floor":12,"key":"Solar Panel"},{"floor":19,"key":"MawBank"},{"floor":19,"key":"Mummified Hand"},{"floor":19,"key":"Unceasing Top"},{"floor":25,"key":"Shuriken"},{"floor":27,"key":"Replay:Mystery Machine"},{"floor":28,"key":"Letter Opener"},{"floor":29,"key":"Omamori"},{"floor":42,"key":"Potion Belt"},{"floor":45,"key":"Quantum Egg"},{"floor":46,"key":"Replay:Antivirus Software"},{"floor":48,"key":"InkBottle"},{"floor":50,"key":"ReplayTheSpireMod:TigerMarble"}],"event_choices":[{"damage_healed":0.0,"max_hp_gain":0.0,"max_hp_loss":0.0,"gold_gain":0.0,"event_name":"Shining Light","player_choice":"Entered Light","floor":2.0,"gold_loss":0.0,"damage_taken":15.0,"cards_upgraded":["Strike_B","Strike_R"]},{"damage_healed":0,"gold_gain":175,"player_choice":"AGREE","damage_taken":0,"max_hp_gain":0,"max_hp_loss":0,"event_name":"Liars Game","floor":14,"gold_loss":0,"cards_obtained":["Doubt"]},{"damage_healed":0,"gold_gain":0,"player_choice":"Trade","damage_taken":0,"relics_obtained":["SsserpentHead"],"max_hp_gain":0,"max_hp_loss":0,"event_name":"FaceTrader","floor":22,"gold_loss":0},{"damage_healed":0,"gold_gain":0,"player_choice":"Simplicity","damage_taken":0,"max_hp_gain":0,"max_hp_loss":0,"event_name":"Back to Basics","floor":33,"gold_loss":0,"cards_upgraded":["Strike_B","Strike_B","Strike_B","Defend_B","Defend_B","Defend_B","Defend_B","Defend_P"]},{"damage_healed":19,"gold_gain":0,"player_choice":"Writhe","damage_taken":0,"max_hp_gain":0,"max_hp_loss":0,"event_name":"Winding Halls","floor":38,"gold_loss":0,"cards_obtained":["Writhe"]},{"cards_removed":["Strike_B"],"damage_healed":0,"gold_gain":0,"player_choice":"Removed Attack","damage_taken":0,"max_hp_gain":0,"max_hp_loss":0,"event_name":"Falling","floor":41,"gold_loss":0},{"damage_healed":0,"gold_gain":0,"player_choice":"Rummage","damage_taken":0,"relics_obtained":["WarpedTongs"],"max_hp_gain":0,"max_hp_loss":0,"event_name":"Accursed Blacksmith","floor":44,"gold_loss":0,"cards_obtained":["Pain"]}],"is_beta":false,"boss_relics":[{"not_picked":["ReplayTheSpireMod:DimensionalGlitch","SlaversCollar"],"picked":"Calling Bell"},{"not_picked":["Ring of Chaos","Tiny House"],"picked":"Kintsugi"}],"items_purged_floors":[16,39],"is_endless":false,"potions_floor_spawned":[1,12,18,21,26,27,30,32,42,43,47,50],"ascension_level":1}}