{"host":"lufzn74xe9ct3rkf","time":1614063490,"event":{"mods":["AchievementEnabler","BaseMod","Evolution","Minty Spire (QoL Compilation)","StSLib","Treasure Hunter"],"gold_per_floor":[180,280,43,43,60,87,142,142,142],"floor_reached":8,"language":"ENG","playtime":739,"items_purged":[],"score":54,"play_id":"04eef566-0a0c-4c06-873a-603a65f0ca81","local_time":"20210222225810","daily_mods":["ControlledChaos","Allstar","Red Cards","Green Cards","Blue Cards","Purple Cards","Colorless Cards","Heirloom","Time Dilation","Flight","DeadlyEvents","Elite Swarm"],"is_ascension_mode":false,"campfire_choices":[],"circlet_count":0,"master_deck":["Demon Form","Wraith Form v2","Echo Form","DevaForm","FollowUp","FollowUp","FollowUp","Strike_G","Strike_G","Defend_G","Defend_G","Defend_G","Defend_G","Defend_G","Survivor","Neutralize","TH:PixieDust","Jack Of All Trades","Trip","Trip","Thinking Ahead","Accuracy","Flash of Steel","TH:EnergyPotion","Flying Knee","TH:EnergyPotion","TH:Mimic","Slice"],"relics":["Ring of the Snake","Frozen Eye","EVO:Axolotl","Dead Branch","Toolbox","Bag of Preparation","MealTicket","Tough Bandages"],"acts_visited":["Exordium"],"potions_floor_usage":[6],"damage_taken":[{"damage":6,"enemies":"Jaw Worm","floor":1,"turns":2},{"damage":9,"enemies":"Cultist","floor":5,"turns":4},{"damage":39,"enemies":"3 Sentries","floor":6,"turns":5},{"damage":4,"enemies":"Gremlin Nob","floor":7,"turns":2},{"damage":7,"enemies":"Lagavulin","floor":8,"turns":3}],"seed_played":"5952216092305122903","potions_obtained":[{"floor":5,"key":"Swift Potion"}],"is_trial":true,"path_per_floor":["M","?","$","T","M","E","?","E"],"character_chosen":"THE_SILENT","items_purchased":["Flash of Steel","Toolbox"],"campfire_rested":0,"item_purchase_floors":[3,3],"current_hp_per_floor":[64,64,64,64,55,16,12,5,5],"gold":142,"neow_bonus":"","is_daily":false,"chose_seed":false,"campfire_upgraded":0,"win_rate":0.0,"timestamp":1614063490,"path_taken":["M","?","$","?","M","E","?","E"],"items_purchased_type":["Card","Relic"],"build_version":"2020-12-22","purchased_purges":0,"victory":false,"max_hp_per_floor":[70,70,70,70,70,70,70,70,70],"card_choices":[{"not_picked":["Blind","Headbutt"],"picked":"Accuracy","floor":1},{"not_picked":["TH:ElvenBoots"],"picked":"TH:EnergyPotion","floor":4},{"not_picked":["JustLucky","EmptyBody"],"picked":"Flying Knee","floor":5},{"not_picked":["TH:TreasureMap"],"picked":"TH:EnergyPotion","floor":6},{"not_picked":["Night Terror","TH:DeckOfManyThings"],"picked":"TH:Mimic","floor":6},{"not_picked":["Cold Snap","Backstab"],"picked":"Slice","floor":7}],"player_experience":33385,"relics_obtained":[{"floor":4,"key":"Bag of Preparation"},{"floor":6,"key":"MealTicket"},{"floor":7,"key":"Tough Bandages"}],"event_choices":[{"damage_healed":0,"gold_gain":100,"player_choice":"Pray","damage_taken":0,"max_hp_gain":0,"max_hp_loss":0,"event_name":"Golden Shrine","floor":2,"gold_loss":0},{"damage_healed":0,"gold_gain":0,"player_choice":"Searched \u00271\u0027 times","damage_taken":0,"max_hp_gain":0,"max_hp_loss":0,"event_name":"Dead Adventurer","floor":7,"gold_loss":0}],"is_beta":false,"boss_relics":[],"items_purged_floors":[],"is_endless":false,"potions_floor_spawned":[5],"killed_by":"Lagavulin","ascension_level":0}}