{"host":"prxrhpgaxnj4om9r","time":1614070645,"event":{"mods":["AchievementEnabler","BaseMod","Colored Map","DeckTracker","Minty Spire (QoL Compilation)"],"gold_per_floor":[118,132,146,158,90,115,115,135,189,189,189,200,256,256,256,352,352,364,218,33,33,0,0],"floor_reached":22,"language":"KOR","playtime":576,"items_purged":[],"score":272,"play_id":"685e638e-fcc2-4fbd-a193-06f838e00952","local_time":"20210223175725","is_ascension_mode":true,"campfire_choices":[{"data":"Zap","floor":7,"key":"SMITH"},{"data":"Genetic Algorithm","floor":10,"key":"SMITH"},{"floor":15,"key":"REST"}],"circlet_count":0,"master_deck":["Strike_B+1","Strike_B+1","Strike_B+1","Strike_B+1","Defend_B+1","Defend_B+1","Defend_B+1","Defend_B+1","Zap+1","Dualcast","Conserve Battery","Beam Cell","Doom and Gloom","Stack+1","Streamline+1","Sunder","Heatsinks","Genetic Algorithm+1","Barrage","Creative AI","CurseOfTheBell","Defragment+1","Reboot","Genetic Algorithm"],"relics":["Cracked Core","Blue Candle","Bag of Preparation","Calling Bell","Vajra","Darkstone Periapt","Peace Pipe","PreservedInsect"],"acts_visited":["Exordium","TheCity"],"potions_floor_usage":[6,16,16,22],"damage_taken":[{"damage":1,"enemies":"Cultist","floor":1,"turns":3},{"damage":0,"enemies":"Small Slimes","floor":2,"turns":3},{"damage":3,"enemies":"2 Louse","floor":3,"turns":3},{"damage":6,"enemies":"Blue Slaver","floor":4,"turns":3},{"damage":0,"enemies":"Gremlin Nob","floor":6,"turns":2},{"damage":16,"enemies":"Lots of Slimes","floor":8,"turns":3},{"damage":5,"enemies":"Exordium Thugs","floor":12,"turns":3},{"damage":43,"enemies":"The Guardian","floor":16,"turns":8},{"damage":50,"enemies":"Spheric Guardian","floor":18,"turns":6},{"damage":19,"enemies":"2 Thieves","floor":22,"turns":2}],"seed_played":"8106603471091619834","potions_obtained":[{"floor":1,"key":"EssenceOfDarkness"},{"floor":2,"key":"ColorlessPotion"},{"floor":12,"key":"Explosive Potion"},{"floor":16,"key":"Strength Potion"}],"is_trial":false,"path_per_floor":["M","M","M","M","$","E","R","M","T","R","?","M","?","?","R","B",null,"M","$","$","?","M"],"character_chosen":"DEFECT","items_purchased":["Sunder","PreservedInsect","Reboot","Genetic Algorithm"],"campfire_rested":1,"item_purchase_floors":[5,19,20,20],"current_hp_per_floor":[67,67,64,58,58,58,58,42,42,42,42,37,37,37,59,16,60,10,10,10,10,0,0],"gold":0,"neow_bonus":"THREE_CARDS","is_daily":false,"chose_seed":false,"campfire_upgraded":2,"win_rate":0.0,"timestamp":1614070645,"path_taken":["M","M","?","?","$","E","R","M","T","R","?","?","?","?","R","BOSS","M","?","$","?","M"],"items_purchased_type":["Card","Relic","Card","Card"],"build_version":"2020-12-22","purchased_purges":0,"victory":false,"max_hp_per_floor":[75,75,75,75,75,75,75,75,75,75,75,75,75,75,75,75,75,75,75,75,75,75,75],"card_choices":[{"not_picked":["Beam Cell","Heatsinks"],"picked":"Conserve Battery","floor":0},{"not_picked":["Hello World","Chill"],"picked":"Beam Cell","floor":1},{"not_picked":["Conserve Battery","Consume"],"picked":"Doom and Gloom","floor":2},{"not_picked":["Cold Snap","Steam"],"picked":"Stack","floor":3},{"not_picked":["Conserve Battery","Reinforced Body"],"picked":"Streamline","floor":4},{"not_picked":["Tempest","Cold Snap"],"picked":"Heatsinks","floor":6},{"not_picked":["Ball Lightning","Static Discharge"],"picked":"Genetic Algorithm","floor":8},{"not_picked":["Force Field","Go for the Eyes"],"picked":"Barrage","floor":12},{"not_picked":["Thunder Strike","Machine Learning"],"picked":"Creative AI","floor":16},{"not_picked":["Streamline+1","Hologram"],"picked":"Defragment+1","floor":18}],"player_experience":609809,"relics_obtained":[{"floor":6,"key":"Blue Candle"},{"floor":9,"key":"Bag of Preparation"},{"floor":17,"key":"Vajra"},{"floor":17,"key":"Darkstone Periapt"},{"floor":17,"key":"Peace Pipe"}],"event_choices":[{"damage_healed":0,"gold_gain":0,"player_choice":"Forge","damage_taken":0,"max_hp_gain":0,"max_hp_loss":0,"event_name":"Accursed Blacksmith","floor":11,"gold_loss":0,"cards_upgraded":["Streamline"]},{"damage_healed":0,"gold_gain":56,"player_choice":"Gained Gold","damage_taken":0,"max_hp_gain":0,"max_hp_loss":0,"event_name":"Golden Wing","floor":13,"gold_loss":0},{"damage_healed":0,"gold_gain":0,"player_choice":"Upgraded","damage_taken":0,"max_hp_gain":0,"max_hp_loss":0,"event_name":"Upgrade Shrine","floor":14,"gold_loss":0,"cards_upgraded":["Stack"]},{"damage_healed":0,"gold_gain":0,"player_choice":"Simplicity","damage_taken":0,"max_hp_gain":0,"max_hp_loss":0,"event_name":"Back to Basics","floor":21,"gold_loss":0,"cards_upgraded":["Strike_B","Strike_B","Strike_B","Strike_B","Defend_B","Defend_B","Defend_B","Defend_B"]}],"is_beta":false,"boss_relics":[{"not_picked":["Inserter","Busted Crown"],"picked":"Calling Bell"}],"items_purged_floors":[],"is_endless":false,"potions_floor_spawned":[1,2,12,16],"killed_by":"2 Thieves","ascension_level":6}}