{"host":"tsc2lbal71qs15ls","time":1614052161,"event":{"mods":["BaseMod","Downfall","Minty Spire (QoL Compilation)","StSLib"],"gold_per_floor":[99,158,158,158,171,191,269,105,118,133,133,233,249,249,249],"floor_reached":14,"language":"ENG","playtime":682,"items_purged":[],"score":80,"play_id":"c47f409c-97e6-4458-93be-e1fb432c7d67","local_time":"20210222204921","is_ascension_mode":false,"campfire_choices":[{"data":"bronze:Replicate","floor":1,"key":"SMITH"},{"floor":11,"key":"REST"}],"circlet_count":0,"master_deck":["bronze:Strike","bronze:Strike","bronze:Defend","bronze:Defend","bronze:Defend","bronze:Defend","bronze:Replicate+1","Purity","bronze:WhirlingStrike","bronze:CutThrough","bronze:Branch","bronze:Iterate","bronze:RecursiveStrike","bronze:Overload","bronze:Format+1","bronze:Invalidate","bronze:Optimize","bronze:Virus"],"relics":["bronze:BronzeCore","White Beast Statue","Letter Opener"],"acts_visited":["Exordium"],"potions_floor_usage":[8,12,12,12,14],"damage_taken":[{"damage":57,"enemies":"Lagavulin Event","floor":2,"turns":8},{"damage":0,"enemies":"2 Louse","floor":5,"turns":2},{"damage":0,"enemies":"Small Slimes","floor":6,"turns":3},{"damage":0,"enemies":"downfall:FleeingMerchant","floor":8,"turns":4},{"damage":6,"enemies":"Jaw Worm","floor":9,"turns":4},{"damage":0,"enemies":"Large Slime","floor":10,"turns":2},{"damage":2,"enemies":"downfall:Heads","floor":12,"turns":4},{"damage":14,"enemies":"Gremlin Gang","floor":13,"turns":2},{"damage":17,"enemies":"3 Sentries","floor":14,"turns":3}],"seed_played":"-8597684873677601529","potions_obtained":[{"floor":2,"key":"champ:CounterPotion"},{"floor":5,"key":"Weak Potion"},{"floor":6,"key":"DuplicationPotion"},{"floor":8,"key":"SneckoOil"},{"floor":12,"key":"Dexterity Potion"},{"floor":13,"key":"DistilledChaos"}],"is_trial":false,"path_per_floor":["R","?","?","?","M","M","T","$","M","M","R","?","M","E"],"character_chosen":"THE_AUTOMATON","items_purchased":["bronze:RecursiveStrike"],"campfire_rested":1,"item_purchase_floors":[8],"current_hp_per_floor":[70,13,13,13,13,13,13,13,7,7,28,26,12,0,0,0],"gold":249,"neow_bonus":"RANDOM_COLORLESS","is_daily":false,"chose_seed":false,"campfire_upgraded":1,"win_rate":0.0,"timestamp":1614052161,"path_taken":["R","?","?","?","M","M","T","?","M","M","R","?","M","E"],"items_purchased_type":["Card"],"build_version":"2020-12-22","purchased_purges":0,"victory":false,"max_hp_per_floor":[70,70,70,70,70,70,70,70,70,70,70,70,70,70,70,70],"card_choices":[{"not_picked":["Deep Breath","Finesse"],"picked":"Purity","floor":0},{"not_picked":["bronze:DelayedSlice","bronze:Overheat"],"picked":"bronze:WhirlingStrike","floor":2},{"not_picked":["bronze:WhirlingStrike","bronze:Shield"],"picked":"bronze:CutThrough","floor":5},{"not_picked":["bronze:Shield","bronze:Repair"],"picked":"bronze:Branch","floor":6},{"not_picked":["bronze:CloningBeam","bronze:DarkDash"],"picked":"bronze:Iterate","floor":8},{"not_picked":["bronze:OilSpill","bronze:ForLoop"],"picked":"bronze:Overload","floor":9},{"not_picked":["bronze:WildBeam","bronze:DelayedGuard"],"picked":"bronze:Format","floor":10},{"not_picked":["bronze:DelayedGuard","bronze:OilSpill"],"picked":"bronze:Optimize","floor":12},{"not_picked":["bronze:Return","bronze:Branch"],"picked":"bronze:Virus","floor":13}],"player_experience":269709,"relics_obtained":[{"floor":2,"key":"White Beast Statue"},{"floor":7,"key":"Letter Opener"}],"event_choices":[],"is_beta":false,"boss_relics":[],"items_purged_floors":[],"is_endless":false,"potions_floor_spawned":[2,5,6,8,9,10,12,13],"killed_by":"3 Sentries","ascension_level":0}}