{"host":"kvo7eymyd21g9abd","time":1614109465,"event":{"mods":["AchievementEnabler","BaseMod","Bestiary","Colored Map","Minty Spire (QoL Compilation)","StSLib"],"gold_per_floor":[114,125,144,157,15,15,50,50,50,82,99,111,127,127,127,224,224,240,240,220,231,82,82,117,117,140,140,140],"floor_reached":27,"language":"ENG","playtime":926,"items_purged":[],"score":279,"play_id":"282e810b-92a8-46b5-aeca-ce7e6ee34f51","local_time":"20210223144425","is_ascension_mode":true,"campfire_choices":[{"floor":6,"key":"RECALL"},{"floor":8,"key":"REST"},{"floor":15,"key":"REST"},{"floor":23,"key":"REST"},{"floor":25,"key":"REST"}],"circlet_count":0,"master_deck":["Strike_P+1","Strike_P","Strike_P+1","Strike_P","Defend_P","Defend_P","Defend_P","Defend_P","Eruption","Vigilance","PathToVictory","ThirdEye","ThirdEye","PathToVictory","Sanctity","Meditate","Evaluate","ThirdEye","DeusExMachina","EmptyMind"],"relics":["PureWater","Whetstone","Gambling Chip","StrikeDummy","Ornamental Fan","Potion Belt","Velvet Choker","Gremlin Horn","Anchor"],"acts_visited":["Exordium","TheCity"],"potions_floor_usage":[7,7,24,27],"damage_taken":[{"damage":2,"enemies":"Jaw Worm","floor":1,"turns":4},{"damage":1,"enemies":"2 Louse","floor":2,"turns":2},{"damage":0,"enemies":"Cultist","floor":3,"turns":3},{"damage":7,"enemies":"Looter","floor":4,"turns":3},{"damage":30,"enemies":"3 Sentries","floor":7,"turns":10},{"damage":16,"enemies":"Gremlin Nob","floor":10,"turns":3},{"damage":6,"enemies":"3 Louse","floor":11,"turns":2},{"damage":2,"enemies":"Red Slaver","floor":12,"turns":4},{"damage":2,"enemies":"2 Fungi Beasts","floor":13,"turns":4},{"damage":14,"enemies":"Hexaghost","floor":16,"turns":8},{"damage":0,"enemies":"Chosen","floor":18,"turns":4},{"damage":41,"enemies":"2 Thieves","floor":21,"turns":4},{"damage":54,"enemies":"Slavers","floor":24,"turns":5},{"damage":39,"enemies":"Chosen and Byrds","floor":27,"turns":4}],"seed_played":"1158609603638436966","potions_obtained":[{"floor":4,"key":"PowerPotion"},{"floor":10,"key":"LiquidBronze"},{"floor":11,"key":"Strength Potion"},{"floor":12,"key":"Energy Potion"},{"floor":20,"key":"FearPotion"}],"is_trial":false,"path_per_floor":["M","M","M","M","$","R","E","R","T","E","M","M","M","?","R","B",null,"M","?","?","M","$","R","E","R","T","M"],"character_chosen":"WATCHER","items_purchased":["PathToVictory","Explosive Potion","Fire Potion","FairyPotion","Explosive Potion"],"campfire_rested":4,"item_purchase_floors":[5,5,5,22,22],"current_hp_per_floor":[70,69,69,62,62,62,32,53,53,37,31,29,27,9,30,16,72,72,59,59,18,18,41,12,35,35,0,0],"gold":140,"neow_bonus":"RANDOM_COMMON_RELIC","is_daily":false,"chose_seed":false,"campfire_upgraded":0,"win_rate":0.0,"timestamp":1614109465,"path_taken":["M","M","M","M","$","R","E","R","T","E","M","M","M","?","R","BOSS","M","?","?","M","$","R","E","R","T","M"],"items_purchased_type":["Card","Potion","Potion","Potion","Potion"],"build_version":"2020-12-22","purchased_purges":0,"victory":false,"max_hp_per_floor":[72,72,72,72,72,72,72,72,72,72,72,72,72,72,72,72,72,72,77,77,77,77,77,77,77,77,77,77],"card_choices":[{"not_picked":["JustLucky","Tantrum"],"picked":"PathToVictory","floor":1},{"not_picked":["FollowUp","SashWhip"],"picked":"ThirdEye","floor":2},{"not_picked":["Halt","ClearTheMind","Prostrate"],"picked":"SKIP","floor":3},{"not_picked":["BowlingBash","Meditate"],"picked":"ThirdEye","floor":4},{"not_picked":["SandsOfTime","BattleHymn"],"picked":"Sanctity","floor":7},{"not_picked":["Ragnarok","LikeWater"],"picked":"Meditate","floor":10},{"not_picked":["Consecrate","InnerPeace"],"picked":"Evaluate","floor":11},{"not_picked":["Adaptation","TalkToTheHand","MentalFortress"],"picked":"SKIP","floor":12},{"not_picked":["WaveOfTheHand","TalkToTheHand"],"picked":"ThirdEye","floor":13},{"not_picked":["ConjureBlade","SpiritShield"],"picked":"DeusExMachina","floor":16},{"not_picked":["Conclude+1","ReachHeaven","Pray"],"picked":"SKIP","floor":18},{"not_picked":["ReachHeaven","Collect","CrushJoints+1"],"picked":"SKIP","floor":21},{"not_picked":["Protect","Crescendo"],"picked":"EmptyMind","floor":24}],"player_experience":474239,"relics_obtained":[{"floor":7,"key":"Gambling Chip"},{"floor":9,"key":"StrikeDummy"},{"floor":10,"key":"Ornamental Fan"},{"floor":24,"key":"Gremlin Horn"},{"floor":26,"key":"Anchor"}],"event_choices":[{"damage_healed":0,"gold_gain":0,"player_choice":"Success","damage_taken":18,"relics_obtained":["Potion Belt"],"max_hp_gain":0,"max_hp_loss":0,"event_name":"Scrap Ooze","floor":14,"gold_loss":0},{"damage_healed":0,"gold_gain":0,"player_choice":"Shed Blood","damage_taken":18,"max_hp_gain":5,"max_hp_loss":0,"event_name":"Forgotten Altar","floor":19,"gold_loss":0},{"damage_healed":0,"gold_gain":0,"player_choice":"Bought 1 Potion","damage_taken":0,"max_hp_gain":0,"max_hp_loss":0,"event_name":"The Woman in Blue","floor":20,"gold_loss":0}],"is_beta":false,"boss_relics":[{"not_picked":["Runic Pyramid","Snecko Eye"],"picked":"Velvet Choker"}],"items_purged_floors":[],"is_endless":false,"potions_floor_spawned":[4,10,11,12],"killed_by":"Chosen and Byrds","ascension_level":3}}