{"host":"blhqr6uo32maonpv","time":1614115755,"event":{"mods":["BaseMod","Colored Powertips","Downfall","Hermit","Minty Spire (QoL Compilation)","Replay The Spire","StSLib","The Bug Knight","The Marked"],"gold_per_floor":[99,110,22,34,34,69,69,88,108,208,233,133,144,157,168,272,272,172,182,202,23,43,43,89,99,109,109,135,35,35,46,63,166,166,166,177,227,227,1,15,68,98,98,6,6,26,61,81,94,94,94,128,26,26,26,26],"floor_reached":57,"language":"ENG","playtime":4757,"items_purged":[],"score":1323,"play_id":"af5e0f5e-1b8d-4169-8562-61cb0abed702","local_time":"20210223172915","is_ascension_mode":false,"campfire_choices":[{"floor":1.0,"key":"RECALL"},{"floor":12.0,"key":"REST"},{"floor":18.0,"key":"DIG"},{"floor":27.0,"key":"REST"},{"floor":29.0,"key":"REST"},{"data":"expansioncontent:StudyTheSpire","floor":35.0,"key":"SMITH"},{"floor":43,"key":"REST"},{"floor":45,"key":"REST"},{"data":"hexamod:SearingWound","floor":54,"key":"SMITH"}],"circlet_count":0,"master_deck":["hexamod:Strike+1","hexamod:Strike+1","hexamod:Strike+1","hexamod:Defend+1","hexamod:Defend","hexamod:Defend+1","hexamod:Defend+1","hexamod:Sear+1","hexamod:Float+1","hexamod:GhostflameBarrier+1","hexamod:PhantomCloak+1","hexamod:RadiantFlame","hexamod:ShieldOfDarkness","hexamod:Firestarter+1","hexamod:EtherealExpedition","hexamod:HeatMetal+1","hexamod:GhostShield+1","hexamod:ThirdSeal","hexamod:SearingWound+1","hexamod:SixthSeal","hexamod:PhantomFireball+1","hexamod:Firestarter+1","hexamod:GhostLash+1","hexamod:FlamesFromBeyond+1","expansioncontent:StudyTheSpire+1","hexamod:InspiringFlames+1","hexamod:EmpoweredFlame+1","hexamod:ExtraCrispy","hexamod:Hexaguard+1","hexamod:BurningTouch+1","hexamod:TimeWarp+1","hexamod:ThermalTransfer+1","hexamod:EtherealExpedition+1","hexamod:PhantomCloak+1","hexamod:ParanormalForm","hexamod:TimeOfNeed","hexamod:HeatShield+1","hexamod:GhostShield+1","hexamod:FlamesFromBeyond+1","hexamod:FirstSeal","hexamod:RainOfEmbers+1","hexamod:RainOfEmbers","hexamod:VolcanoVisage+1","hexamod:PowerFromBeyond","hexamod:SpectersWail","hexamod:SearingWound+1","hexamod:SearingWound","hexamod:ExtraCrispy+1","hexamod:HeatShield+1","hexamod:RecurringNightmare+1","Parasite","hexamod:FastForward","hexamod:BurningTouch+1","hexamod:FlamesFromBeyond+1","hexamod:RadiantFlame+1"],"relics":["hexamod:UnbrokenSoul","hexamod:SoulConsumer","Pen Nib","downfall:HeartBlessingBlue","downfall:HeartBlessingRed","Mummified Hand","Replay:Rubber Ducky","downfall:HeartBlessingGreen","Replay:Bronze Core","Counterbalance","HandDrill","Pet Ghost","Whetstone","Replay:Ringing Soul","ReplayTheSpireMod:Ninjato"],"acts_visited":["Exordium","TheCity","TheBeyond","TheEnding"],"potions_floor_usage":[39,42,47,50,50,50,56],"damage_taken":[{"damage":1.0,"enemies":"Small Slimes","floor":2.0,"turns":4.0},{"damage":0.0,"enemies":"downfall:FleeingMerchant","floor":3.0,"turns":4.0},{"damage":6.0,"enemies":"Jaw Worm","floor":4.0,"turns":3.0},{"damage":13.0,"enemies":"Lagavulin","floor":6.0,"turns":9.0},{"damage":0.0,"enemies":"Cultist","floor":8.0,"turns":3.0},{"damage":0.0,"enemies":"Exordium Thugs","floor":9.0,"turns":6.0},{"damage":18.0,"enemies":"3 Sentries","floor":11.0,"turns":8.0},{"damage":20.0,"enemies":"3 Louse","floor":13.0,"turns":6.0},{"damage":10.0,"enemies":"Blue Slaver","floor":14.0,"turns":6.0},{"damage":11.0,"enemies":"Exordium Thugs","floor":15.0,"turns":5.0},{"damage":13.0,"enemies":"IC_STATUS_ARCHETYPE","floor":16.0,"turns":7.0},{"damage":23.0,"enemies":"Spheric Guardian","floor":19.0,"turns":6.0},{"damage":21.0,"enemies":"3 Byrds","floor":20.0,"turns":5.0},{"damage":15.0,"enemies":"downfall:FleeingMerchant","floor":21.0,"turns":4.0},{"damage":32.0,"enemies":"Snake Plant","floor":22.0,"turns":5.0},{"damage":3.0,"enemies":"Cultist and Chosen","floor":25.0,"turns":6.0},{"damage":11.0,"enemies":"Sentry and Sphere","floor":26.0,"turns":6.0},{"damage":0.0,"enemies":"HollowMod:Nosk","floor":28.0,"turns":10.0},{"damage":1.0,"enemies":"Snecko","floor":31.0,"turns":5.0},{"damage":15.0,"enemies":"Shelled Parasite and Fungi","floor":32.0,"turns":4.0},{"damage":4.0,"enemies":"SI_MIRROR_ARCHETYPE","floor":33.0,"turns":11.0},{"damage":0.0,"enemies":"3 Darklings","floor":36.0,"turns":4.0},{"damage":43.0,"enemies":"3 Darklings","floor":37.0,"turns":9.0},{"damage":0,"enemies":"downfall:FleeingMerchant","floor":39,"turns":5},{"damage":2,"enemies":"3 Shapes","floor":40,"turns":4},{"damage":42,"enemies":"Reptomancer","floor":42,"turns":7},{"damage":0,"enemies":"downfall:FleeingMerchant","floor":44,"turns":4},{"damage":0,"enemies":"Sphere and 2 Shapes","floor":46,"turns":6},{"damage":39,"enemies":"Giant Head","floor":47,"turns":9},{"damage":15,"enemies":"Spire Growth","floor":48,"turns":5},{"damage":0,"enemies":"Writhing Mass","floor":49,"turns":6},{"damage":31,"enemies":"DF_ARCHETYPE_ORBS","floor":50,"turns":8},{"damage":8,"enemies":"downfall:CharBossMerchant","floor":52,"turns":8},{"damage":0,"enemies":"downfall:NeowBoss","floor":55,"turns":15},{"damage":58,"enemies":"downfall:NeowBossFinal","floor":56,"turns":10}],"seed_played":"-1017599205215559710","potions_obtained":[{"floor":2.0,"key":"LiquidBronze"},{"floor":6.0,"key":"Milkshake"},{"floor":9.0,"key":"hexamod:EctoCoolerPotion"},{"floor":15.0,"key":"champ:CounterPotion"},{"floor":16.0,"key":"hexamod:EctoCoolerPotion"},{"floor":20.0,"key":"Regen Potion"},{"floor":22.0,"key":"Block Potion"},{"floor":28.0,"key":"FearPotion"},{"floor":31.0,"key":"Explosive Potion"},{"floor":32.0,"key":"FearPotion"},{"floor":36.0,"key":"Energy Potion"},{"floor":37.0,"key":"Elixir"},{"floor":46,"key":"Dexterity Potion"},{"floor":48,"key":"champ:CounterPotion"},{"floor":49,"key":"hexamod:SoulburnPotion"}],"is_trial":false,"path_per_floor":["R","M","$","M","?","E","T","M","M","?","E","R","M","M","M","B",null,"R","M","M","$","M","?","T","M","M","R","E","R","?","M","M","B",null,"R","M","?","?","$","M","T","E","R","$","R","M","E","M","M","B",null,"E","$","R","B","B",null],"character_chosen":"THE_SPIRIT","items_purchased":["hexamod:RadiantFlame","expansioncontent:StudyTheSpire","hexamod:RainOfEmbers","HandDrill","hexamod:SearingWound","hexamod:RadiantFlame+1","SkillPotion"],"campfire_rested":5,"item_purchase_floors":[3,21,39,39,44,53,53],"current_hp_per_floor":[77,76,76,70,70,57,57,61,65,65,51,87,71,65,58,49,87,87,64,47,50,22,22,22,23,16,42,46,72,72,75,64,64,87,87,87,48,41,52,54,54,33,59,70,87,87,62,61,75,55,96,95,98,98,102,55],"gold":26,"neow_bonus":"TEN_PERCENT_HP_BONUS","is_daily":false,"chose_seed":false,"campfire_upgraded":2,"win_rate":0.0,"timestamp":1614115755,"path_taken":["R","M","$","M","?","E","T","M","M","?","E","R","M","?","M","BOSS","R","M","M","$","M","?","T","M","M","R","E","R","?","M","M","BOSS","R","M","?","?","?","M","T","E","R","$","R","?","E","M","M","BOSS","E","$","R","BOSS","BOSS"],"items_purchased_type":["Card","Card","Card","Relic","Card","Card","Potion"],"build_version":"2020-12-22","purchased_purges":0,"victory":true,"max_hp_per_floor":[77,77,77,77,77,77,77,77,77,77,77,87,87,87,87,87,87,87,87,87,87,87,87,87,87,87,87,87,87,87,87,87,87,87,87,87,87,87,87,87,87,87,87,87,87,87,90,93,96,96,96,99,102,102,102,102],"card_choices":[{"not_picked":["hexamod:SkipABeat","hexamod:SwordOfDarkness"],"picked":"hexamod:GhostflameBarrier","floor":2.0},{"not_picked":["hexamod:PhantomFireball","hexamod:Incineration"],"picked":"hexamod:PhantomCloak","floor":3.0},{"not_picked":["hexamod:GhostShield","hexamod:GhostflameBarrier","hexamod:SwordOfDarkness"],"picked":"SKIP","floor":4.0},{"not_picked":["hexamod:RetreatToShadows","hexamod:Rewind","hexamod:BacktrackSmack"],"picked":"SKIP","floor":6.0},{"not_picked":["hexamod:RetreatToShadows","hexamod:HeatCrush"],"picked":"hexamod:ShieldOfDarkness","floor":8.0},{"not_picked":["hexamod:Haunt","hexamod:HauntingEcho"],"picked":"hexamod:Firestarter","floor":9.0},{"not_picked":["hexamod:RainOfEmbers","hexamod:DynamicBlow"],"picked":"hexamod:EtherealExpedition","floor":11.0},{"not_picked":["hexamod:ParanormalForm","hexamod:ShieldOfDarkness"],"picked":"hexamod:HeatMetal","floor":13.0},{"not_picked":["hexamod:EtherealExpedition","hexamod:CatchUp"],"picked":"hexamod:GhostShield","floor":14.0},{"not_picked":["hexamod:NightmareGuise","hexamod:GhostflameBarrier"],"picked":"hexamod:ThirdSeal","floor":15.0},{"not_picked":["hexamod:GiftsFromTheDead","hexamod:UnleashSpirits"],"picked":"hexamod:SearingWound","floor":16.0},{"not_picked":["hexamod:VolcanoVisage","hexamod:GhostflameInferno"],"picked":"hexamod:SixthSeal","floor":16.0},{"not_picked":["hexamod:NightmareStrike","hexamod:SwordOfDarkness+1"],"picked":"hexamod:PhantomFireball","floor":19.0},{"not_picked":["hexamod:HauntingEcho","hexamod:SpectralAdrenaline"],"picked":"hexamod:Firestarter+1","floor":19.0},{"not_picked":["hexamod:BacktrackSmack+1","hexamod:GhostflameBarrier"],"picked":"hexamod:GhostLash","floor":20.0},{"not_picked":["hexamod:GhostLash","hexamod:BurningTouch+1"],"picked":"hexamod:FlamesFromBeyond+1","floor":20.0},{"not_picked":["hexamod:BacktrackSmack+1","hexamod:AdvancingGuard+1","hexamod:UnlimitedPower"],"picked":"SKIP","floor":21.0},{"not_picked":["hexamod:Firestarter","hexamod:HeatCrush","hexamod:InspiringFlames"],"picked":"SKIP","floor":21.0},{"not_picked":["hexamod:GhostShield","hexamod:GhostLash"],"picked":"hexamod:InspiringFlames+1","floor":22.0},{"not_picked":["hexamod:CatchUp+1","hexamod:HauntingEcho","hexamod:GhostShield"],"picked":"SKIP","floor":22.0},{"not_picked":["hexamod:AdvancingGuard+1","hexamod:ThirdSeal"],"picked":"hexamod:EmpoweredFlame","floor":25.0},{"not_picked":["hexamod:BacktrackSmack","hexamod:NightmareStrike+1","hexamod:InspiringFlames+1"],"picked":"SKIP","floor":25.0},{"not_picked":["hexamod:HeatMetal+1","hexamod:ParanormalForm"],"picked":"hexamod:ExtraCrispy","floor":26.0},{"not_picked":["hexamod:ShieldOfDarkness","hexamod:ThermalTransfer"],"picked":"hexamod:Hexaguard+1","floor":26.0},{"not_picked":["hexamod:SkipABeat+1","hexamod:FourthSeal"],"picked":"hexamod:BurningTouch+1","floor":28.0},{"not_picked":["hexamod:GhostLash+1","hexamod:GhostShield","hexamod:HauntingEcho"],"picked":"SKIP","floor":28.0},{"not_picked":["hexamod:NightmareStrike","hexamod:FifthSeal"],"picked":"hexamod:ThermalTransfer+1","floor":31.0},{"not_picked":["hexamod:GhostflameBarrier","hexamod:HeatMetal"],"picked":"hexamod:EtherealExpedition+1","floor":32.0},{"not_picked":["hexamod:BacktrackSmack+1","hexamod:ThermalTransfer+1"],"picked":"hexamod:PhantomCloak+1","floor":32.0},{"not_picked":["hexamod:ForkedFlame","hexamod:GhostOfSpirePresent"],"picked":"hexamod:ParanormalForm","floor":33.0},{"not_picked":["hexamod:UnlimitedPower","hexamod:GhostOfSpirePresent"],"picked":"hexamod:TimeOfNeed","floor":33.0},{"not_picked":["hexamod:SpectersWail","hexamod:HeatMetal+1"],"picked":"hexamod:HeatShield+1","floor":36.0},{"not_picked":["hexamod:InspiringFlames","hexamod:DynamicBlow","hexamod:NightmareGuise"],"picked":"SKIP","floor":36.0},{"not_picked":["hexamod:RetreatToShadows","hexamod:Firestarter"],"picked":"hexamod:GhostShield+1","floor":37.0},{"not_picked":["hexamod:HeatCrush+1","hexamod:HeatMetal+1"],"picked":"hexamod:FlamesFromBeyond+1","floor":37.0},{"not_picked":["hexamod:FirstSeal","hexamod:NightmareStrike+1","hexamod:GhostOfSpirePast"],"picked":"SKIP","floor":39},{"not_picked":["hexamod:DynamicBlow","hexamod:SkipABeat"],"picked":"hexamod:VolcanoVisage","floor":40},{"not_picked":["hexamod:FlamesFromBeyond","hexamod:PhantomFireball"],"picked":"hexamod:PowerFromBeyond","floor":42},{"not_picked":["hexamod:BurningTouch","hexamod:GhostflameInferno"],"picked":"hexamod:SpectersWail","floor":42},{"not_picked":["hexamod:InspiringFlames+1","hexamod:HauntingEcho","hexamod:GhostShield+1"],"picked":"SKIP","floor":44},{"not_picked":["hexamod:NightmareStrike+1","hexamod:BurningTouch","hexamod:RainOfEmbers"],"picked":"SKIP","floor":44},{"not_picked":["hexamod:ExtraCrispy","hexamod:ThermalTransfer+1"],"picked":"hexamod:SearingWound","floor":46},{"not_picked":["hexamod:AdvancingGuard+1","hexamod:PowerFromBeyond"],"picked":"hexamod:ExtraCrispy","floor":46},{"not_picked":["hexamod:ShieldOfDarkness","hexamod:RecurringNightmare"],"picked":"hexamod:HeatShield+1","floor":47},{"not_picked":["hexamod:ParanormalForm","hexamod:Again+1","hexamod:SpectersWail+1"],"picked":"SKIP","floor":47},{"not_picked":["hexamod:RadiantFlame+1","hexamod:Hexaguard+1"],"picked":"hexamod:RecurringNightmare+1","floor":48},{"not_picked":["hexamod:FastForward","hexamod:Rewind","hexamod:HauntingEcho"],"picked":"SKIP","floor":49},{"not_picked":["hexamod:Rewind","hexamod:HauntingEcho"],"picked":"hexamod:FastForward","floor":49},{"not_picked":["hexamod:AdvancingGuard","hexamod:Hexaguard+1"],"picked":"hexamod:BurningTouch+1","floor":52},{"not_picked":["hexamod:HeatShield","hexamod:AdvancingGuard+1"],"picked":"hexamod:FlamesFromBeyond+1","floor":52}],"player_experience":67109,"relics_obtained":[{"floor":6.0,"key":"hexamod:SoulConsumer"},{"floor":11.0,"key":"Pen Nib"},{"floor":18.0,"key":"Mummified Hand"},{"floor":24.0,"key":"Replay:Rubber Ducky"},{"floor":28.0,"key":"Quantum Egg"},{"floor":37.0,"key":"Counterbalance"},{"floor":41,"key":"Pet Ghost"},{"floor":42,"key":"Whetstone"},{"floor":47,"key":"Replay:Ringing Soul"},{"floor":52,"key":"ReplayTheSpireMod:Ninjato"}],"event_choices":[],"is_beta":false,"boss_relics":[{"not_picked":["Fusion Hammer","Replay:Wanted Poster"],"picked":"hexamod:UnbrokenSoul"},{"not_picked":["Velvet Choker","Honey Jar"],"picked":"Replay:Bronze Core"}],"items_purged_floors":[],"is_endless":false,"potions_floor_spawned":[2,6,9,15,16,20,22,28,31,32,36,37,46,48,49],"ascension_level":0}}