{"host":"50qwps766cbz6ukm","time":1614074606,"event":{"mods":["BaseMod","Colored Map","Colored Powertips","DeckTracker","Highlight Path","Minty Spire (QoL Compilation)","Quick Restart","Remove Card Discount Mod","StSLib","SuperFastMode","Synergy Search"],"gold_per_floor":[117,127,153,2,2,30,30,30,57,71,82,117,133,145,145,241,241,261,279,279,279,293,293,324,324,324,343,353,353,206,241,241,346,346,362,412,412,429,474,474,499,499,499,534,534,545,389,407,407,407,407,407,98,128,128,128],"floor_reached":55,"language":"ENG","playtime":1239,"items_purged":["Strike_P","Strike_P","Strike_P","Strike_P","Defend_P","Defend_P","Defend_P","Defend_P","ForeignInfluence+1","Prostrate+1"],"score":1225,"play_id":"61435a1d-4fb9-4c6d-9d0b-38e96f3f366d","local_time":"20210223120326","is_ascension_mode":true,"campfire_choices":[{"data":"ForeignInfluence","floor":8,"key":"SMITH"},{"data":"Vigilance","floor":15,"key":"SMITH"},{"data":"Consecrate","floor":23,"key":"SMITH"},{"data":"Brilliance","floor":29,"key":"SMITH"},{"floor":32,"key":"RECALL"},{"data":"Prostrate","floor":40,"key":"SMITH"},{"floor":42,"key":"REST"},{"floor":49,"key":"REST"},{"floor":52,"key":"REST"}],"circlet_count":0,"master_deck":["AscendersBane","Eruption+1","Vigilance+1","Brilliance+1","Consecrate+1","Prostrate+1","Devotion"],"relics":["PureWater","NeowsBlessing","Art of War","Singing Bowl","Vajra","Toy Ornithopter","Sozu","Letter Opener","Bag of Marbles","Lantern","Sling","Kunai","VioletLotus","GoldenEye","Calipers","Happy Flower","MealTicket","Oddly Smooth Stone","Damaru","Blue Candle"],"acts_visited":["Exordium","TheCity","TheBeyond","TheEnding"],"potions_floor_usage":[19,50],"damage_taken":[{"damage":0,"enemies":"Cultist","floor":1,"turns":1},{"damage":0,"enemies":"2 Louse","floor":2,"turns":1},{"damage":0,"enemies":"Gremlin Nob","floor":6,"turns":1},{"damage":2,"enemies":"Small Slimes","floor":10,"turns":2},{"damage":0,"enemies":"Exordium Wildlife","floor":11,"turns":2},{"damage":12,"enemies":"Lagavulin","floor":12,"turns":3},{"damage":0,"enemies":"Large Slime","floor":13,"turns":3},{"damage":0,"enemies":"2 Fungi Beasts","floor":14,"turns":2},{"damage":28,"enemies":"Hexaghost","floor":16,"turns":7},{"damage":3,"enemies":"3 Byrds","floor":18,"turns":3},{"damage":0,"enemies":"2 Thieves","floor":19,"turns":2},{"damage":0,"enemies":"Snecko","floor":22,"turns":2},{"damage":9,"enemies":"Gremlin Leader","floor":24,"turns":4},{"damage":0,"enemies":"Chosen and Byrds","floor":27,"turns":2},{"damage":0,"enemies":"3 Cultists","floor":28,"turns":2},{"damage":0,"enemies":"Slavers","floor":31,"turns":1},{"damage":28,"enemies":"Champ","floor":33,"turns":5},{"damage":8,"enemies":"3 Shapes","floor":35,"turns":3},{"damage":28,"enemies":"Mind Bloom Boss Battle","floor":36,"turns":3},{"damage":0,"enemies":"Orb Walker","floor":38,"turns":2},{"damage":30,"enemies":"2 Orb Walkers","floor":39,"turns":3},{"damage":16,"enemies":"Reptomancer","floor":41,"turns":3},{"damage":34,"enemies":"Giant Head","floor":44,"turns":6},{"damage":0,"enemies":"4 Shapes","floor":46,"turns":5},{"damage":4,"enemies":"3 Darklings","floor":48,"turns":3},{"damage":47,"enemies":"Awakened One","floor":50,"turns":7},{"damage":56,"enemies":"Shield and Spear","floor":54,"turns":5},{"damage":73,"enemies":"The Heart","floor":55,"turns":2}],"seed_played":"7909768277967419105","potions_obtained":[{"floor":1,"key":"Explosive Potion"},{"floor":6,"key":"LiquidBronze"},{"floor":10,"key":"BlessingOfTheForge"},{"floor":12,"key":"StancePotion"},{"floor":16,"key":"LiquidMemories"}],"is_trial":false,"path_per_floor":["M","M","T","$","?","E","$","R","T","M","M","E","M","M","R","B",null,"M","M","?","T","M","R","E","$","T","M","M","R","$","E","R","B",null,"M","?","?","M","?","R","E","R","T","E","?","M","$","M","R","B",null,"R","$","E","B"],"character_chosen":"WATCHER","items_purchased":["Brilliance","Sling","Oddly Smooth Stone","Devotion","Damaru"],"campfire_rested":3,"item_purchase_floors":[4,30,47,53,53],"current_hp_per_floor":[65,65,65,65,65,67,67,67,67,65,67,57,59,61,61,35,72,71,78,78,78,80,80,73,73,73,75,77,77,77,79,79,53,88,82,54,54,56,28,28,14,44,44,12,92,92,92,90,94,47,82,94,94,40,0,0],"gold":128,"neow_bonus":"THREE_ENEMY_KILL","is_daily":false,"chose_seed":false,"campfire_upgraded":5,"win_rate":0.0,"timestamp":1614074606,"path_taken":["M","?","?","$","?","E","$","R","T","M","M","E","M","M","R","BOSS","M","?","?","?","M","R","E","?","T","M","M","R","$","E","R","BOSS","M","?","?","M","?","R","E","R","T","E","?","M","?","M","R","BOSS","R","$","E","BOSS"],"items_purchased_type":["Card","Relic","Relic","Card","Relic"],"build_version":"2020-12-22","purchased_purges":10,"victory":false,"max_hp_per_floor":[72,72,72,72,72,74,74,74,74,74,76,78,80,82,82,84,84,86,88,88,88,90,90,92,92,92,94,96,96,96,98,98,100,100,102,102,97,99,101,101,103,103,103,105,92,92,92,94,94,94,94,94,94,96,96,96],"card_choices":[{"not_picked":["SignatureMove","ThirdEye"],"picked":"ForeignInfluence","floor":1},{"not_picked":["EmptyFist","EmptyBody","JustLucky"],"picked":"SKIP","floor":2},{"not_picked":["JustLucky","FlyingSleeves","BowlingBash"],"picked":"Singing Bowl","floor":6},{"not_picked":["Halt","FollowUp"],"picked":"Consecrate","floor":10},{"not_picked":["CutThroughFate","Crescendo","ThirdEye"],"picked":"Singing Bowl","floor":11},{"not_picked":["Indignation","Meditate","FollowUp"],"picked":"Singing Bowl","floor":12},{"not_picked":["CrushJoints","EmptyFist","Swivel"],"picked":"Singing Bowl","floor":13},{"not_picked":["CutThroughFate","Vengeance","Consecrate"],"picked":"Singing Bowl","floor":14},{"not_picked":["Wish","ConjureBlade","Vault"],"picked":"Singing Bowl","floor":16},{"not_picked":["PathToVictory+1","BowlingBash","FlyingSleeves"],"picked":"Singing Bowl","floor":18},{"not_picked":["SignatureMove","Consecrate","FearNoEvil"],"picked":"Singing Bowl","floor":19},{"not_picked":["Evaluate","BowlingBash","Indignation+1"],"picked":"Singing Bowl","floor":22},{"not_picked":["BattleHymn","WheelKick","Consecrate"],"picked":"Singing Bowl","floor":24},{"not_picked":["WindmillStrike","Consecrate+1","FlyingSleeves"],"picked":"Singing Bowl","floor":27},{"not_picked":["PathToVictory+1","SashWhip","Crescendo"],"picked":"Singing Bowl","floor":28},{"not_picked":["FlyingSleeves+1","Vault","FollowUp+1"],"picked":"Singing Bowl","floor":31},{"not_picked":["Scrawl","DeusExMachina","Judgement"],"picked":"Singing Bowl","floor":33},{"not_picked":["EmptyFist","Swivel","SashWhip+1"],"picked":"Singing Bowl","floor":35},{"not_picked":["BowlingBash","PathToVictory"],"picked":"Prostrate","floor":36},{"not_picked":["Protect","EmptyFist","Nirvana"],"picked":"Singing Bowl","floor":38},{"not_picked":["EmptyFist","BowlingBash+1","Worship"],"picked":"Singing Bowl","floor":39},{"not_picked":["JustLucky+1","DeceiveReality+1","EmptyBody+1"],"picked":"Singing Bowl","floor":41},{"not_picked":["Sanctity+1","Tantrum+1","EmptyMind+1"],"picked":"Singing Bowl","floor":44},{"not_picked":["CutThroughFate","FlurryOfBlows+1"],"picked":"Prostrate+1","floor":46},{"not_picked":["FlyingSleeves","Evaluate","WheelKick+1"],"picked":"Singing Bowl","floor":48},{"not_picked":["Sanctity","Crescendo+1","SashWhip"],"picked":"Singing Bowl","floor":54}],"player_experience":603222,"relics_obtained":[{"floor":3,"key":"Art of War"},{"floor":6,"key":"Singing Bowl"},{"floor":9,"key":"Vajra"},{"floor":12,"key":"Toy Ornithopter"},{"floor":21,"key":"Letter Opener"},{"floor":24,"key":"Bag of Marbles"},{"floor":26,"key":"Lantern"},{"floor":31,"key":"Kunai"},{"floor":36,"key":"GoldenEye"},{"floor":39,"key":"Calipers"},{"floor":41,"key":"Happy Flower"},{"floor":44,"key":"MealTicket"},{"floor":54,"key":"Blue Candle"}],"event_choices":[{"damage_healed":0,"gold_gain":0,"player_choice":"Forge","damage_taken":0,"max_hp_gain":0,"max_hp_loss":0,"event_name":"Accursed Blacksmith","floor":5,"gold_loss":0,"cards_upgraded":["Eruption"]},{"damage_healed":0,"gold_gain":0,"player_choice":"Simplicity","damage_taken":0,"max_hp_gain":0,"max_hp_loss":0,"event_name":"Back to Basics","floor":20,"gold_loss":0,"cards_upgraded":[]},{"damage_healed":0,"gold_gain":0,"player_choice":"Fight","damage_taken":0,"max_hp_gain":0,"max_hp_loss":0,"event_name":"MindBloom","floor":36,"gold_loss":0},{"damage_healed":0,"gold_gain":0,"player_choice":"Max HP","damage_taken":0,"max_hp_gain":0,"max_hp_loss":5,"event_name":"Winding Halls","floor":37,"gold_loss":0},{"damage_healed":0,"gold_gain":0,"player_choice":"Fight","damage_taken":0,"max_hp_gain":0,"max_hp_loss":0,"event_name":"Mysterious Sphere","floor":39,"gold_loss":0},{"damage_healed":92,"gold_gain":0,"player_choice":"Heal","damage_taken":0,"max_hp_gain":0,"max_hp_loss":13,"event_name":"The Moai Head","floor":45,"gold_loss":0}],"is_beta":false,"boss_relics":[{"not_picked":["Empty Cage","Coffee Dripper"],"picked":"Sozu"},{"not_picked":["Runic Pyramid","SacredBark"],"picked":"VioletLotus"}],"items_purged_floors":[4,4,4,4,4,4,4,4,47,47],"is_endless":false,"potions_floor_spawned":[1,6,10,12,16,22,27,28,31,35,44],"killed_by":"The Heart","ascension_level":10}}