{"host":"nptej036rrbiurf5","time":1614056988,"event":{"mods":["BaseMod","Colored Map","Colored Powertips","DeckTracker","Minty Spire (QoL Compilation)","StSLib","SuperFastMode"],"gold_per_floor":[114,131,145,164,180,180,180,180,180,194,194,26,40,52,52,52,52],"floor_reached":16,"language":"KOR","playtime":371,"items_purged":[],"score":192,"play_id":"501f4751-ef78-4fb3-9629-11a37c110591","local_time":"20210223140948","is_ascension_mode":true,"campfire_choices":[{"data":"Double Tap","floor":6.0,"key":"SMITH"},{"data":"Rampage","floor":8.0,"key":"SMITH"},{"data":"Body Slam","floor":11.0,"key":"SMITH"},{"data":"Flame Barrier","floor":15.0,"key":"SMITH"}],"circlet_count":0,"master_deck":["AscendersBane","Strike_R","Strike_R","Strike_R","Defend_R","Defend_R","Defend_R","Bash","Double Tap+1","Rampage+1","Second Wind","Shrug It Off","Body Slam+1","Flame Barrier+1","Impervious"],"relics":["Burning Blood","Darkstone Periapt","Omamori"],"acts_visited":["Exordium"],"potions_floor_usage":[16],"damage_taken":[{"damage":10.0,"enemies":"Small Slimes","floor":1.0,"turns":3.0},{"damage":1.0,"enemies":"Cultist","floor":2.0,"turns":3.0},{"damage":3.0,"enemies":"2 Louse","floor":3.0,"turns":2.0},{"damage":14.0,"enemies":"Exordium Thugs","floor":4.0,"turns":5.0},{"damage":9.0,"enemies":"2 Fungi Beasts","floor":5.0,"turns":4.0},{"damage":5.0,"enemies":"Looter","floor":10.0,"turns":4.0},{"damage":7.0,"enemies":"Exordium Thugs","floor":13.0,"turns":4.0},{"damage":10.0,"enemies":"Exordium Wildlife","floor":14.0,"turns":3.0},{"damage":45,"enemies":"Slime Boss","floor":16,"turns":7}],"seed_played":"-5212041831808403529","potions_obtained":[{"floor":1.0,"key":"Dexterity Potion"},{"floor":3.0,"key":"EssenceOfSteel"},{"floor":4.0,"key":"SkillPotion"}],"is_trial":false,"path_per_floor":["M","M","M","M","M","R","?","R","T","M","R","$","M","M","R","B"],"character_chosen":"IRONCLAD","items_purchased":["Omamori"],"campfire_rested":0,"item_purchase_floors":[12],"current_hp_per_floor":[46,51,54,46,43,43,43,43,43,44,44,44,43,39,39,0,0],"gold":52,"neow_bonus":"TRANSFORM_TWO_CARDS","is_daily":false,"chose_seed":false,"campfire_upgraded":4,"win_rate":0.0,"timestamp":1614056988,"path_taken":["M","M","M","M","M","R","?","R","T","M","R","$","M","M","R","BOSS"],"items_purchased_type":["Relic"],"build_version":"2020-12-22","purchased_purges":0,"victory":false,"max_hp_per_floor":[75,75,75,75,75,75,75,75,75,75,75,75,75,75,75,75,75],"card_choices":[{"not_picked":["Rupture","Disarm"],"picked":"Second Wind","floor":1.0},{"not_picked":["Sword Boomerang","Seeing Red"],"picked":"Shrug It Off","floor":2.0},{"not_picked":["Body Slam","Thunderclap","Feel No Pain"],"picked":"SKIP","floor":3.0},{"not_picked":["Thunderclap","Feel No Pain"],"picked":"Body Slam","floor":3.0},{"not_picked":["Uppercut","Thunderclap","Havoc"],"picked":"SKIP","floor":4.0},{"not_picked":["True Grit","Iron Wave","Anger"],"picked":"SKIP","floor":5.0},{"not_picked":["Wild Strike","Heavy Blade"],"picked":"Flame Barrier","floor":10.0},{"not_picked":["Sword Boomerang","Shockwave","Twin Strike"],"picked":"SKIP","floor":13.0},{"not_picked":["Clash","Bloodletting"],"picked":"Impervious","floor":14.0}],"player_experience":1010172,"relics_obtained":[{"floor":9.0,"key":"Darkstone Periapt"}],"event_choices":[{"cards_removed":["Strike_R"],"damage_healed":0.0,"max_hp_gain":0.0,"max_hp_loss":0.0,"gold_gain":0.0,"event_name":"Bonfire Elementals","player_choice":"Offered Basic","floor":7.0,"gold_loss":0.0,"damage_taken":0.0}],"is_beta":false,"boss_relics":[],"items_purged_floors":[],"is_endless":false,"potions_floor_spawned":[1,3,4,10],"killed_by":"Slime Boss","ascension_level":20}}