{"host":"a57oumegxze0vmhs","time":1614076329,"event":{"mods":["AchievementEnabler","BaseMod","Colored Powertips","Minty Spire (QoL Compilation)","Relic Stats"],"gold_per_floor":[111,124,134,150,150,179,179,194,194,194,369,396,396,414,414,517,517,529,210,200,57,57,57],"floor_reached":22,"language":"ENG","playtime":600,"items_purged":["Doubt"],"score":284,"play_id":"255cb44f-14ce-4d38-900a-22c8de6c6c0c","local_time":"20210223123209","is_ascension_mode":true,"campfire_choices":[{"data":"Perfected Strike","floor":7.0,"key":"SMITH"},{"data":"Inflame","floor":10.0,"key":"SMITH"},{"data":"Fire Breathing","floor":15,"key":"SMITH"}],"circlet_count":0,"master_deck":["Strike_R","Strike_R","Strike_R","Strike_R","Strike_R","Defend_R","Defend_R","Defend_R","Defend_R","Bash+1","Perfected Strike+1","Dropkick","Spot Weakness","Headbutt","Feel No Pain","Inflame+1","Fire Breathing+1","Demon Form","Clothesline","Armaments","Rampage","Armaments+1","Power Through","Rampage"],"relics":["Burning Blood","Bag of Marbles","Ornamental Fan","Art of War","SacredBark","Vajra","Orrery"],"acts_visited":["Exordium","TheCity"],"potions_floor_usage":[12,16,18,20],"damage_taken":[{"damage":6.0,"enemies":"Cultist","floor":1.0,"turns":4.0},{"damage":7.0,"enemies":"Jaw Worm","floor":2.0,"turns":4.0},{"damage":0.0,"enemies":"Small Slimes","floor":3.0,"turns":3.0},{"damage":11.0,"enemies":"Looter","floor":4.0,"turns":2.0},{"damage":10.0,"enemies":"Gremlin Nob","floor":6.0,"turns":3.0},{"damage":11.0,"enemies":"Blue Slaver","floor":8.0,"turns":3.0},{"damage":35,"enemies":"Lagavulin","floor":12,"turns":5},{"damage":8,"enemies":"Large Slime","floor":14,"turns":4},{"damage":48,"enemies":"Slime Boss","floor":16,"turns":6},{"damage":41,"enemies":"Spheric Guardian","floor":18,"turns":6},{"damage":22,"enemies":"2 Thieves","floor":20,"turns":4},{"damage":27,"enemies":"Cultist and Chosen","floor":22,"turns":5}],"seed_played":"442765664431239115","potions_obtained":[{"floor":3.0,"key":"FearPotion"},{"floor":8.0,"key":"BlessingOfTheForge"},{"floor":12,"key":"Energy Potion"},{"floor":14,"key":"Dexterity Potion"},{"floor":16,"key":"ElixirPotion"}],"is_trial":false,"path_per_floor":["M","M","M","M","?","E","R","M","T","R","?","E","?","M","R","B",null,"M","$","M","$","M"],"character_chosen":"IRONCLAD","items_purchased":["Armaments","Rampage","Vajra","Orrery"],"campfire_rested":0,"item_purchase_floors":[19,19,19,21],"current_hp_per_floor":[80,79,85,80,80,76,76,71,71,71,71,42,71,69,69,27,73,38,38,22,22,0,0],"gold":57,"neow_bonus":"TEN_PERCENT_HP_BONUS","is_daily":false,"chose_seed":false,"campfire_upgraded":3,"win_rate":0.0,"timestamp":1614076329,"path_taken":["M","M","?","M","?","E","R","M","T","R","?","E","?","M","R","BOSS","M","$","M","$","M"],"items_purchased_type":["Card","Card","Relic","Relic"],"build_version":"2020-12-22","purchased_purges":1,"victory":false,"max_hp_per_floor":[88,88,88,88,88,88,88,88,88,88,88,88,88,88,88,88,88,88,88,88,88,88,88],"relic_stats":{"counters":[12,49],"Ornamental Fan":[16],"Art of War":[5],"obtain_stats":[{"Ornamental Fan":9,"SacredBark":17,"Vajra":19,"Orrery":21,"Bag of Marbles":6,"Art of War":12,"Burning Blood":0},{"Ornamental Fan":6,"SacredBark":9,"Vajra":10,"Orrery":11,"Bag of Marbles":5,"Art of War":7,"Burning Blood":0},{"Ornamental Fan":19,"SacredBark":34,"Vajra":40,"Orrery":44,"Bag of Marbles":16,"Art of War":24,"Burning Blood":0}],"Burning Blood":66},"card_choices":[{"not_picked":["Sentinel","Heavy Blade"],"picked":"Perfected Strike","floor":1.0},{"not_picked":["Anger","Pummel"],"picked":"Dropkick","floor":2.0},{"not_picked":["Searing Blow","Whirlwind"],"picked":"Spot Weakness","floor":3.0},{"not_picked":["Wild Strike","Warcry"],"picked":"Headbutt","floor":4.0},{"not_picked":["Berserk","Headbutt"],"picked":"Feel No Pain","floor":6.0},{"not_picked":["Sentinel","Shrug It Off"],"picked":"Inflame","floor":8.0},{"not_picked":["Body Slam","Sword Boomerang","Wild Strike"],"picked":"SKIP","floor":12},{"not_picked":["Havoc","Sword Boomerang"],"picked":"Fire Breathing","floor":14},{"not_picked":["Double Tap","Immolate"],"picked":"Demon Form","floor":16},{"not_picked":["Inflame","Wild Strike"],"picked":"Clothesline","floor":18},{"not_picked":["Dropkick","Perfected Strike"],"picked":"Armaments+1","floor":20},{"not_picked":["Burning Pact+1","Wild Strike"],"picked":"Power Through","floor":21},{"not_picked":["Headbutt","Infernal Blade"],"picked":"Rampage","floor":21}],"player_experience":455247,"relics_obtained":[{"floor":6.0,"key":"Bag of Marbles"},{"floor":9.0,"key":"Ornamental Fan"},{"floor":12,"key":"Art of War"}],"event_choices":[{"damage_healed":0.0,"max_hp_gain":0.0,"max_hp_loss":0.0,"gold_gain":0.0,"event_name":"Living Wall","player_choice":"Grow","floor":5.0,"gold_loss":0.0,"damage_taken":0.0,"cards_upgraded":["Bash"]},{"damage_healed":0.0,"max_hp_gain":0.0,"max_hp_loss":0.0,"gold_gain":175.0,"event_name":"Liars Game","player_choice":"AGREE","floor":11.0,"gold_loss":0.0,"damage_taken":0.0,"cards_obtained":["Doubt"]},{"damage_healed":29,"gold_gain":0,"player_choice":"Banana","damage_taken":0,"max_hp_gain":0,"max_hp_loss":0,"event_name":"Big Fish","floor":13,"gold_loss":0}],"is_beta":false,"boss_relics":[{"not_picked":["Pandora\u0027s Box","Coffee Dripper"],"picked":"SacredBark"}],"items_purged_floors":[19],"is_endless":false,"potions_floor_spawned":[3,8,12,14,16],"killed_by":"Cultist and Chosen","ascension_level":9}}