{"host":"qp7xs8nuzfsyommi","time":1614100536,"event":{"mods":["2.2 Compatiblity","BaseMod","Colored Powertips","DeckTracker","Highlight Path","Minty Spire (QoL Compilation)","Permanent Neow","Quick Restart","StSLib","Weighted Paths"],"gold_per_floor":[361,374,0,12,29,29,61,81,81,81,81],"floor_reached":10,"language":"ENG","playtime":2186,"items_purged":[],"score":140,"play_id":"d305a631-9878-4d75-bbbb-d9c0483250fa","local_time":"20210223121536","is_ascension_mode":true,"campfire_choices":[{"floor":6,"key":"REST"}],"circlet_count":0,"master_deck":["AscendersBane","Strike_B","Strike_B","Strike_B","Strike_B","Defend_B","Defend_B","Defend_B","Defend_B","Zap","Dualcast","Hologram","Melter","Sweeping Beam","Conserve Battery","Ball Lightning","Reboot","Go for the Eyes"],"relics":["Cracked Core","Torii","Eternal Feather","Shuriken"],"acts_visited":["Exordium"],"potions_floor_usage":[8,10],"damage_taken":[{"damage":10,"enemies":"Small Slimes","floor":1,"turns":4},{"damage":4,"enemies":"Jaw Worm","floor":2,"turns":4},{"damage":6,"enemies":"Cultist","floor":4,"turns":3},{"damage":7,"enemies":"Lots of Slimes","floor":5,"turns":2},{"damage":25,"enemies":"Lagavulin","floor":7,"turns":6},{"damage":11,"enemies":"Exordium Thugs","floor":8,"turns":3},{"damage":36,"enemies":"Gremlin Nob","floor":10,"turns":3}],"seed_played":"-120894277200424324","potions_obtained":[{"floor":1,"key":"Fire Potion"},{"floor":4,"key":"Dexterity Potion"},{"floor":8,"key":"Regen Potion"}],"is_trial":false,"path_per_floor":["M","M","$","M","M","R","E","M","T","E"],"character_chosen":"DEFECT","items_purchased":["Torii","Sweeping Beam"],"campfire_rested":1,"item_purchase_floors":[3,3],"current_hp_per_floor":[54,50,50,44,37,56,31,20,20,0,0],"gold":81,"neow_bonus":"TWO_FIFTY_GOLD","is_daily":false,"chose_seed":false,"campfire_upgraded":0,"win_rate":0.0,"timestamp":1614100536,"path_taken":["M","M","$","M","M","R","E","M","T","E"],"items_purchased_type":["Relic","Card"],"build_version":"2020-12-22","purchased_purges":0,"victory":false,"max_hp_per_floor":[64,64,64,64,64,64,64,64,64,64,64],"card_choices":[{"not_picked":["Skim","Compile Driver"],"picked":"Hologram","floor":1},{"not_picked":["Redo","FTL"],"picked":"Melter","floor":2},{"not_picked":["Rebound","Tempest"],"picked":"Conserve Battery","floor":4},{"not_picked":["Sweeping Beam","Leap"],"picked":"Ball Lightning","floor":5},{"not_picked":["Streamline","Turbo"],"picked":"Reboot","floor":7},{"not_picked":["Reprogram","Cold Snap"],"picked":"Go for the Eyes","floor":8}],"player_experience":1482567,"relics_obtained":[{"floor":7,"key":"Eternal Feather"},{"floor":9,"key":"Shuriken"}],"event_choices":[],"is_beta":false,"boss_relics":[],"items_purged_floors":[],"is_endless":false,"potions_floor_spawned":[1,4,8],"killed_by":"Gremlin Nob","ascension_level":20}}