{"host":"bf5upntvbdompq33","time":1614052767,"event":{"mods":["BaseMod","Bestiary","Colored Map","Colored Powertips","Curses Come First","Highlight Path","Minty Spire (QoL Compilation)","StSLib","ojb\u0027s Info Mod"],"gold_per_floor":[110,110,130,130,147,177,177,49,49,62,87,87,114,129,129,206,206,223,238,250,75,75,112,112,112,112,147,147,168,202,223,223,223,223],"floor_reached":33,"language":"ENG","playtime":2811,"items_purged":[],"score":638,"play_id":"8537dc33-bb8c-4667-87eb-cc32b73b1d6e","local_time":"20210222205927","is_ascension_mode":true,"campfire_choices":[{"data":"Hemokinesis","floor":7,"key":"SMITH"},{"data":"Immolate","floor":12,"key":"SMITH"},{"floor":15,"key":"REST"},{"data":"Apotheosis","floor":24,"key":"SMITH"},{"floor":25,"key":"REST"},{"data":"Demon Form","floor":28,"key":"SMITH"},{"data":"Limit Break","floor":32,"key":"SMITH"}],"circlet_count":0,"master_deck":["AscendersBane","Bash","Iron Wave","Hemokinesis+1","Shrug It Off","Burning Pact","Immolate+1","Pommel Strike","Reckless Charge","Juggernaut","Spot Weakness","Offering","Perfected Strike","Fire Breathing","Offering","Dark Embrace","Shrug It Off","Feel No Pain","Whirlwind","Thunderclap","Seeing Red","Carnage","Shrug It Off","Apotheosis+1","Headbutt+1","Demon Form+1","Clothesline","Limit Break+1","Power Through+1"],"relics":["Burning Blood","NeowsBlessing","Kunai","WingedGreaves","Darkstone Periapt","Ornamental Fan","FossilizedHelix","Pandora\u0027s Box","CeramicFish","Matryoshka","Mercury Hourglass","Art of War"],"acts_visited":["Exordium","TheCity"],"potions_floor_usage":[3,13,13,27,31,31],"damage_taken":[{"damage":0,"enemies":"Cultist","floor":1,"turns":1},{"damage":0,"enemies":"Small Slimes","floor":3,"turns":1},{"damage":0,"enemies":"Jaw Worm","floor":5,"turns":1},{"damage":36,"enemies":"Gremlin Nob","floor":6,"turns":4},{"damage":5,"enemies":"Blue Slaver","floor":10,"turns":4},{"damage":14,"enemies":"3 Sentries","floor":11,"turns":5},{"damage":29,"enemies":"Lagavulin","floor":13,"turns":6},{"damage":6,"enemies":"Exordium Thugs","floor":14,"turns":3},{"damage":39,"enemies":"The Guardian","floor":16,"turns":10},{"damage":23,"enemies":"Spheric Guardian","floor":18,"turns":3},{"damage":14,"enemies":"Shell Parasite","floor":19,"turns":2},{"damage":14,"enemies":"Cultist and Chosen","floor":20,"turns":4},{"damage":14,"enemies":"Gremlin Leader","floor":23,"turns":4},{"damage":0,"enemies":"Slavers","floor":27,"turns":2},{"damage":0,"enemies":"3 Cultists","floor":29,"turns":2},{"damage":6,"enemies":"Gremlin Leader","floor":30,"turns":4},{"damage":13,"enemies":"Centurion and Healer","floor":31,"turns":3},{"damage":61,"enemies":"Collector","floor":33,"turns":3}],"seed_played":"3714173457638915213","potions_obtained":[{"floor":3,"key":"Fruit Juice"},{"floor":5,"key":"BloodPotion"},{"floor":11,"key":"SteroidPotion"},{"floor":16,"key":"FearPotion"},{"floor":18,"key":"SneckoOil"},{"floor":27,"key":"PowerPotion"},{"floor":31,"key":"FearPotion"}],"is_trial":false,"path_per_floor":["M","?","M","?","M","E","R","$","T","M","E","R","E","M","R","B",null,"M","M","M","$","?","E","R","R","T","E","R","M","E","M","R","B"],"character_chosen":"IRONCLAD","items_purchased":["Immolate","Pommel Strike","Apotheosis"],"campfire_rested":2,"item_purchase_floors":[8,8,21],"current_hp_per_floor":[74,74,80,73,79,49,49,49,49,50,42,42,35,35,59,26,67,50,42,34,34,34,26,26,50,50,56,56,62,62,55,55,0,0],"gold":223,"neow_bonus":"THREE_ENEMY_KILL","is_daily":false,"chose_seed":false,"campfire_upgraded":5,"win_rate":0.0,"timestamp":1614052767,"path_taken":["M","?","M","?","M","E","R","$","T","M","E","R","E","M","R","BOSS","M","M","M","$","?","E","R","R","T","E","R","M","E","M","R","BOSS"],"items_purchased_type":["Card","Card","Card"],"build_version":"2020-12-22","purchased_purges":0,"victory":false,"max_hp_per_floor":[75,75,80,80,80,80,80,80,80,80,80,80,80,80,80,80,80,80,80,80,80,80,80,80,80,80,80,80,80,80,80,80,80,80],"card_choices":[{"not_picked":["True Grit","Headbutt"],"picked":"Iron Wave","floor":1},{"not_picked":["Battle Trance","Anger"],"picked":"Hemokinesis","floor":3},{"not_picked":["Second Wind","Heavy Blade"],"picked":"Shrug It Off","floor":5},{"not_picked":["Pummel","Inflame"],"picked":"Burning Pact","floor":6},{"not_picked":["Wild Strike","Sword Boomerang"],"picked":"Reckless Charge","floor":10},{"not_picked":["Twin Strike","Blood for Blood"],"picked":"Juggernaut","floor":11},{"not_picked":["Whirlwind","Bloodletting"],"picked":"Spot Weakness","floor":13},{"not_picked":["Wild Strike","Burning Pact","Iron Wave"],"picked":"SKIP","floor":14},{"not_picked":["Double Tap","Impervious"],"picked":"Offering","floor":16},{"not_picked":["Havoc","Heavy Blade","Sever Soul+1"],"picked":"SKIP","floor":18},{"not_picked":["Feel No Pain","Ghostly Armor"],"picked":"Carnage","floor":19},{"not_picked":["Perfected Strike+1","Rage"],"picked":"Shrug It Off","floor":20},{"not_picked":["Rupture","Dark Embrace"],"picked":"Headbutt+1","floor":23},{"not_picked":["Armaments","Havoc"],"picked":"Demon Form","floor":27},{"not_picked":["Dark Embrace","True Grit"],"picked":"Clothesline","floor":29},{"not_picked":["Shrug It Off","Wild Strike"],"picked":"Limit Break","floor":30},{"not_picked":["Headbutt","Sentinel"],"picked":"Power Through+1","floor":31}],"player_experience":1710936,"relics_obtained":[{"floor":6,"key":"WingedGreaves"},{"floor":9,"key":"Darkstone Periapt"},{"floor":11,"key":"Ornamental Fan"},{"floor":13,"key":"FossilizedHelix"},{"floor":23,"key":"CeramicFish"},{"floor":26,"key":"Matryoshka"},{"floor":27,"key":"Mercury Hourglass"},{"floor":30,"key":"Art of War"}],"event_choices":[{"damage_healed":0,"gold_gain":0,"player_choice":"Box","damage_taken":0,"relics_obtained":["Kunai"],"max_hp_gain":0,"max_hp_loss":0,"event_name":"Big Fish","floor":2,"gold_loss":0,"cards_obtained":["Regret"]},{"cards_removed":["Regret"],"damage_healed":0,"gold_gain":0,"player_choice":"Card Removal","damage_taken":7,"max_hp_gain":0,"max_hp_loss":0,"event_name":"Golden Wing","floor":4,"gold_loss":0}],"is_beta":false,"boss_relics":[{"not_picked":["Cursed Key","Busted Crown"],"picked":"Pandora\u0027s Box"}],"items_purged_floors":[],"is_endless":false,"potions_floor_spawned":[3,5,11,16,18,27,29,30,31],"killed_by":"Collector","ascension_level":14}}