{"host":"94qggqh0xz0sp6ai","time":1614048516,"event":{"mods":["100% Spire Juice","Abigail Mod","Act Like it!","BaseMod","CapriCore","Downfall","Friendly Minions","Gensokyo","Hermit","Jorbs\u0027s Wanderer Trilogy","Koishi","Marisa（霧雨　魔理沙）","Minty Spire (QoL Compilation)","Permanent Neow","Reimu（博??梦）","Reliquary","Ruina","StSLib","The Alterego","The Construct","The Cursed","The Hierophant","The Immortal","The Marked","The Mystic","The Senshi","The Servant 0.9.4","TheBandit","Waifu the Spire"],"gold_per_floor":[114,126,301,301,318,318,349,349,396,81,81,114,114,138,138,239,239,258,18,38,57,76,76,76,76,76,76,76,76,76,76,76,178,178,195,195,45,45,60,60,60,60,134,148,148,158,174,215,215,222],"floor_reached":51,"language":"ENG","playtime":2182,"items_purged":["Doubt"],"score":981,"play_id":"2f48dd08-5468-4f94-87a5-974d80ea2e3c","local_time":"20210222204836","is_ascension_mode":true,"campfire_choices":[{"data":"hermit:GoldenBullet","floor":6,"key":"SMITH"},{"data":"hermit:LoneWolf","floor":8,"key":"SMITH"},{"data":"hermit:Dive","floor":11,"key":"SMITH"},{"data":"hermit:Adapt","floor":13,"key":"SMITH"},{"data":"hermit:Snapshot","floor":15,"key":"SMITH"},{"data":"hermit:GhostlyPresence","floor":23,"key":"SMITH"},{"data":"hermit:Vantage","floor":25,"key":"SMITH"},{"data":"hermit:Dive","floor":27,"key":"SMITH"},{"data":"hermit:GhostlyPresence","floor":32,"key":"SMITH"},{"data":"Discovery","floor":40,"key":"SMITH"},{"data":"hermit:Quickdraw","floor":42,"key":"SMITH"},{"floor":45,"key":"REST"},{"floor":49,"key":"REST"}],"circlet_count":0,"master_deck":["hermit:Strike_Hermit","hermit:Strike_Hermit","hermit:Strike_Hermit","hermit:Strike_Hermit","hermit:Defend_Hermit","hermit:Defend_Hermit","hermit:Defend_Hermit","hermit:Defend_Hermit","hermit:Snapshot+1","hermit:Covet","hermit:LoneWolf+1","hermit:GoldenBullet+1","hermit:Enervate","hermit:Deadeye","hermit:Determination","hermit:Dive+1","hermit:Adapt+1","hermit:HeroicBravado","hermit:Dive+1","Bandage Up","hermit:Vantage+1","hermit:Ricochet+1","hermit:GhostlyPresence+1","hermit:GhostlyPresence+1","hermit:Quickdraw+1","hermit:Misfire+1","Discovery+1","hermit:Snapshot+1","hermit:Enervate","hermit:Dive+1","Wraith","Gensokyo:AllTheWorldsEvil","hermit:Maintenance+1","hermit:Scavenge","hermit:Dive+1","hermit:Quickdraw+1"],"relics":["hermit:Momento","reliquary:Spinner","Du-Vu Doll","hermit:RedScarf","Smiling Mask","Lee\u0027s Waffle","Letter Opener","Juzu Bracelet","construct:ClawGrip","Strawberry","WarpedTongs","Prayer Wheel","sneckomod:BabySnecko","Cursed Key","ClockworkSouvenir","reliquary:HotPoker","CeramicFish"],"acts_visited":["Exordium","TheCity","TheBeyond"],"potions_floor_usage":[7,7,16,22,44],"damage_taken":[{"damage":0,"enemies":"Jaw Worm","floor":1,"turns":3},{"damage":2,"enemies":"Cultist","floor":2,"turns":4},{"damage":7,"enemies":"2 Louse","floor":5,"turns":3},{"damage":49,"enemies":"Lagavulin","floor":7,"turns":8},{"damage":28,"enemies":"3 Sentries","floor":12,"turns":11},{"damage":50,"enemies":"The Guardian","floor":16,"turns":13},{"damage":4,"enemies":"Shell Parasite","floor":18,"turns":8},{"damage":14,"enemies":"Spheric Guardian","floor":20,"turns":4},{"damage":13,"enemies":"Snake Plant","floor":21,"turns":6},{"damage":1,"enemies":"3 Cultists","floor":22,"turns":6},{"damage":3,"enemies":"Champ","floor":33,"turns":13},{"damage":1,"enemies":"3 Darklings","floor":35,"turns":9},{"damage":1,"enemies":"Orb Walker","floor":39,"turns":4},{"damage":27,"enemies":"3 Darklings","floor":44,"turns":5},{"damage":0,"enemies":"Sphere and 2 Shapes","floor":46,"turns":6},{"damage":8,"enemies":"4 Shapes","floor":47,"turns":5},{"damage":35,"enemies":"Reptomancer","floor":48,"turns":9},{"damage":29,"enemies":"Awakened One","floor":50,"turns":19}],"seed_played":"5276335814040642511","potions_obtained":[{"floor":2,"key":"EntropicBrew"},{"floor":7,"key":"GamblersBrew"},{"floor":12,"key":"champ:CounterPotion"},{"floor":18,"key":"ZuzhouPotion:ReiMu"},{"floor":21,"key":"AttackPotion"},{"floor":22,"key":"Energy Potion"},{"floor":35,"key":"PowerPotion"}],"is_trial":false,"path_per_floor":["M","M","?","T","M","R","E","R","T","$","R","E","R","T","R","B",null,"M","$","M","M","M","R","?","R","T","R","?","?","?","?","R","B",null,"M","?","$","?","M","R","?","R","T","M","R","M","M","E","R","B",null],"character_chosen":"HERMIT","items_purchased":["Lee\u0027s Waffle","hermit:Determination","hermit:Dive","Bandage Up","Strawberry","ClockworkSouvenir"],"campfire_rested":2,"item_purchase_floors":[10,10,10,19,19,37],"current_hp_per_floor":[68,66,66,66,59,59,10,10,10,82,82,54,54,54,54,4,63,59,66,56,47,50,50,50,50,50,50,50,50,50,50,50,51,80,83,83,83,83,82,82,82,82,82,59,85,89,81,50,76,53],"gold":222,"neow_bonus":"RANDOM_COMMON_RELIC","is_daily":false,"chose_seed":false,"campfire_upgraded":11,"win_rate":0.0,"timestamp":1614048516,"path_taken":["M","M","?","?","M","R","E","R","T","$","R","E","R","?","R","BOSS","M","$","M","M","M","R","?","R","T","R","?","?","?","?","R","BOSS","M","?","$","?","M","R","?","R","T","M","R","M","M","E","R","BOSS"],"items_purchased_type":["Relic","Card","Card","Card","Relic","Relic"],"build_version":"2020-12-22","purchased_purges":1,"victory":true,"max_hp_per_floor":[75,75,75,75,75,75,75,75,75,82,82,82,82,82,82,82,82,82,89,89,89,89,89,89,89,89,89,89,89,89,89,89,89,89,89,89,89,89,89,89,89,89,89,89,89,89,89,89,89,89],"card_choices":[{"not_picked":["hermit:Feint","hermit:LowProfile"],"picked":"hermit:LoneWolf","floor":1},{"not_picked":["hermit:Midnight","hermit:WideOpen"],"picked":"hermit:GoldenBullet","floor":2},{"not_picked":["hermit:Glare","hermit:Spite"],"picked":"hermit:Enervate","floor":5},{"not_picked":["hermit:LoneWolf","hermit:BodyArmor"],"picked":"hermit:Deadeye","floor":7},{"not_picked":["hermit:GoldenBullet","hermit:TakeAim"],"picked":"hermit:Adapt","floor":12},{"not_picked":["hermit:Purgatory","hermit:HighNoon"],"picked":"hermit:HeroicBravado","floor":16},{"not_picked":["hermit:Desperado","hermit:Virtue+1"],"picked":"hermit:Dive","floor":18},{"not_picked":["hermit:TakeAim+1","hermit:LoneWolf"],"picked":"hermit:Vantage","floor":20},{"not_picked":["hermit:Virtue","hermit:Malice"],"picked":"hermit:Ricochet+1","floor":21},{"not_picked":["hermit:Shortfuse","hermit:Determination"],"picked":"hermit:GhostlyPresence","floor":22},{"not_picked":["hermit:Coalescence+1","hermit:Manifest"],"picked":"hermit:Quickdraw","floor":35},{"not_picked":["hermit:WideOpen+1","hermit:HoleUp"],"picked":"hermit:Misfire+1","floor":35},{"not_picked":["Dark Shackles","Impatience"],"picked":"Discovery","floor":36},{"not_picked":["hermit:CursedWeapon+1","hermit:HoleUp+1"],"picked":"hermit:Enervate","floor":39},{"not_picked":["hermit:Feint","hermit:Snipe+1"],"picked":"hermit:Dive+1","floor":39},{"not_picked":["hermit:BigShot+1","hermit:CalledShot+1"],"picked":"hermit:Maintenance+1","floor":44},{"not_picked":["hermit:DeadOrAlive","hermit:Determination","hermit:Cheat+1"],"picked":"SKIP","floor":44},{"not_picked":["hermit:Manifest+1","hermit:HoleUp"],"picked":"hermit:Scavenge","floor":46},{"not_picked":["hermit:Grudge+1","hermit:HighCaliber","hermit:Desperado"],"picked":"SKIP","floor":46},{"not_picked":["hermit:CalledShot","hermit:GoldenBullet+1"],"picked":"hermit:Dive+1","floor":47},{"not_picked":["hermit:Vantage","hermit:CursedWeapon","hermit:LuckOfTheDraw"],"picked":"SKIP","floor":47},{"not_picked":["hermit:Desperado+1","hermit:Headshot"],"picked":"hermit:Quickdraw+1","floor":48}],"player_experience":1545316,"relics_obtained":[{"floor":4,"key":"Du-Vu Doll"},{"floor":7,"key":"hermit:RedScarf"},{"floor":9,"key":"Smiling Mask"},{"floor":12,"key":"Letter Opener"},{"floor":14,"key":"Juzu Bracelet"},{"floor":26,"key":"Prayer Wheel"},{"floor":43,"key":"reliquary:HotPoker"},{"floor":48,"key":"CeramicFish"}],"event_choices":[{"damage_healed":0,"gold_gain":175,"player_choice":"AGREE","damage_taken":0,"max_hp_gain":0,"max_hp_loss":0,"event_name":"Liars Game","floor":3,"gold_loss":0,"cards_obtained":["Doubt"]},{"damage_healed":0,"gold_gain":0,"player_choice":"Rummage","damage_taken":0,"relics_obtained":["WarpedTongs"],"max_hp_gain":0,"max_hp_loss":0,"event_name":"Accursed Blacksmith","floor":24,"gold_loss":0,"cards_obtained":["Pain"]},{"damage_healed":0,"gold_gain":0,"player_choice":"Read","damage_taken":0,"max_hp_gain":0,"max_hp_loss":0,"event_name":"The Library","floor":28,"gold_loss":0,"cards_obtained":["hermit:GhostlyPresence"]},{"cards_removed":["Pain"],"damage_healed":0,"gold_gain":0,"player_choice":"Elegance","damage_taken":0,"max_hp_gain":0,"max_hp_loss":0,"event_name":"Back to Basics","floor":30,"gold_loss":0},{"cards_removed":["downfall:Bewildered"],"damage_healed":0,"gold_gain":0,"player_choice":"Removed Curses","damage_taken":0,"max_hp_gain":0,"max_hp_loss":0,"event_name":"Fountain of Cleansing","floor":31,"gold_loss":0},{"damage_healed":0,"gold_gain":0,"player_choice":"Memory 1","damage_taken":0,"max_hp_gain":0,"max_hp_loss":0,"event_name":"SensoryStone","floor":36,"gold_loss":0},{"damage_healed":0,"gold_gain":0,"player_choice":"Copied","damage_taken":0,"max_hp_gain":0,"max_hp_loss":0,"event_name":"Duplicator","floor":38,"gold_loss":0,"cards_obtained":["hermit:Snapshot"]},{"damage_healed":0,"gold_gain":0,"player_choice":"Ignored","damage_taken":0,"max_hp_gain":0,"max_hp_loss":0,"event_name":"OrinTheCat","floor":41,"gold_loss":0}],"is_beta":false,"boss_relics":[{"not_picked":["Pandora\u0027s Box","hermit:BartenderGlass"],"picked":"construct:ClawGrip"},{"not_picked":["reliquary:RedCape","Calling Bell"],"picked":"Cursed Key"}],"items_purged_floors":[10],"is_endless":false,"potions_floor_spawned":[2,7,12,18,21,22,35],"ascension_level":8}}