{"host":"Tonhão","time":1614040085,"event":{"mods":["Aspiration","BaseMod","Better Third Choice","Conspire","Downfall","Friendly Minions","Halation","Hermit","Highlight Path","Hubris","Infinite Spire","Jedi Mod","Minty Spire (QoL Compilation)","Relic Sorter","Reliquary","Replay The Spire","Spicy Shops","StSLib","The Animator","The Construct","The Cursed","The Jester","The Senshi","The Servant 0.9.4"],"gold_per_floor":[116,116,116,116,126,152,164,164,189,205,238,253,5,17,17,121,121,141,37,137,150,167,193,207,207,207,207,222,251,351,18,18,118,118,135,135,135,135,153,153,153,153],"floor_reached":41,"language":"ENG","playtime":2346,"items_purged":["Hello World","Parasite"],"score":540,"play_id":"f9445ad5-d584-4ae2-9043-f21b3a2e8c31","local_time":"20210222212805","is_ascension_mode":true,"campfire_choices":[{"data":"Zap","floor":8,"key":"SMITH"},{"floor":15,"key":"REST"},{"floor":25,"key":"REST"},{"floor":27,"key":"REST"},{"floor":32,"key":"REST"},{"floor":37,"key":"REST"},{"floor":40,"key":"RECALL"}],"circlet_count":0,"master_deck":["Strike_B","Strike_B+1","Strike_B+1","Strike_B","Defend_B","Defend_B+1","Defend_B","Defend_B+1","Zap+1","Dualcast","Steam","Conserve Battery","Seek+1","Turbo","Leap","Reboot","Doom and Gloom+1","CommonCold","Hologram+1","conspire:SharedLibrary+1","Crystallizer","BootSequence","Writhe","Creative AI","Replay:Hysterical Blindness","hubris:Greed","Defragment","Creative AI","Fission","Self Repair"],"relics":["Cracked Core","NeowsBlessing","hubris:Towel","jedi:laserpointer","Replay:Antivirus Software","conspire:Flyswatter","Gremlin Food","Fusion Hammer","ReplayTheSpireMod:CursedCoin","aspiration:AnachronicSnailShell","halation:WeightlessCrab","jedi:arcanewood","aspiration:FetidBarrel","downfall:ExtraCursedKey","reliquary:IridiumChain","conspire:SpecialSausage"],"acts_visited":["Exordium","TheCity","TheBeyond"],"potions_floor_usage":[7,10,11,11,14,22,23,28,33,33,33],"damage_taken":[{"damage":0,"enemies":"Jaw Worm","floor":1,"turns":1},{"damage":0,"enemies":"2 Louse","floor":5,"turns":1},{"damage":0,"enemies":"Lagavulin","floor":6,"turns":1},{"damage":2,"enemies":"conspire:RoseBush","floor":7,"turns":3},{"damage":8,"enemies":"Gremlin Gang","floor":10,"turns":4},{"damage":23,"enemies":"Replay:BlueRogue","floor":11,"turns":7},{"damage":0,"enemies":"2 Fungi Beasts","floor":12,"turns":3},{"damage":0,"enemies":"Lots of Slimes","floor":14,"turns":4},{"damage":25,"enemies":"The Guardian","floor":16,"turns":14},{"damage":21,"enemies":"Shell Parasite","floor":18,"turns":7},{"damage":22,"enemies":"2 Thieves","floor":21,"turns":4},{"damage":15,"enemies":"Snecko","floor":22,"turns":5},{"damage":0,"enemies":"Gremlin Leader","floor":23,"turns":5},{"damage":5,"enemies":"Centurion and Healer","floor":24,"turns":3},{"damage":8,"enemies":"3 Cultists","floor":28,"turns":5},{"damage":18,"enemies":"conspire:SneckoGhost","floor":29,"turns":7},{"damage":8,"enemies":"conspire:MysteriousRune","floor":33,"turns":9},{"damage":7,"enemies":"3 Shapes","floor":35,"turns":6},{"damage":23,"enemies":"Orb Walker","floor":39,"turns":6},{"damage":58,"enemies":"Reptomancer","floor":41,"turns":3}],"seed_played":"5399597434957965974","potions_obtained":[{"floor":4,"key":"hexamod:SoulburnPotion"},{"floor":4,"key":"Weak Potion"},{"floor":4,"key":"Milkshake"},{"floor":7,"key":"SpeedPotion"},{"floor":11,"key":"LifebloodPotion"},{"floor":12,"key":"sneckomod:MuddlingPotion"},{"floor":16,"key":"sneckomod:MuddlingPotion"},{"floor":21,"key":"Explosive Potion"},{"floor":24,"key":"SteroidPotion"},{"floor":29,"key":"EntropicBrew"},{"floor":33,"key":"jedi:wingpotion"},{"floor":39,"key":"PotionOfCapacity"}],"is_trial":false,"path_per_floor":["M","?","?","?","M","E","M","R","T","M","E","M","$","M","R","B",null,"M","$","?","M","M","E","M","R","T","R","M","E","?","$","R","B",null,"M","?","R","?","M","R","E"],"character_chosen":"DEFECT","items_purchased":["Hello World","Gremlin Food","Leap","ReplayTheSpireMod:CursedCoin","aspiration:AnachronicSnailShell","reliquary:IridiumChain","Defragment"],"campfire_rested":5,"item_purchase_floors":[13,13,13,19,19,31,31],"current_hp_per_floor":[75,78,78,78,78,78,76,76,76,68,45,45,45,45,68,43,78,57,57,57,35,20,20,15,37,37,59,51,33,38,38,62,54,80,73,73,80,80,57,57,0,0],"gold":153,"neow_bonus":"THREE_ENEMY_KILL","is_daily":false,"chose_seed":false,"campfire_upgraded":1,"win_rate":0.0,"timestamp":1614040085,"path_taken":["M","?","?","?","M","E","M","R","T","M","E","?","$","M","R","BOSS","M","$","?","M","?","E","M","R","T","R","M","E","?","?","R","BOSS","M","?","?","?","?","R","E"],"items_purchased_type":["Card","Relic","Card","Relic","Relic","Relic","Card"],"build_version":"2020-11-17","purchased_purges":2,"victory":false,"max_hp_per_floor":[75,78,78,78,78,78,78,78,78,78,78,78,78,78,78,78,78,78,75,75,75,75,75,75,75,75,75,75,75,80,80,80,80,80,80,80,80,80,80,80,80,80],"card_choices":[{"not_picked":["Redo","Ball Lightning"],"picked":"Steam","floor":1},{"not_picked":["Panic Button","jedi:blockon"],"picked":"Conserve Battery","floor":5},{"not_picked":["Conserve Battery","Ball Lightning"],"picked":"Seek","floor":6},{"not_picked":["ReplayTheSpireMod:System Scan","Turbo","Recycle"],"picked":"SKIP","floor":7},{"not_picked":["jedi:BurstFrost","Cold Snap"],"picked":"Turbo","floor":10},{"not_picked":["Gash","Barrage","Streamline"],"picked":"SKIP","floor":11},{"not_picked":["Rebound","Beam Cell","Turbo"],"picked":"SKIP","floor":12},{"not_picked":["hubris:PowerSurge","Gash","Streamline"],"picked":"SKIP","floor":14},{"not_picked":["jedi:BurstDark","ReplayRNGCard"],"picked":"Reboot","floor":16},{"not_picked":["Hologram","Sweeping Beam"],"picked":"Doom and Gloom+1","floor":18},{"not_picked":["Chaos","ReplayTheSpireMod:Repulse","Steam"],"picked":"SKIP","floor":21},{"not_picked":["Gash","Leap+1","BasicCrystalCard"],"picked":"SKIP","floor":22},{"not_picked":["Stack","Conserve Battery+1"],"picked":"Hologram+1","floor":23},{"not_picked":["Rainbow","jedi:locknload"],"picked":"conspire:SharedLibrary+1","floor":24},{"not_picked":["Streamline","Gash"],"picked":"Crystallizer","floor":28},{"not_picked":["Redo","Gash"],"picked":"BootSequence","floor":29},{"not_picked":["jedi:bruteforce","Biased Cognition"],"picked":"Creative AI","floor":33},{"not_picked":["Barrage","Compile Driver","Rebound+1"],"picked":"SKIP","floor":35},{"not_picked":["Cold Snap+1","Streamline+1"],"picked":"Self Repair","floor":39}],"player_experience":166756,"relics_obtained":[{"floor":6,"key":"jedi:laserpointer"},{"floor":9,"key":"Replay:Antivirus Software"},{"floor":11,"key":"conspire:Flyswatter"},{"floor":23,"key":"halation:WeightlessCrab"},{"floor":26,"key":"jedi:arcanewood"},{"floor":29,"key":"aspiration:FetidBarrel"}],"event_choices":[{"damage_healed":0,"gold_gain":0,"player_choice":"Got Potions","damage_taken":0,"max_hp_gain":0,"max_hp_loss":0,"event_name":"Lab","floor":4,"gold_loss":0},{"damage_healed":0,"gold_gain":100,"player_choice":"Pray","damage_taken":0,"max_hp_gain":0,"max_hp_loss":0,"event_name":"Golden Shrine","floor":20,"gold_loss":0},{"damage_healed":0,"gold_gain":0,"player_choice":"1 cards matched","damage_taken":0,"max_hp_gain":0,"max_hp_loss":0,"event_name":"Match and Keep!","floor":36,"gold_loss":0,"cards_obtained":["Fission"]},{"damage_healed":0,"gold_gain":0,"player_choice":"Leave","damage_taken":0,"max_hp_gain":0,"max_hp_loss":0,"event_name":"conspire:Investor","floor":38,"gold_loss":0}],"is_beta":true,"boss_relics":[{"not_picked":["SacredBark","Philosopher\u0027s Stone"],"picked":"Fusion Hammer"},{"not_picked":["aspiration:PoetsPen_weak","aspiration:SecretTechniqueScroll"],"picked":"conspire:SpecialSausage"}],"items_purged_floors":[19,19],"is_endless":false,"potions_floor_spawned":[5,7,11,12,16,21,24,29,33,39],"killed_by":"Reptomancer","ascension_level":2}}