{"host":"soyfmymeou4emntr","time":1614106070,"event":{"mods":["BaseMod","Minty Spire (QoL Compilation)","Permanent Neow","Relic Sorter","Relic Stats","StSLib"],"gold_per_floor":[119,129,41,41,116,144,144,144,144,144,174,174,217,236,236,329,329,353,353,372,387,387,387,427,186,265,265,314,343,367,400,400,499,526,558,592,73,87,105,155,155,202,202,202,33,47,47,47,47,47,47,47],"floor_reached":51,"language":"ENG","playtime":3925,"items_purged":[],"score":1651,"play_id":"a3359ccb-8350-438b-8059-3cd26686b9d3","local_time":"20210223114750","is_ascension_mode":true,"campfire_choices":[{"data":"Uppercut","floor":7.0,"key":"SMITH"},{"data":"Bash","floor":10.0,"key":"SMITH"},{"data":"Fire Breathing","floor":15.0,"key":"SMITH"},{"data":"Fiend Fire","floor":23.0,"key":"SMITH"},{"data":"Impervious","floor":27.0,"key":"SMITH"},{"data":"Dark Embrace","floor":32.0,"key":"SMITH"},{"data":"Corruption","floor":41,"key":"SMITH"},{"data":"Offering","floor":44,"key":"SMITH"},{"floor":47,"key":"RECALL"},{"data":"Brutality","floor":49,"key":"SMITH"}],"circlet_count":0,"master_deck":["AscendersBane","Defend_R","Defend_R","Defend_R","Defend_R","Bash+1","Impervious+1","Headbutt","Uppercut+1","Carnage+1","Offering+1","Shrug It Off","Fire Breathing+1","Fiend Fire+1","Metallicize","Dropkick","Shrug It Off","Metallicize","Dark Embrace+1","Second Wind","Reckless Charge+1","Corruption+1","Limit Break+1","Spot Weakness+1","Intimidate+1","Rupture+1","Armaments+1","Brutality+1","Second Wind","Pummel","Offering"],"relics":["Burning Blood","Charon\u0027s Ashes","Bag of Marbles","Art of War","Golden Idol","Oddly Smooth Stone","Velvet Choker","CeramicFish","Centennial Puzzle","Pear","Akabeko","Astrolabe","Ginger","Juzu Bracelet","Toy Ornithopter","Lantern"],"acts_visited":["Exordium","TheCity","TheBeyond"],"potions_floor_usage":[50,50],"damage_taken":[{"damage":14.0,"enemies":"Small Slimes","floor":1.0,"turns":5.0},{"damage":3.0,"enemies":"2 Louse","floor":2.0,"turns":4.0},{"damage":0.0,"enemies":"Gremlin Nob","floor":6.0,"turns":2.0},{"damage":11.0,"enemies":"3 Sentries","floor":11.0,"turns":5.0},{"damage":16.0,"enemies":"Lagavulin","floor":13.0,"turns":3.0},{"damage":0.0,"enemies":"Jaw Worm","floor":14.0,"turns":3.0},{"damage":6.0,"enemies":"Slime Boss","floor":16.0,"turns":6.0},{"damage":6.0,"enemies":"Chosen","floor":18.0,"turns":2.0},{"damage":8.0,"enemies":"Spheric Guardian","floor":20.0,"turns":3.0},{"damage":6.0,"enemies":"Centurion and Healer","floor":21.0,"turns":2.0},{"damage":12.0,"enemies":"Slavers","floor":24.0,"turns":4.0},{"damage":7.0,"enemies":"Book of Stabbing","floor":28.0,"turns":3.0},{"damage":6.0,"enemies":"Snake Plant","floor":29.0,"turns":1.0},{"damage":6.0,"enemies":"3 Cultists","floor":30.0,"turns":5.0},{"damage":6.0,"enemies":"Centurion and Healer","floor":31.0,"turns":3.0},{"damage":26.0,"enemies":"Collector","floor":33.0,"turns":5.0},{"damage":6.0,"enemies":"Orb Walker","floor":35.0,"turns":2.0},{"damage":6,"enemies":"3 Darklings","floor":36,"turns":3},{"damage":10,"enemies":"Writhing Mass","floor":38,"turns":2},{"damage":6,"enemies":"Jaw Worm Horde","floor":39,"turns":3},{"damage":13,"enemies":"Giant Head","floor":40,"turns":6},{"damage":14,"enemies":"Nemesis","floor":42,"turns":3},{"damage":6,"enemies":"Spire Growth","floor":46,"turns":3},{"damage":80,"enemies":"Time Eater","floor":50,"turns":7},{"damage":24,"enemies":"Donu and Deca","floor":51,"turns":1}],"seed_played":"-4933992586738737562","potions_obtained":[{"floor":2.0,"key":"AttackPotion"},{"floor":6.0,"key":"SkillPotion"},{"floor":13.0,"key":"Explosive Potion"},{"floor":16.0,"key":"Weak Potion"},{"floor":30.0,"key":"GamblersBrew"},{"floor":31.0,"key":"Ancient Potion"},{"floor":33.0,"key":"BloodPotion"},{"floor":35.0,"key":"Regen Potion"},{"floor":42,"key":"BloodPotion"}],"is_trial":false,"path_per_floor":["M","M","$","?","?","E","R","?","T","R","E","?","E","M","R","B",null,"M","?","M","M","?","R","E","$","T","R","E","M","M","M","R","B",null,"M","M","$","M","M","E","R","E","T","R","$","M","R","?","R","B","B"],"character_chosen":"IRONCLAD","items_purchased":["Carnage","Centennial Puzzle","Shrug It Off","Metallicize","Brutality","Ginger","Second Wind","Lantern"],"campfire_rested":0,"item_purchase_floors":[3,25,25,25,37,37,37,45],"current_hp_per_floor":[60,63,63,56,45,51,51,51,51,51,46,46,36,42,42,42,57,57,57,55,55,55,55,49,49,59,59,58,58,58,58,58,38,64,72,72,72,68,68,61,61,53,53,53,53,53,53,53,53,18,0,0],"gold":47,"neow_bonus":"THREE_RARE_CARDS","is_daily":false,"chose_seed":false,"campfire_upgraded":9,"win_rate":0.0,"timestamp":1614106070,"path_taken":["M","M","$","?","?","E","R","?","T","R","E","?","E","M","R","BOSS","M","?","M","M","?","R","E","$","T","R","E","?","M","M","R","BOSS","M","M","$","M","?","E","R","E","T","R","$","M","R","?","R","BOSS","BOSS"],"items_purchased_type":["Card","Relic","Card","Card","Card","Relic","Card","Relic"],"build_version":"2020-12-22","purchased_purges":0,"victory":false,"max_hp_per_floor":[68,68,68,68,68,68,68,68,68,68,68,62,62,62,62,62,62,62,62,62,62,62,62,62,62,72,72,72,72,72,72,72,72,72,72,72,72,72,72,72,72,72,72,72,72,72,72,72,72,72,72,72],"relic_stats":{"Centennial Puzzle":[42],"counters":[25,86],"Golden Idol":146,"CeramicFish":144,"Astrolabe":["Limit Break","Spot Weakness","Intimidate"],"Charon\u0027s Ashes":[736],"Art of War":[7],"Juzu Bracelet":0,"Ginger":[3],"obtain_stats":[{"Lantern":45,"Pear":26,"Golden Idol":12,"CeramicFish":24,"Astrolabe":34,"Oddly Smooth Stone":13,"Velvet Choker":17,"Charon\u0027s Ashes":6,"Juzu Bracelet":40,"Ginger":37,"Burning Blood":0,"Akabeko":28,"Centennial Puzzle":25,"Bag of Marbles":9,"Art of War":11,"Toy Ornithopter":42},{"Lantern":22,"Pear":11,"Golden Idol":4,"CeramicFish":11,"Astrolabe":16,"Oddly Smooth Stone":5,"Velvet Choker":7,"Charon\u0027s Ashes":3,"Juzu Bracelet":21,"Ginger":18,"Burning Blood":0,"Akabeko":12,"Centennial Puzzle":11,"Bag of Marbles":3,"Art of War":4,"Toy Ornithopter":22},{"Lantern":75,"Pear":39,"Golden Idol":16,"CeramicFish":39,"Astrolabe":56,"Oddly Smooth Stone":19,"Velvet Choker":28,"Charon\u0027s Ashes":11,"Juzu Bracelet":72,"Ginger":61,"Burning Blood":0,"Akabeko":42,"Centennial Puzzle":39,"Bag of Marbles":11,"Art of War":16,"Toy Ornithopter":75}],"Burning Blood":144,"Toy Ornithopter":10},"card_choices":[{"not_picked":["Corruption","Bludgeon"],"picked":"Impervious","floor":0.0},{"not_picked":["Heavy Blade","Dual Wield"],"picked":"Headbutt","floor":1.0},{"not_picked":["Wild Strike","Warcry"],"picked":"Uppercut","floor":2.0},{"not_picked":["Sword Boomerang","Twin Strike"],"picked":"Offering","floor":6.0},{"not_picked":["Heavy Blade","Havoc","Clothesline"],"picked":"SKIP","floor":11.0},{"not_picked":["Perfected Strike","Hemokinesis"],"picked":"Shrug It Off","floor":13.0},{"not_picked":["Thunderclap","Cleave"],"picked":"Fire Breathing","floor":14.0},{"not_picked":["Bludgeon","Berserk"],"picked":"Fiend Fire","floor":16.0},{"not_picked":["Wild Strike","Thunderclap","Perfected Strike+1"],"picked":"SKIP","floor":18.0},{"not_picked":["Clothesline+1","Iron Wave","Uppercut"],"picked":"SKIP","floor":20.0},{"not_picked":["Clash","Sword Boomerang","Havoc"],"picked":"SKIP","floor":21.0},{"not_picked":["Warcry","Blood for Blood"],"picked":"Dropkick","floor":24.0},{"not_picked":["Armaments","Rupture"],"picked":"Dark Embrace","floor":28.0},{"not_picked":["Fire Breathing","True Grit"],"picked":"Second Wind","floor":29.0},{"not_picked":["True Grit","Bludgeon","Clothesline"],"picked":"SKIP","floor":30.0},{"not_picked":["Clothesline","Flex"],"picked":"Reckless Charge+1","floor":31.0},{"not_picked":["Fiend Fire","Brutality"],"picked":"Corruption","floor":33.0},{"not_picked":["Headbutt","Sword Boomerang"],"picked":"Rupture+1","floor":35.0},{"not_picked":["Clash+1","Fire Breathing"],"picked":"Armaments+1","floor":36},{"not_picked":["Heavy Blade","Dark Embrace","Thunderclap"],"picked":"SKIP","floor":38},{"not_picked":["Thunderclap","Dark Embrace","True Grit"],"picked":"SKIP","floor":39},{"not_picked":["True Grit","Iron Wave+1"],"picked":"Pummel","floor":40},{"not_picked":["Evolve","Shrug It Off+1"],"picked":"Offering","floor":42},{"not_picked":["Rampage","Pummel","Perfected Strike"],"picked":"SKIP","floor":46}],"player_experience":3503268,"relics_obtained":[{"floor":6.0,"key":"Charon\u0027s Ashes"},{"floor":9.0,"key":"Bag of Marbles"},{"floor":11.0,"key":"Art of War"},{"floor":13.0,"key":"Oddly Smooth Stone"},{"floor":24.0,"key":"CeramicFish"},{"floor":26.0,"key":"Pear"},{"floor":28.0,"key":"Akabeko"},{"floor":40,"key":"Juzu Bracelet"},{"floor":42,"key":"Toy Ornithopter"}],"event_choices":[{"cards_removed":["Strike_R"],"damage_healed":0.0,"max_hp_gain":0.0,"max_hp_loss":0.0,"gold_gain":0.0,"event_name":"Golden Wing","player_choice":"Card Removal","floor":4.0,"gold_loss":0.0,"damage_taken":7.0},{"damage_healed":0.0,"max_hp_gain":0.0,"max_hp_loss":0.0,"gold_gain":75.0,"event_name":"World of Goop","player_choice":"Gather Gold","floor":5.0,"gold_loss":0.0,"damage_taken":11.0},{"damage_healed":0.0,"max_hp_gain":0.0,"max_hp_loss":0.0,"gold_gain":0.0,"event_name":"Living Wall","player_choice":"Grow","floor":8.0,"gold_loss":0.0,"damage_taken":0.0,"cards_upgraded":["Carnage"]},{"damage_healed":0.0,"max_hp_gain":0.0,"max_hp_loss":6.0,"gold_gain":0.0,"event_name":"Golden Idol","player_choice":"Lose Max HP","floor":12.0,"gold_loss":0.0,"damage_taken":0.0,"relics_obtained":["Golden Idol"]},{"damage_healed":0.0,"max_hp_gain":0.0,"max_hp_loss":0.0,"gold_gain":0.0,"event_name":"The Mausoleum","player_choice":"Ignored","floor":19.0,"gold_loss":0.0,"damage_taken":0.0},{"damage_healed":0.0,"max_hp_gain":0.0,"max_hp_loss":0.0,"gold_gain":0.0,"cards_transformed":["Strike_R"],"event_name":"Transmorgrifier","player_choice":"Transformed","floor":22.0,"gold_loss":0.0,"damage_taken":0.0,"cards_obtained":["Metallicize"]},{"damage_healed":0,"gold_gain":0,"player_choice":"Ignored","damage_taken":0,"max_hp_gain":0,"max_hp_loss":0,"event_name":"SecretPortal","floor":48,"gold_loss":0}],"is_beta":false,"boss_relics":[{"not_picked":["SacredBark","Ectoplasm"],"picked":"Velvet Choker"},{"not_picked":["Mark of Pain","Tiny House"],"picked":"Astrolabe"}],"items_purged_floors":[],"is_endless":false,"potions_floor_spawned":[2,6,13,16,20,30,31,33,35,38,39,42],"killed_by":"Donu and Deca","ascension_level":20}}