{"host":"t5kis9necmbui802","time":1614078415,"event":{"mods":["100% Spire Juice","Act Like it!","BaseMod","CapriCore","Chen","Colored Powertips","Downfall","Gensokyo","HololiveMod","Koishi","KomeijiMod","Lobotomy","LobotomyExtend","Minty Spire (QoL Compilation)","MostiFishMod","Replay The Spire","Robot Space Explorer","Shop Mod","Spicy Shops","StSLib","The Alterego","The Immortal","TheWitcher","Uncapped","Yuri Mod","noobMod"],"gold_per_floor":[99,117,18,193,293,325,325,336,364,376,388,402,202,216,231,327,327,327,345,360,360,374,399,399,399,299,328,342,1,17,30,50,153,153,153,165,165,183,235,235,261,273,302,318,353,372,386,413,426,426,426,426,458,1,1,1,1],"floor_reached":58,"language":"ZHS","playtime":3510,"items_purged":[],"score":1615,"play_id":"f119f83a-a476-4991-b761-df5c5941f0a7","local_time":"20210223190655","is_ascension_mode":true,"campfire_choices":[{"floor":1,"key":"RECALL"},{"data":"expansioncontent:QuickStudy","floor":13,"key":"SMITH"},{"data":"bronze:Library","floor":18,"key":"SMITH"},{"data":"bronze:Repulsor","floor":26,"key":"SMITH"},{"data":"ReplayTheSpireMod:Brewmster","floor":55,"key":"SMITH"},{"data":"MostiFishMod:PerfectForm","floor":55,"key":"SMITH"}],"circlet_count":0,"master_deck":["bronze:Strike","bronze:Strike","bronze:Strike","bronze:Strike","bronze:Defend","bronze:Defend","bronze:Defend","bronze:Defend","bronze:Replicate","bronze:Goto","bronze:HyperBeam","bronze:Branch","bronze:MaxOutput","expansioncontent:QuickStudy+1","bronze:Branch","Doubt","bronze:GetLatest","bronze:FindAndReplace","bronze:Separator","bronze:Overheat","bronze:Iterate","bronze:Library+1","bronze:BurnOut","bronze:InfiniteBeams+1","bronze:Optimize","Necronomicurse","bronze:Repulsor+1","bronze:InfiniteBeams+1","Pot Of Greed+1","bronze:WhirlingStrike+1","bronze:Assembly","bronze:OilSpill+1","bronze:Mutator","bronze:Return+1","bronze:Frontload+1","bronze:Repulsor","bronze:Iterate+1","bronze:InfiniteLoop","bronze:Turbo+1","bronze:CleanCode","bronze:Verify","bronze:BugBarrage+1","bronze:HardenedForm","Sadistic Nature","MostiFishMod:PerfectForm+1","ReplayTheSpireMod:Brewmster+1"],"relics":["bronze:BronzeCore","DaveBox","ice","xbg","LetterFromLob","Ice Cream","downfall:HeartBlessingRed","downfall:HeartBlessingBlue","Coffee Dripper","Necronomicon","Blood Vial","downfall:HeartBlessingGreen","Gremlin Food","Medical Kit","MerchantsRug","Oddly Smooth Stone","FeatherPendant","Bird Faced Urn","Bag of Marbles","Replay:Arrowhead","Gremlin Horn","Vajra","Torii","SynthV","ReplayTheSpireMod:ShopPack"],"acts_visited":["Exordium","TheCity","TheBeyond","TheEnding"],"potions_floor_usage":[6,9,12,14,15,16,16,20,22,22,23,28,33,42,49,56],"damage_taken":[{"damage":0,"enemies":"Small Slimes","floor":2,"turns":3},{"damage":0,"enemies":"downfall:FleeingMerchant","floor":3,"turns":4},{"damage":45,"enemies":"downfall:LadyInBlue","floor":5,"turns":10},{"damage":8,"enemies":"Lagavulin","floor":6,"turns":7},{"damage":0,"enemies":"2 Louse","floor":8,"turns":2},{"damage":5,"enemies":"3 Sentries","floor":9,"turns":3},{"damage":1,"enemies":"Cultist","floor":10,"turns":3},{"damage":5,"enemies":"Blue Slaver","floor":11,"turns":2},{"damage":6,"enemies":"downfall:LooterAlt","floor":12,"turns":2},{"damage":0,"enemies":"2 Fungi Beasts","floor":14,"turns":2},{"damage":3,"enemies":"Lots of Slimes","floor":15,"turns":2},{"damage":2,"enemies":"SI_SHIV_ARCHETYPE","floor":16,"turns":4},{"damage":23,"enemies":"Shell Parasite","floor":19,"turns":4},{"damage":0,"enemies":"3 Byrds","floor":20,"turns":3},{"damage":34,"enemies":"Centurion and Healer","floor":22,"turns":4},{"damage":23,"enemies":"Gremlin Leader","floor":23,"turns":4},{"damage":12,"enemies":"Book of Stabbing","floor":27,"turns":3},{"damage":0,"enemies":"Cultist and Chosen","floor":28,"turns":3},{"damage":0,"enemies":"downfall:FleeingMerchant","floor":29,"turns":4},{"damage":0,"enemies":"Snake Plant","floor":30,"turns":2},{"damage":0,"enemies":"Snecko","floor":31,"turns":2},{"damage":8,"enemies":"Centurion and Healer","floor":32,"turns":3},{"damage":10,"enemies":"WA_ARCHETYPE_CALM","floor":33,"turns":4},{"damage":0,"enemies":"3 Darklings","floor":36,"turns":1},{"damage":16,"enemies":"Orb Walker","floor":38,"turns":2},{"damage":32,"enemies":"2 Orb Walkers","floor":39,"turns":2},{"damage":14,"enemies":"Sphere and 2 Shapes","floor":42,"turns":2},{"damage":0,"enemies":"Reptomancer","floor":43,"turns":2},{"damage":0,"enemies":"Jaw Worm Horde","floor":44,"turns":2},{"damage":0,"enemies":"Nemesis","floor":45,"turns":3},{"damage":0,"enemies":"Maw","floor":46,"turns":3},{"damage":0,"enemies":"Sphere and 2 Shapes","floor":47,"turns":1},{"damage":0,"enemies":"R_Hoarder","floor":48,"turns":2},{"damage":0,"enemies":"Transient","floor":49,"turns":5},{"damage":59,"enemies":"DF_ARCHETYPE_ORBS","floor":50,"turns":5},{"damage":10,"enemies":"downfall:CharBossMerchant","floor":53,"turns":3},{"damage":0,"enemies":"downfall:NeowBoss","floor":56,"turns":5},{"damage":42,"enemies":"downfall:NeowBossFinal","floor":57,"turns":5}],"seed_played":"1496490428037570437","potions_obtained":[{"floor":5,"key":"Swift Potion"},{"floor":5,"key":"Milkshake"},{"floor":5,"key":"DuplicationPotion"},{"floor":6,"key":"Adrenaline Potion"},{"floor":8,"key":"FearPotion"},{"floor":9,"key":"Elixir"},{"floor":10,"key":"Energy Potion"},{"floor":12,"key":"SkillPotion"},{"floor":14,"key":"ColorlessPotion"},{"floor":15,"key":"Energy Potion"},{"floor":16,"key":"Fire Potion"},{"floor":19,"key":"DistilledChaos"},{"floor":20,"key":"Fire Potion"},{"floor":22,"key":"champ:CounterPotion"},{"floor":23,"key":"Milkshake"},{"floor":27,"key":"FearPotion"},{"floor":28,"key":"Block Potion"},{"floor":30,"key":"SmokeBomb"},{"floor":31,"key":"DuplicationPotion"},{"floor":32,"key":"Strength Potion"},{"floor":33,"key":"Weak Potion"},{"floor":36,"key":"bronze:BurnAndBuffPotion"},{"floor":39,"key":"bronze:BuildAFunctionPotion"},{"floor":42,"key":"UndeadPotion"},{"floor":46,"key":"LiquidMemories"},{"floor":49,"key":"Fire Potion"}],"is_trial":false,"path_per_floor":["R","M","$","?","?","E","T","M","E","M","M","M","R","M","M","B",null,"R","M","M","?","M","E","T","?","R","E","M","$","M","M","M","B",null,"R","M","?","M","?","?","T","M","E","M","E","M","M","E","M","B",null,null,"E","$","R","B","B",null],"character_chosen":"THE_AUTOMATON","items_purchased":["expansioncontent:QuickStudy","bronze:Branch","Medical Kit","MerchantsRug","Oddly Smooth Stone","Torii","SynthV","ReplayTheSpireMod:ShopPack"],"campfire_rested":0,"item_purchase_floors":[3,3,29,29,29,54,54,54],"current_hp_per_floor":[70,70,70,70,25,24,24,24,19,18,13,7,17,17,14,22,87,87,64,64,48,14,75,75,75,75,65,67,69,71,73,67,59,105,105,105,115,99,69,61,61,49,59,65,83,101,113,119,137,99,99,147,148,148,148,149,123],"gold":1,"neow_bonus":"ONE_RANDOM_RARE_CARD","is_daily":false,"chose_seed":false,"campfire_upgraded":5,"win_rate":0.0,"timestamp":1614078415,"path_taken":["R","M","$","?","?","E","T","M","E","M","?","M","R","M","M","BOSS","R","M","M","?","M","E","T","?","R","E","M","$","M","M","M","BOSS","R","M","?","?","?","?","T","?","E","M","E","M","M","E","M","BOSS","E","$","R","BOSS","BOSS"],"items_purchased_type":["Card","Card","Relic","Relic","Relic","Relic","Relic","Relic"],"build_version":"2020-12-22","purchased_purges":0,"victory":true,"max_hp_per_floor":[70,70,70,70,70,77,77,77,77,77,77,77,87,87,87,87,87,87,87,87,87,87,88,88,88,88,93,96,101,101,101,103,105,105,105,105,115,116,118,118,118,127,129,129,130,131,134,134,138,147,147,147,148,148,148,149,160],"card_choices":[{"not_picked":["bronze:Boost","bronze:Invalidate"],"picked":"bronze:Branch","floor":2},{"not_picked":["bronze:Turbo","bronze:DelayedGuard"],"picked":"bronze:MaxOutput","floor":3},{"not_picked":["bronze:Branch","bronze:Deprecate"],"picked":"bronze:GetLatest","floor":6},{"not_picked":["bronze:BuggyMess","bronze:Frontload","bronze:FineTuning"],"picked":"SKIP","floor":8},{"not_picked":["bronze:Refactor","bronze:MaxOutput"],"picked":"bronze:FindAndReplace","floor":9},{"not_picked":["bronze:Invalidate","bronze:BuggyMess"],"picked":"bronze:Separator","floor":10},{"not_picked":["bronze:OilSpill","bronze:Shield"],"picked":"bronze:Overheat","floor":11},{"not_picked":["bronze:Shield","bronze:CutThrough"],"picked":"bronze:Iterate","floor":12},{"not_picked":["bronze:Refactor","bronze:DigitalCarnage"],"picked":"bronze:Library","floor":14},{"not_picked":["bronze:Deprecate","bronze:BitShift","bronze:DelayedSlice"],"picked":"SKIP","floor":15},{"not_picked":["bronze:Virus","bronze:ThunderWave"],"picked":"bronze:BurnOut","floor":16},{"not_picked":["bronze:OilSpill","bronze:Repair"],"picked":"bronze:InfiniteBeams+1","floor":19},{"not_picked":["bronze:Overheat","bronze:MaxOutput"],"picked":"bronze:Optimize","floor":20},{"not_picked":["bronze:Iterate","bronze:Fortify"],"picked":"bronze:Repulsor","floor":22},{"not_picked":["bronze:WildBeam+1","bronze:FineTuning"],"picked":"bronze:InfiniteBeams+1","floor":23},{"not_picked":["bronze:WildBeam","bronze:BugBarrage","bronze:FineTuning"],"picked":"SKIP","floor":27},{"not_picked":["bronze:Iterate","bronze:Branch","bronze:InfiniteBeams"],"picked":"SKIP","floor":28},{"not_picked":["bronze:FineTuning","bronze:DelayedGuard","bronze:BuggyMess"],"picked":"SKIP","floor":29},{"not_picked":["bronze:Fortify","bronze:Branch"],"picked":"bronze:WhirlingStrike+1","floor":30},{"not_picked":["bronze:Separator+1","bronze:Deprecate"],"picked":"bronze:Assembly","floor":31},{"not_picked":["bronze:ForceShield+1","bronze:Separator"],"picked":"bronze:OilSpill+1","floor":32},{"not_picked":["bronze:Assembly","bronze:BurnOut"],"picked":"bronze:Mutator","floor":33},{"not_picked":["bronze:Philosophize","bronze:DelayedSlice"],"picked":"bronze:Return+1","floor":36},{"not_picked":["bronze:ChildClass+1","bronze:GetLatest","bronze:BugBarrage"],"picked":"SKIP","floor":38},{"not_picked":["bronze:Iterate+1","bronze:Invalidate"],"picked":"bronze:Frontload+1","floor":39},{"not_picked":["bronze:BuggyMess","bronze:DelayedGuard","bronze:WhirlingStrike"],"picked":"SKIP","floor":42},{"not_picked":["bronze:FineTuning","bronze:WildBeam"],"picked":"bronze:Repulsor","floor":43},{"not_picked":["bronze:Separator+1","bronze:Philosophize"],"picked":"bronze:Iterate+1","floor":44},{"not_picked":["bronze:DarkDash","bronze:Branch"],"picked":"bronze:InfiniteLoop","floor":45},{"not_picked":["bronze:BronzeOrb+1","bronze:BitShift+1"],"picked":"bronze:Turbo+1","floor":46},{"not_picked":["bronze:DelayedSlice+1","bronze:CloningBeam"],"picked":"bronze:CleanCode","floor":47},{"not_picked":["bronze:Separator","bronze:Shield"],"picked":"bronze:Verify","floor":48},{"not_picked":["bronze:Invalidate","bronze:Deprecate"],"picked":"bronze:BugBarrage+1","floor":49},{"not_picked":["bronze:WildBeam","bronze:WhirlingStrike+1"],"picked":"bronze:HardenedForm","floor":53},{"not_picked":["MostiFishMod:MusicBox","MostiFishMod:JungleRules"],"picked":"Sadistic Nature","floor":54},{"not_picked":["Replay:BasicMightCard","The Bomb"],"picked":"MostiFishMod:PerfectForm","floor":54},{"not_picked":["MostiFishMod:BrokenBlackCloak","Blind"],"picked":"ReplayTheSpireMod:Brewmster","floor":54}],"player_experience":443225,"relics_obtained":[{"floor":2,"key":"LetterFromLob"},{"floor":5,"key":"White Beast Statue"},{"floor":6,"key":"Strawberry"},{"floor":9,"key":"Ice Cream"},{"floor":21,"key":"Necronomicon"},{"floor":23,"key":"Blood Vial"},{"floor":24,"key":"Grinning Jar"},{"floor":27,"key":"Gremlin Food"},{"floor":39,"key":"Bird Faced Urn"},{"floor":41,"key":"Bag of Marbles"},{"floor":43,"key":"Replay:Arrowhead"},{"floor":45,"key":"Gremlin Horn"},{"floor":48,"key":"Regal Pillow"},{"floor":53,"key":"Vajra"}],"event_choices":[{"cards_removed":["Chrysalis"],"damage_healed":0,"gold_gain":0,"player_choice":"Offered Rare","damage_taken":0,"max_hp_gain":10,"max_hp_loss":0,"event_name":"Bonfire Elementals","floor":37,"gold_loss":0},{"damage_healed":0,"gold_gain":0,"player_choice":"Fight","damage_taken":0,"max_hp_gain":0,"max_hp_loss":0,"event_name":"Mysterious Sphere","floor":39,"gold_loss":0}],"is_beta":false,"boss_relics":[{"not_picked":["Black Star","OneHitWonderSystem"],"picked":"Coffee Dripper"},{"not_picked":["SlaversCollar","Snecko Eye"],"picked":"FeatherPendant"}],"items_purged_floors":[],"is_endless":false,"potions_floor_spawned":[5,6,8,9,10,11,12,14,15,16,19,20,22,23,27,28,29,30,31,32,33,36,38,39,42,43,44,45,46,47,48,49,53],"ascension_level":2}}