{"host":"tgqjap25jvjx3f06","time":1614086385,"event":{"mods":["BaseMod","DeckTracker","Dota2Spire","Minty Spire (QoL Compilation)","Quick Restart","Relic Filter Mod","Replay The Spire","Shop Mod","StSLib","óô»ðÖ¸ÄÏ"],"gold_per_floor":[114,114,114,114,132,132,167,167,217,305,318,318,337,337,337,441,441,451,486,166,178,178,209,209,221,221,146,166,181,280,280,280],"floor_reached":31,"language":"ZHS","playtime":1605,"items_purged":["Strike_B"],"score":302,"play_id":"d1ab3681-dabb-4763-8ecf-79e26e559a28","local_time":"20210223211945","is_ascension_mode":true,"campfire_choices":[{"data":"White Noise","floor":6.0,"key":"SMITH"},{"data":"Coolheaded","floor":12.0,"key":"SMITH"},{"data":"Zap","floor":15.0,"key":"SMITH"},{"data":"Defragment","floor":24.0,"key":"SMITH"}],"circlet_count":0,"master_deck":["Strike_B+1","Defend_B","Defend_B","Defend_B","Defend_B+1","Zap+1","Dualcast+1","White Noise+1","Echo Form+1","Coolheaded+1","All For One","BasicCrystalCard","Discovery","Machine Learning","Defragment+1","Hologram+1","Consume","White Noise+1"],"relics":["FrozenCore","NeowsBlessing","Dota2Spire:LotusOrb","ReplayTheSpireMod:Lightbulb","Tiny Chest","Incense Burner","OrangePellets","PreservedInsect","Torii"],"acts_visited":["Exordium","TheCity"],"potions_floor_usage":[31],"damage_taken":[{"damage":0.0,"enemies":"Small Slimes","floor":1.0,"turns":1.0},{"damage":0.0,"enemies":"2 Louse","floor":5.0,"turns":1.0},{"damage":0.0,"enemies":"Lagavulin","floor":7.0,"turns":3.0},{"damage":9.0,"enemies":"3 Sentries","floor":10.0,"turns":8.0},{"damage":0.0,"enemies":"Cultist","floor":11.0,"turns":3.0},{"damage":12.0,"enemies":"Blue Slaver","floor":13.0,"turns":5.0},{"damage":28.0,"enemies":"Slime Boss","floor":16.0,"turns":7.0},{"damage":32.0,"enemies":"2 Thieves","floor":18.0,"turns":5.0},{"damage":15.0,"enemies":"3 Byrds","floor":21.0,"turns":9.0},{"damage":32.0,"enemies":"Book of Stabbing","floor":23.0,"turns":6.0},{"damage":6.0,"enemies":"Centurion and Healer","floor":25.0,"turns":11.0},{"damage":0.0,"enemies":"Chosen and Byrds","floor":28.0,"turns":8.0},{"damage":0,"enemies":"Snecko","floor":29,"turns":6},{"damage":8,"enemies":"Slavers","floor":31,"turns":1}],"seed_played":"4393895205142788806","potions_obtained":[{"floor":1.0,"key":"ColorlessPotion"},{"floor":5.0,"key":"Regen Potion"},{"floor":13.0,"key":"DuplicationPotion"},{"floor":21.0,"key":"Swift Potion"},{"floor":25.0,"key":"LiquidMemories"},{"floor":29,"key":"LiquidMemories"}],"is_trial":false,"path_per_floor":["M","?","?","?","M","R","E","?","T","E","M","R","M","?","R","B",null,"M","?","$","M","T","E","R","M","T","?","M","M","?","E"],"character_chosen":"DEFECT","items_purchased":["OrangePellets","Discovery"],"campfire_rested":0,"item_purchase_floors":[20,20],"current_hp_per_floor":[75,80,80,80,80,80,80,80,80,71,71,71,59,43,43,15,80,48,48,48,33,33,10,10,4,4,4,4,4,4,0,0],"gold":280,"neow_bonus":"THREE_ENEMY_KILL","is_daily":false,"chose_seed":false,"campfire_upgraded":4,"win_rate":0.0,"timestamp":1614086385,"path_taken":["M","?","?","?","M","R","E","?","T","E","M","R","?","?","R","BOSS","M","?","$","M","?","E","R","?","T","?","M","M","?","E"],"items_purchased_type":["Relic","Card"],"build_version":"2020-12-22","purchased_purges":1,"victory":false,"max_hp_per_floor":[75,80,80,80,80,80,80,80,80,80,80,80,80,80,80,80,80,80,80,80,80,80,80,80,80,80,80,80,80,80,80,80],"card_choices":[{"not_picked":["Self Repair","ReplayTheSpireMod:System Scan"],"picked":"White Noise","floor":1.0},{"not_picked":["Compile Driver","Rebound","BasicCrystalCard"],"picked":"SKIP","floor":5.0},{"not_picked":["Panic Button","Hologram","Rebound"],"picked":"SKIP","floor":7.0},{"not_picked":["Sweeping Beam","Time Bomb"],"picked":"Coolheaded","floor":10.0},{"not_picked":["Barrage","Turbo","Cold Snap"],"picked":"SKIP","floor":11.0},{"not_picked":["Steam Power","Beam Cell","Auto Shields"],"picked":"SKIP","floor":13.0},{"not_picked":["Multi-Cast","Reboot"],"picked":"All For One","floor":16.0},{"not_picked":["Chaos","Leap"],"picked":"BasicCrystalCard","floor":18.0},{"not_picked":["Stack","Sweeping Beam"],"picked":"Machine Learning","floor":21.0},{"not_picked":["Stack","BasicCrystalCard"],"picked":"Defragment","floor":23.0},{"not_picked":["Barrage","Turbo"],"picked":"Hologram+1","floor":25.0},{"not_picked":["Conserve Battery","Beam Cell"],"picked":"Consume","floor":28.0},{"not_picked":["Coolheaded","Stack"],"picked":"White Noise+1","floor":29}],"player_experience":349229,"relics_obtained":[{"floor":7.0,"key":"Dota2Spire:LotusOrb"},{"floor":9.0,"key":"ReplayTheSpireMod:Lightbulb"},{"floor":10.0,"key":"Tiny Chest"},{"floor":19.0,"key":"Incense Burner"},{"floor":23.0,"key":"PreservedInsect"},{"floor":26.0,"key":"Torii"}],"event_choices":[{"damage_healed":0.0,"max_hp_gain":5.0,"max_hp_loss":0.0,"gold_gain":0.0,"event_name":"Big Fish","player_choice":"Donut","floor":2.0,"gold_loss":0.0,"damage_taken":0.0},{"damage_healed":0.0,"max_hp_gain":0.0,"max_hp_loss":0.0,"gold_gain":0.0,"event_name":"Accursed Blacksmith","player_choice":"Forge","floor":8.0,"gold_loss":0.0,"damage_taken":0.0,"cards_upgraded":["Dualcast"]},{"damage_healed":0.0,"max_hp_gain":0.0,"max_hp_loss":0.0,"gold_gain":0.0,"event_name":"Shining Light","player_choice":"Entered Light","floor":14.0,"gold_loss":0.0,"damage_taken":16.0,"cards_upgraded":["Defend_B","Strike_B"]},{"cards_removed":["Strike_B"],"damage_healed":0.0,"max_hp_gain":0.0,"max_hp_loss":0.0,"gold_gain":0.0,"event_name":"Beggar","player_choice":"Gave Gold","floor":27.0,"gold_loss":75.0,"damage_taken":0.0},{"damage_healed":0,"gold_gain":99,"player_choice":"Stole From Cult","damage_taken":0,"max_hp_gain":0,"max_hp_loss":0,"event_name":"Nest","floor":30,"gold_loss":0}],"is_beta":false,"boss_relics":[{"not_picked":["Replay:Ancient Bell","Replay:Wanted Poster"],"picked":"FrozenCore"}],"items_purged_floors":[20],"is_endless":false,"potions_floor_spawned":[1,5,13,21,25,29],"killed_by":"Slavers","ascension_level":1}}