{"host":"8akdrwfmzu5ai7mr","time":1614056114,"event":{"mods":["100% Spire Juice","Act Like it!","BaseMod","Colored Powertips","Decade(王小明)","Downfall","Gensokyo","Marisa（F雨　魔理沙）","Minty Spire (QoL Compilation)","Quick Restart","Reimu（博丽灵梦）","Remilia（蕾米莉亚）","Replay The Spire","StSLib","The Administrix","The Marked","The Runesmith","The Servant 0.9.4","Youmu（魂魄妖梦）","【遗物卡牌】REMEMod"],"gold_per_floor":[109,109,44,56,56,85,85,88,88,85,85,85,10,26,26,26,26],"floor_reached":16,"language":"ZHS","playtime":1105,"items_purged":["Poor:ReiMu"],"score":158,"play_id":"20f7dd0e-99d3-4836-a4d2-d514cfd73a86","local_time":"20210223125514","is_ascension_mode":false,"campfire_choices":[{"data":"Moonworks:ForcedRevival","floor":7,"key":"SMITH"},{"data":"Moonworks:Flamethrower","floor":12,"key":"SMITH"},{"data":"Moonworks:Heat300Percent","floor":15,"key":"SMITH"}],"circlet_count":0,"master_deck":["Moonworks:Strike","Moonworks:Strike","Moonworks:Strike","Moonworks:Strike","Moonworks:Defend","Moonworks:Defend","Moonworks:Defend","Moonworks:Defend","Moonworks:Ambush","Moonworks:LongDistanceShot","Gensokyo:LifeSpringInfinity","Moonworks:ForcedRevival+1","Doubt","Moonworks:EvilSpyWorkPreparation+1","Moonworks:GoAway","Moonworks:JonathanRush","Moonworks:Flamethrower+1","Moonworks:Heat300Percent+1"],"relics":["Moonworks:BrokenBomb","Moonworks:Homemark","REME_ComplimentaryCards","NeowsBlessing","YidongShenshe:ReiMu","Meat on the Bone","Orichalcum","Replay:Bottled Snecko"],"acts_visited":["Exordium"],"potions_floor_usage":[8,16,16,16],"damage_taken":[{"damage":0,"enemies":"Small Slimes","floor":1,"turns":1},{"damage":0,"enemies":"2 Louse","floor":4,"turns":1},{"damage":0,"enemies":"Lagavulin","floor":6,"turns":2},{"damage":0,"enemies":"Gremlin Nob","floor":8,"turns":4},{"damage":0,"enemies":"Cultist","floor":10,"turns":2},{"damage":8,"enemies":"3 Louse","floor":14,"turns":3},{"damage":65,"enemies":"The Guardian","floor":16,"turns":7}],"seed_played":"8785241661891749307","potions_obtained":[{"floor":1,"key":"Flashbang"},{"floor":4,"key":"BlessingOfTheForge"},{"floor":10,"key":"champ:CounterPotion"},{"floor":14,"key":"bronze:BurnAndBuffPotion"}],"is_trial":false,"path_per_floor":["M","?","?","M","?","E","R","E","T","M","?","R","$","M","R","B"],"character_chosen":"THE_STARBREAKER","items_purchased":[],"campfire_rested":0,"item_purchase_floors":[],"current_hp_per_floor":[60,60,60,60,60,60,60,60,60,60,60,60,60,57,57,0,0],"gold":26,"neow_bonus":"THREE_ENEMY_KILL","is_daily":false,"chose_seed":false,"campfire_upgraded":3,"win_rate":0.0,"timestamp":1614056114,"path_taken":["M","?","?","M","?","E","R","E","T","M","?","R","?","M","R","BOSS"],"items_purchased_type":[],"build_version":"2020-12-22","purchased_purges":1,"victory":false,"max_hp_per_floor":[60,60,60,60,60,60,60,60,60,60,60,60,60,60,60,60,60],"card_choices":[{"not_picked":["Moonworks:SakisCookie","Moonworks:NicePresent"],"picked":"Moonworks:ForcedRevival","floor":1},{"not_picked":["Moonworks:IndiscriminateFireSupport","Moonworks:ScrambledEve"],"picked":"Moonworks:EvilSpyWorkPreparation","floor":4},{"not_picked":["Moonworks:Bloodlust","Moonworks:Assault"],"picked":"Moonworks:GoAway","floor":6},{"not_picked":["Moonworks:AngelHand","Moonworks:BigMagnum"],"picked":"Moonworks:JonathanRush","floor":8},{"not_picked":["Moonworks:AngelHand","Moonworks:Assault"],"picked":"Moonworks:Flamethrower","floor":10},{"not_picked":["Moonworks:ImOnFire","Moonworks:NicePresent"],"picked":"Moonworks:Heat300Percent","floor":14}],"player_experience":139965,"relics_obtained":[{"floor":6,"key":"Meat on the Bone"},{"floor":8,"key":"Orichalcum"},{"floor":9,"key":"Replay:Bottled Snecko"}],"event_choices":[{"damage_healed":0,"gold_gain":0,"player_choice":"带走神社","damage_taken":0,"relics_obtained":["YidongShenshe:ReiMu"],"max_hp_gain":0,"max_hp_loss":0,"event_name":"yidonshenshe","floor":2,"gold_loss":0,"cards_obtained":["Poor:ReiMu"]},{"damage_healed":0,"gold_gain":175,"player_choice":"AGREE","damage_taken":0,"max_hp_gain":0,"max_hp_loss":0,"event_name":"Liars Game","floor":3,"gold_loss":0,"cards_obtained":["Doubt"]},{"damage_healed":0,"gold_gain":0,"player_choice":"Ignored","damage_taken":0,"max_hp_gain":0,"max_hp_loss":0,"event_name":"Shining Light","floor":5,"gold_loss":0}],"is_beta":false,"boss_relics":[],"items_purged_floors":[13],"is_endless":false,"potions_floor_spawned":[1,4,10,14],"killed_by":"The Guardian","ascension_level":0}}