{"host":"r3islh0l1a1ykxfu","time":1614106463,"event":{"mods":["BaseMod","Bestiary","Colored Map","Colored Powertips","Highlight Path","Minty Spire (QoL Compilation)","Relic Stats","Slay-I","StSLib","Weighted Paths"],"gold_per_floor":[109,128,2,18,18,18,49,49,49,49,82,100,115,146,146,247,247,260,260,260,275,286,286,386,386,386,386,417,431,431,469,469,576,576,595,109,109,109,43,43,52,52,52,77,77,120,131,142,142,142],"floor_reached":51,"language":"ENG","playtime":8551,"items_purged":["Shame","Defend_B"],"score":844,"play_id":"811c4219-3217-42f7-9876-17b01ed6edd9","local_time":"20210223125423","is_ascension_mode":true,"campfire_choices":[{"data":"Streamline","floor":6.0,"key":"SMITH"},{"floor":8.0,"key":"REST"},{"data":"Redo","floor":10.0,"key":"SMITH"},{"data":"Ball Lightning","floor":15.0,"key":"SMITH"},{"data":"Reboot","floor":23.0,"key":"SMITH"},{"data":"Zap","floor":25.0,"key":"SMITH"},{"data":"Dualcast","floor":27.0,"key":"SMITH"},{"floor":30.0,"key":"REST"},{"floor":32.0,"key":"REST"},{"data":"Coolheaded","floor":40.0,"key":"SMITH"},{"data":"Gash","floor":42.0,"key":"SMITH"},{"data":"All For One","floor":45,"key":"SMITH"},{"data":"Cold Snap","floor":49,"key":"SMITH"}],"circlet_count":0,"master_deck":["Zap+1","Dualcast+1","Redo+1","Cold Snap+1","Leap","Streamline+1","Cold Snap","Coolheaded+1","Glacier","Ball Lightning+1","Buffer+1","Steam","Core Surge","Reboot+1","Gash+1","Leap","Loop+1","Chill","All For One+1","Go for the Eyes","Streamline+1","Defragment+1","Gash+1","Blind","Gash+1"],"relics":["Cracked Core","Bronze Scales","Eternal Feather","Frozen Egg 2","MealTicket","Empty Cage","Incense Burner","Matryoshka","CeramicFish","Inserter","InkBottle","DollysMirror","Art of War","Singing Bowl","Ornamental Fan","Toy Ornithopter"],"acts_visited":["Exordium","TheCity","TheBeyond"],"potions_floor_usage":[50],"damage_taken":[{"damage":6.0,"enemies":"2 Louse","floor":1.0,"turns":2.0},{"damage":0.0,"enemies":"Cultist","floor":2.0,"turns":3.0},{"damage":5.0,"enemies":"Jaw Worm","floor":4.0,"turns":3.0},{"damage":17.0,"enemies":"Gremlin Nob","floor":7.0,"turns":4.0},{"damage":19.0,"enemies":"3 Sentries","floor":11.0,"turns":8.0},{"damage":2.0,"enemies":"Looter","floor":12.0,"turns":2.0},{"damage":0.0,"enemies":"2 Fungi Beasts","floor":13.0,"turns":5.0},{"damage":14.0,"enemies":"Gremlin Nob","floor":14.0,"turns":3.0},{"damage":22.0,"enemies":"The Guardian","floor":16.0,"turns":9.0},{"damage":8.0,"enemies":"Chosen","floor":18.0,"turns":4.0},{"damage":10.0,"enemies":"2 Thieves","floor":21.0,"turns":3.0},{"damage":10.0,"enemies":"Shelled Parasite and Fungi","floor":22.0,"turns":4.0},{"damage":47.0,"enemies":"Gremlin Leader","floor":28.0,"turns":7.0},{"damage":25.0,"enemies":"Snake Plant","floor":29.0,"turns":2.0},{"damage":15.0,"enemies":"Book of Stabbing","floor":31.0,"turns":6.0},{"damage":8.0,"enemies":"Champ","floor":33.0,"turns":11.0},{"damage":18.0,"enemies":"3 Darklings","floor":35.0,"turns":4.0},{"damage":0,"enemies":"Nemesis","floor":44,"turns":7},{"damage":3,"enemies":"Giant Head","floor":46,"turns":8},{"damage":1,"enemies":"3 Shapes","floor":47,"turns":3},{"damage":3,"enemies":"Transient","floor":48,"turns":5},{"damage":13,"enemies":"Awakened One","floor":50,"turns":10}],"seed_played":"-775123058875491124","potions_obtained":[{"floor":7.0,"key":"Block Potion"},{"floor":13.0,"key":"AttackPotion"},{"floor":16.0,"key":"Block Potion"},{"floor":18.0,"key":"GamblersBrew"},{"floor":29.0,"key":"Block Potion"},{"floor":31.0,"key":"DistilledChaos"},{"floor":35.0,"key":"Block Potion"},{"floor":46,"key":"Block Potion"},{"floor":48,"key":"SpeedPotion"}],"is_trial":false,"path_per_floor":["M","M","$","M","?","R","E","R","T","R","E","M","M","E","R","B",null,"M","?","?","M","M","R","?","R","T","R","E","M","R","E","R","B",null,"M","$","?","?","$","R","?","R","T","E","R","E","M","M","R","B",null],"character_chosen":"DEFECT","items_purchased":["Streamline","InkBottle","DollysMirror","Defragment+1","Gash"],"campfire_rested":3,"item_purchase_floors":[3,36,36,39,39],"current_hp_per_floor":[69,69,69,64,57,57,40,62,62,68,49,47,47,33,42,20,75,67,67,67,57,47,56,56,65,65,74,27,2,33,18,52,44,75,57,72,72,72,75,75,75,75,75,77,77,74,75,74,81,68],"gold":142,"neow_bonus":"TRANSFORM_TWO_CARDS","is_daily":false,"chose_seed":false,"campfire_upgraded":10,"win_rate":0.0,"timestamp":1614106463,"path_taken":["M","M","$","M","?","R","E","R","T","R","E","M","M","E","R","BOSS","M","?","?","?","M","R","?","R","T","R","E","M","R","E","R","BOSS","M","?","?","?","$","R","?","R","T","E","R","E","M","?","R","BOSS"],"items_purchased_type":["Card","Relic","Relic","Card","Card"],"build_version":"2020-12-22","purchased_purges":2,"victory":true,"max_hp_per_floor":[75,75,75,75,75,75,75,75,75,75,75,75,75,75,75,75,75,75,75,75,75,75,75,75,75,75,75,75,75,75,75,75,75,75,75,75,75,75,75,75,75,75,75,77,77,77,79,81,81,81],"relic_stats":{"Inserter":[18],"Singing Bowl":6,"counters":[22,113],"Ornamental Fan":[64],"Bronze Scales":[327],"CeramicFish":72,"Eternal Feather":70,"MealTicket":18,"Art of War":[1],"obtain_stats":[{"Inserter":34,"Singing Bowl":43,"CeramicFish":31,"Eternal Feather":9,"Incense Burner":26,"Frozen Egg 2":11,"Empty Cage":17,"Matryoshka":28,"DollysMirror":36,"Ornamental Fan":44,"Bronze Scales":7,"MealTicket":14,"Art of War":43,"Cracked Core":0,"InkBottle":36,"Toy Ornithopter":46},{"Inserter":16,"Singing Bowl":17,"CeramicFish":15,"Eternal Feather":4,"Incense Burner":12,"Frozen Egg 2":5,"Empty Cage":9,"Matryoshka":13,"DollysMirror":17,"Ornamental Fan":18,"Bronze Scales":4,"MealTicket":8,"Art of War":17,"Cracked Core":0,"InkBottle":17,"Toy Ornithopter":19},{"Inserter":76,"Singing Bowl":80,"CeramicFish":65,"Eternal Feather":12,"Incense Burner":50,"Frozen Egg 2":20,"Empty Cage":39,"Matryoshka":57,"DollysMirror":80,"Ornamental Fan":87,"Bronze Scales":12,"MealTicket":30,"Art of War":80,"Cracked Core":0,"InkBottle":80,"Toy Ornithopter":95}],"InkBottle":[18],"Toy Ornithopter":0},"card_choices":[{"not_picked":["Melter","Gash"],"picked":"Cold Snap","floor":1.0},{"not_picked":["Sweeping Beam","Compile Driver"],"picked":"Leap","floor":2.0},{"not_picked":["Rip and Tear","Compile Driver"],"picked":"Cold Snap","floor":4.0},{"not_picked":["Stack","Hologram","Rip and Tear"],"picked":"SKIP","floor":7.0},{"not_picked":["Darkness","Fission"],"picked":"Coolheaded","floor":11.0},{"not_picked":["Cold Snap","Gash"],"picked":"Glacier","floor":12.0},{"not_picked":["Steam","Go for the Eyes"],"picked":"Ball Lightning","floor":13.0},{"not_picked":["Barrage","Coolheaded","Rebound"],"picked":"SKIP","floor":14.0},{"not_picked":["Thunder Strike","Hyperbeam"],"picked":"Buffer+1","floor":16.0},{"not_picked":["Hologram","Coolheaded"],"picked":"Steam","floor":18.0},{"not_picked":["Undo","Lockon"],"picked":"Gash+1","floor":21.0},{"not_picked":["Coolheaded","Turbo+1"],"picked":"Leap","floor":22.0},{"not_picked":["Self Repair+1","Auto Shields+1"],"picked":"All For One","floor":28.0},{"not_picked":["Barrage","Melter+1"],"picked":"Loop+1","floor":29.0},{"not_picked":["Streamline","Doom and Gloom"],"picked":"Chill","floor":31.0},{"not_picked":["Seek","Fission"],"picked":"All For One","floor":33.0},{"not_picked":["Sunder+1","Chill"],"picked":"Go for the Eyes","floor":35.0},{"not_picked":["Panacea","Chrysalis"],"picked":"Blind","floor":41.0},{"not_picked":["Go for the Eyes+1","Rebound","Coolheaded"],"picked":"Singing Bowl","floor":44},{"not_picked":["Leap","Hologram+1"],"picked":"Gash+1","floor":46},{"not_picked":["Compile Driver","Doom and Gloom","Sweeping Beam"],"picked":"Singing Bowl","floor":47},{"not_picked":["Heatsinks+1","Rainbow","Conserve Battery"],"picked":"Singing Bowl","floor":48}],"player_experience":1328408,"relics_obtained":[{"floor":7.0,"key":"Bronze Scales"},{"floor":9.0,"key":"Eternal Feather"},{"floor":11.0,"key":"Frozen Egg 2"},{"floor":14.0,"key":"MealTicket"},{"floor":26.0,"key":"Incense Burner"},{"floor":28.0,"key":"Matryoshka"},{"floor":31.0,"key":"CeramicFish"},{"floor":43.0,"key":"Art of War"},{"floor":43.0,"key":"Singing Bowl"},{"floor":44,"key":"Ornamental Fan"},{"floor":46,"key":"Toy Ornithopter"}],"event_choices":[{"cards_removed":["Defend_B"],"damage_healed":0.0,"max_hp_gain":0.0,"max_hp_loss":0.0,"gold_gain":0.0,"event_name":"Golden Wing","player_choice":"Card Removal","floor":5.0,"gold_loss":0.0,"damage_taken":7.0},{"damage_healed":0.0,"max_hp_gain":0.0,"max_hp_loss":0.0,"gold_gain":0.0,"cards_transformed":["Fusion","Strike_B"],"event_name":"Drug Dealer","player_choice":"Became Test Subject","floor":19.0,"gold_loss":0.0,"damage_taken":0.0,"cards_obtained":["Core Surge","Reboot"]},{"cards_removed":["Defend_B"],"damage_healed":0.0,"max_hp_gain":0.0,"max_hp_loss":0.0,"gold_gain":0.0,"event_name":"Purifier","player_choice":"Purged","floor":20.0,"gold_loss":0.0,"damage_taken":0.0},{"damage_healed":0.0,"max_hp_gain":0.0,"max_hp_loss":0.0,"gold_gain":100.0,"event_name":"Golden Shrine","player_choice":"Pray","floor":24.0,"gold_loss":0.0,"damage_taken":0.0},{"cards_removed":["All For One"],"damage_healed":0.0,"max_hp_gain":0.0,"max_hp_loss":0.0,"gold_gain":0.0,"event_name":"Falling","player_choice":"Removed Attack","floor":37.0,"gold_loss":0.0,"damage_taken":0.0},{"damage_healed":0.0,"max_hp_gain":0.0,"max_hp_loss":0.0,"gold_gain":0.0,"event_name":"Tomb of Lord Red Mask","player_choice":"Ignored","floor":38.0,"gold_loss":0.0,"damage_taken":0.0},{"damage_healed":0.0,"max_hp_gain":0.0,"max_hp_loss":0.0,"gold_gain":0.0,"event_name":"SensoryStone","player_choice":"Memory 1","floor":41.0,"gold_loss":0.0,"damage_taken":0.0}],"is_beta":false,"boss_relics":[{"not_picked":["Runic Pyramid","Fusion Hammer"],"picked":"Empty Cage"},{"not_picked":["Runic Dome","SlaversCollar"],"picked":"Inserter"}],"items_purged_floors":[3,36],"is_endless":false,"potions_floor_spawned":[7,13,16,18,29,31,35,46,48],"ascension_level":3}}