{"host":"w3f00wcravgmclfx","time":1614063387,"event":{"mods":["BaseMod","Friendly Minions","Hermit","Kiyohime£¨?ýï£©","Koishi","Minty Spire (QoL Compilation)","StSLib","The Hierophant"],"gold_per_floor":[119,294,294,78,122,176,251,298,298,359,359,391,391,434,434,539,539,539],"floor_reached":17,"language":"KOR","playtime":910,"items_purged":["Doubt"],"score":140,"play_id":"16a49f84-9e37-473a-9c94-ba168db2c176","local_time":"20210223155627","is_ascension_mode":false,"campfire_choices":[{"data":"hierophant:Purify","floor":11,"key":"SMITH"},{"data":"hierophant:ChurchCoffers","floor":13,"key":"SMITH"},{"data":"hierophant:Flagellation","floor":15,"key":"SMITH"}],"circlet_count":0,"master_deck":["hierophant:Strike_Hierophant+1","hierophant:Strike_Hierophant","hierophant:Strike_Hierophant","hierophant:Strike_Hierophant","hierophant:Punish+1","hierophant:Defend_Hierophant","hierophant:Defend_Hierophant","hierophant:Defend_Hierophant","hierophant:Defend_Hierophant","hierophant:ChurchCoffers+1","hierophant:Smite","hierophant:RepressedViolence","hierophant:OrnateBuckler","hierophant:RustyCrate","hierophant:Doubloon","hierophant:Doubloon","hierophant:FieryStrike","hierophant:Purify+1","hierophant:Flagellation+1","hierophant:OrnateBuckler","hierophant:OrnateBuckler","hierophant:Cornucopia"],"relics":["hierophant:PropheticMaskRelic","NeowsBlessing","Lizard Tail","Whetstone","Turnip","White Beast Statue","Coffee Dripper"],"acts_visited":["Exordium","TheCity"],"potions_floor_usage":[10,16,16],"damage_taken":[{"damage":0,"enemies":"Cultist","floor":1,"turns":1},{"damage":0,"enemies":"Jaw Worm","floor":5,"turns":1},{"damage":0,"enemies":"3 Sentries","floor":6,"turns":3},{"damage":5,"enemies":"2 Louse","floor":8,"turns":2},{"damage":32,"enemies":"Lagavulin","floor":10,"turns":8},{"damage":14,"enemies":"Large Slime","floor":12,"turns":6},{"damage":0,"enemies":"2 Fungi Beasts","floor":14,"turns":1},{"damage":9,"enemies":"Slime Boss","floor":16,"turns":12}],"seed_played":"-9188399870180105089","potions_obtained":[{"floor":1,"key":"Swift Potion"},{"floor":8,"key":"Block Potion"},{"floor":10,"key":"EssenceOfSteel"},{"floor":12,"key":"Dexterity Potion"},{"floor":16,"key":"Energy Potion"}],"is_trial":false,"path_per_floor":["M","?","?","$","M","E","?","M","T","E","R","M","R","M","R","B",null],"character_chosen":"HIEROPHANT","items_purchased":["hierophant:RepressedViolence","hierophant:OrnateBuckler","hierophant:RustyCrate"],"campfire_rested":0,"item_purchase_floors":[4,4,4],"current_hp_per_floor":[75,75,68,68,68,68,57,52,52,20,20,6,6,6,6,37,75,75],"gold":539,"neow_bonus":"THREE_ENEMY_KILL","is_daily":false,"chose_seed":false,"campfire_upgraded":3,"win_rate":0.0,"timestamp":1614063387,"path_taken":["M","?","?","?","?","E","?","M","T","E","R","M","R","M","R","BOSS"],"items_purchased_type":["Card","Card","Card"],"build_version":"2020-12-22","purchased_purges":1,"victory":false,"max_hp_per_floor":[75,75,75,75,75,75,75,75,75,75,75,75,75,75,75,75,75,75],"card_choices":[{"not_picked":["hierophant:Refuge","hierophant:SealAway"],"picked":"hierophant:Smite","floor":1},{"not_picked":["hierophant:FlamingChariot","hierophant:RustyCrate"],"picked":"hierophant:FieryStrike","floor":5},{"not_picked":["hierophant:Shelter","hierophant:Community"],"picked":"hierophant:Purify","floor":6},{"not_picked":["hierophant:Doubloon","hierophant:FlamingChariot"],"picked":"hierophant:Flagellation","floor":8},{"not_picked":["hierophant:Generosity","hierophant:Prophecy","hierophant:Martyrdom"],"picked":"SKIP","floor":10},{"not_picked":["hierophant:CoinFling","hierophant:ThreeLashes"],"picked":"hierophant:OrnateBuckler","floor":12},{"not_picked":["hierophant:Glossolalia","hierophant:Encroach"],"picked":"hierophant:OrnateBuckler","floor":14},{"not_picked":["hierophant:Anathema","hierophant:BulkyChest"],"picked":"hierophant:Cornucopia","floor":16}],"player_experience":383556,"relics_obtained":[{"floor":6,"key":"Whetstone"},{"floor":9,"key":"Turnip"},{"floor":10,"key":"White Beast Statue"}],"event_choices":[{"damage_healed":0,"gold_gain":175,"player_choice":"AGREE","damage_taken":0,"max_hp_gain":0,"max_hp_loss":0,"event_name":"Liars Game","floor":2,"gold_loss":0,"cards_obtained":["Doubt"]},{"damage_healed":0,"gold_gain":0,"player_choice":"Success","damage_taken":7,"relics_obtained":["Lizard Tail"],"max_hp_gain":0,"max_hp_loss":0,"event_name":"Scrap Ooze","floor":3,"gold_loss":0},{"damage_healed":0,"gold_gain":75,"player_choice":"Gather Gold","damage_taken":11,"max_hp_gain":0,"max_hp_loss":0,"event_name":"World of Goop","floor":7,"gold_loss":0}],"is_beta":false,"boss_relics":[{"not_picked":["Pandora\u0027s Box","Runic Pyramid"],"picked":"Coffee Dripper"}],"items_purged_floors":[4],"is_endless":false,"potions_floor_spawned":[1,8,10,12,14,16],"ascension_level":0}}