{"host":"kejh1c9c53env2nx","time":1614081002,"event":{"mods":["BaseMod","Downfall","Minty Spire (QoL Compilation)","StSLib"],"gold_per_floor":[99,99,114,214,89,89,89,106,125,144,162,162,180,190,203,306,306,306,323,334,184,199,199,199,199],"floor_reached":23,"language":"ENG","playtime":1652,"items_purged":[],"score":187,"play_id":"c7f943d5-094a-4159-bf42-1c9cc16d5337","local_time":"20210223115002","is_ascension_mode":false,"campfire_choices":[{"data":"Slimebound:CorrosiveSpit","floor":1,"key":"SMITH"},{"floor":6,"key":"RECALL"},{"data":"Slimebound:Overexert","floor":12,"key":"SMITH"},{"data":"Slimebound:MinionMaster","floor":18,"key":"SMITH"}],"circlet_count":0,"master_deck":["Slimebound:Strike_Slimebound","Slimebound:Strike_Slimebound","Slimebound:Strike_Slimebound","Slimebound:Tackle","Slimebound:Defend_Slimebound","Slimebound:Defend_Slimebound","Slimebound:Defend_Slimebound","Slimebound:Defend_Slimebound","Slimebound:Split","Slimebound:CorrosiveSpit+1","Slimebound:Prepare","Slimebound:LevelUp","Slimebound:LevelUp","Slimebound:GrowthPunch","Slimebound:SplitBruiser","Slimebound:GoopSpray","Slimebound:GoopSpray","Slimebound:Overexert+1","Slimebound:SamplingLick","Slimebound:SplitLeeching","Slimebound:SlimeBrawl","Slimebound:MinionMaster+1","Slimebound:HauntingLick","Slimebound:RollThrough+1","Ghostly","Slimebound:SplitBruiser"],"relics":["Slimebound:AbsorbEndCombat","Black Star"],"acts_visited":["Exordium","TheCity"],"potions_floor_usage":[10,16,16],"damage_taken":[{"damage":3,"enemies":"Jaw Worm","floor":3,"turns":5},{"damage":3,"enemies":"downfall:FleeingMerchant","floor":5,"turns":4},{"damage":4,"enemies":"Cultist","floor":8,"turns":4},{"damage":0,"enemies":"2 Louse","floor":9,"turns":3},{"damage":11,"enemies":"2 Fungi Beasts","floor":10,"turns":4},{"damage":8,"enemies":"Exordium Thugs","floor":11,"turns":4},{"damage":10,"enemies":"Blue Slaver","floor":13,"turns":2},{"damage":31,"enemies":"Exordium Wildlife","floor":14,"turns":5},{"damage":14,"enemies":"Lots of Slimes","floor":15,"turns":4},{"damage":21,"enemies":"SI_SHIV_ARCHETYPE","floor":16,"turns":15},{"damage":19,"enemies":"Shell Parasite","floor":19,"turns":6},{"damage":21,"enemies":"Spheric Guardian","floor":20,"turns":7},{"damage":49,"enemies":"Cultist and Chosen","floor":22,"turns":8},{"damage":10,"enemies":"Sentry and Sphere","floor":23,"turns":2}],"seed_played":"5463601606346004256","potions_obtained":[{"floor":8,"key":"SpeedPotion"},{"floor":10,"key":"Explosive Potion"},{"floor":11,"key":"PowerPotion"},{"floor":14,"key":"Slimebound:SlimyTonguePotion"},{"floor":15,"key":"Guardian:BlockOnCardUsePotion"},{"floor":22,"key":"GamblersBrew"}],"is_trial":false,"path_per_floor":["R","?","M","?","$","R","T","M","M","M","M","R","M","M","M","B",null,"R","M","M","?","M","M"],"character_chosen":"SLIMEBOUND","items_purchased":["Slimebound:LevelUp","Slimebound:GrowthPunch"],"campfire_rested":0,"item_purchase_floors":[5,5],"current_hp_per_floor":[71,76,76,76,75,75,75,75,76,69,65,65,55,30,16,3,76,76,63,46,46,5,0,0,0],"gold":199,"neow_bonus":"TEN_PERCENT_HP_BONUS","is_daily":false,"chose_seed":false,"campfire_upgraded":3,"win_rate":0.0,"timestamp":1614081002,"path_taken":["R","?","M","?","$","R","T","M","M","M","M","R","M","?","M","BOSS","R","M","?","?","M","M"],"items_purchased_type":["Card","Card"],"build_version":"2020-12-22","purchased_purges":0,"victory":false,"max_hp_per_floor":[71,76,76,76,76,76,76,76,76,76,76,76,76,76,76,76,76,76,76,76,76,76,76,76,76],"card_choices":[{"not_picked":["Slimebound:LeechingTouch","Slimebound:ProtectTheBoss"],"picked":"Slimebound:Prepare","floor":3},{"not_picked":["Slimebound:Nibble","Slimebound:ForwardTackle"],"picked":"Slimebound:LevelUp","floor":5},{"not_picked":["Slimebound:Grow","Slimebound:Schlurp"],"picked":"Slimebound:SplitBruiser","floor":8},{"not_picked":["Slimebound:LevelUp","Slimebound:Dissolve"],"picked":"Slimebound:GoopSpray","floor":9},{"not_picked":["Slimebound:Chomp","Slimebound:ComboTackle"],"picked":"Slimebound:GoopSpray","floor":10},{"not_picked":["Slimebound:GoopTackle","Slimebound:Dissolve"],"picked":"Slimebound:Overexert","floor":11},{"not_picked":["Slimebound:DisruptingSlam","Slimebound:Schlurp"],"picked":"Slimebound:SamplingLick","floor":13},{"not_picked":["Slimebound:GoopSpray","Slimebound:Prepare"],"picked":"Slimebound:SplitLeeching","floor":14},{"not_picked":["Slimebound:RollThrough","Slimebound:LeechEnergy"],"picked":"Slimebound:SlimeBrawl","floor":15},{"not_picked":["Slimebound:MassFeed","Slimebound:Overexert"],"picked":"Slimebound:MinionMaster","floor":16},{"not_picked":["Slimebound:LeechEnergy","Slimebound:SamplingLick"],"picked":"Slimebound:HauntingLick","floor":19},{"not_picked":["Slimebound:TongueLash","Slimebound:FormOfPuddle"],"picked":"Slimebound:RollThrough+1","floor":20},{"not_picked":["Slimebound:LeechEnergy","Slimebound:ComboTackle"],"picked":"Slimebound:SplitBruiser","floor":22}],"player_experience":55429,"relics_obtained":[],"event_choices":[{"damage_healed":0,"gold_gain":0,"player_choice":"Donut","damage_taken":0,"max_hp_gain":5,"max_hp_loss":0,"event_name":"Big Fish","floor":2,"gold_loss":0}],"is_beta":false,"boss_relics":[{"not_picked":["Busted Crown","Runic Dome"],"picked":"Black Star"}],"items_purged_floors":[],"is_endless":false,"potions_floor_spawned":[8,10,11,14,15,19,22],"killed_by":"Sentry and Sphere","ascension_level":0}}