{"host":"01os5saapwcfwn4c","time":1614078764,"event":{"mods":["100% Spire Juice","ATMod(∞¢Ë™Mod)","Act Like it!","BaseMod","CapriCore","Gensokyo","Grow up Mod","KinomotoSakuraMod(ƒæ÷Æ±æ”£)","Marisa£®ÏF”Í°°ƒß¿Ì…≥£©","Minty Spire (QoL Compilation)","MostiFishMod","Quick Restart","Reimu£®≤©¿ˆ¡È√Œ£©","Relic Filter Mod","Remove Card Discount Mod","StSLib","The Animator","The Immortal","TheWitcher","WarShipGirlsR/’ΩΩ¢…Ÿ≈ÆR mod","Yakumo Yukari mod","Youmu£®ªÍ∆«—˝√Œ£©","Yuyuko","°æ“≈ŒÔø®≈∆°øREMEMod"],"gold_per_floor":[110,127,139,16,29,29,48,74,100,100,0,0,30,46,46,150,150,170,187,198,216,83,83,83],"floor_reached":23,"language":"ZHS","playtime":2859,"items_purged":[],"score":305,"play_id":"a11f6d37-4817-4ff4-aa2d-e1e67e988a9b","local_time":"20210223191244","is_ascension_mode":false,"campfire_choices":[{"data":"FantasyMoon:ReiMu","floor":6.0,"key":"SMITH"},{"data":"SubcavityFantasy:ReiMu","floor":15.0,"key":"SMITH"}],"circlet_count":0,"master_deck":["Strike_Lin:ReiMu","Strike_Lin:ReiMu","Strike_Lin:ReiMu","Strike_Lin:ReiMu","Defend_Lin:ReiMu","Defend_Lin:ReiMu","Defend_Lin:ReiMu","Defend_Lin:ReiMu","NB:ReiMu","Stagnation:ReiMu","Mirror_TwoAndThreeElementRealm_purple","AT_FamilyPortrait","FantasyMoon:ReiMu+1","MikOfLucky:ReiMu","Conquer:ReiMu","RainPray2:ReiMu","CleanRite:ReiMu","Mountainwind:ReiMu","Injury","Pain","AlertArray:ReiMu","SubcavityFantasy:ReiMu+1","HakureiPhantom:ReiMu","UniversalSpiritual:ReiMu+1","NineCharacters:ReiMu","Gensokyo:Shovel","Gensokyo:ScrapIron","Gensokyo:TarnishedGold","Gensokyo:RustyChest"],"relics":["FlyPower:ReiMu","DaveBox","AT_ATBox","REME_ComplimentaryCards","RhineSuit","NeowsBlessing","SynthV:TestCard","AT_RedTearstoneRing","Mastiff:ReiMu","AT_SunfireAegis","Happy Flower","Molten Egg 2","Gensokyo:LunaticRedEyes","AT_RabadonDeathcap","AT_BellDemon","Sozu"],"acts_visited":["Gensokyo:Gensokyo","Gensokyo:Gensokyoer"],"potions_floor_usage":[],"damage_taken":[{"damage":0.0,"enemies":"Gensokyo:2_Kodama","floor":1.0,"turns":1.0},{"damage":0.0,"enemies":"Gensokyo:3_Fairies","floor":2.0,"turns":2.0},{"damage":0.0,"enemies":"Gensokyo:Python","floor":3.0,"turns":1.0},{"damage":0.0,"enemies":"Gensokyo:VengefulSpirit","floor":5.0,"turns":5.0},{"damage":0.0,"enemies":"Gensokyo:LivingMonolith","floor":7.0,"turns":4.0},{"damage":9.0,"enemies":"Gensokyo:Mamizou","floor":8.0,"turns":6.0},{"damage":15.0,"enemies":"Gensokyo:Cirno","floor":13.0,"turns":5.0},{"damage":0.0,"enemies":"Gensokyo:Kitsune","floor":14.0,"turns":2.0},{"damage":0.0,"enemies":"Gensokyo:Reimu","floor":16.0,"turns":4.0},{"damage":0.0,"enemies":"Gensokyo:3_Dogs","floor":18.0,"turns":3.0},{"damage":0.0,"enemies":"Gensokyo:AngelMirror","floor":19.0,"turns":2.0},{"damage":18,"enemies":"Gensokyo:Wraith","floor":20,"turns":4},{"damage":17,"enemies":"Gensokyo:Mirror_and_Dog","floor":21,"turns":3},{"damage":0,"enemies":"Gensokyo:Reisen","floor":23,"turns":1}],"seed_played":"7952359817408120580","potions_obtained":[{"floor":2.0,"key":"PowerPotion"},{"floor":7.0,"key":"PinkPotion:ReiMu"}],"is_trial":false,"path_per_floor":["M","M","M","COS","M","R","M","E","T","?","?","?","E","M","R","B",null,"M","M","M","M","COS","E"],"character_chosen":"REIMU","items_purchased":[],"campfire_rested":0,"item_purchase_floors":[],"current_hp_per_floor":[85,95,105,115,125,135,145,146,156,166,176,186,181,191,201,211,245,255,265,257,255,265,265,265],"gold":83,"neow_bonus":"THREE_ENEMY_KILL","is_daily":false,"chose_seed":false,"campfire_upgraded":2,"win_rate":0.0,"timestamp":1614078764,"path_taken":["M","M","M","COS","M","R","M","E","T","?","?","?","E","M","R","BOSS","M","M","M","M","COS","E"],"items_purchased_type":[],"build_version":"2020-12-22","purchased_purges":0,"victory":false,"max_hp_per_floor":[85,95,105,115,125,135,145,155,165,175,185,195,205,215,225,235,245,255,265,275,285,295,295,295],"card_choices":[{"not_picked":["SubcavityInstant:ReiMu","SpringWay:ReiMu"],"picked":"FantasyMoon:ReiMu","floor":1.0},{"not_picked":["SubcavityInstant:ReiMu","UniversalSpiritual:ReiMu","AirStrike:ReiMu","AlertArray:ReiMu"],"picked":"MikOfLucky:ReiMu","floor":2.0},{"not_picked":["OrbThrow:ReiMu","TakeOff:ReiMu","Meditation:ReiMu","Shading:ReiMu"],"picked":"Conquer:ReiMu","floor":3.0},{"not_picked":["MountainWay:ReiMu","SafetyPray:ReiMu","Amulet:ReiMu","Enchanting:ReiMu"],"picked":"RainPray2:ReiMu","floor":5.0},{"not_picked":["Intuition:ReiMu","Crusade:ReiMu","Gathering:ReiMu","AirStrike:ReiMu"],"picked":"CleanRite:ReiMu","floor":7.0},{"not_picked":["MikOfLucky:ReiMu","RainPray2:ReiMu","Enchanting:ReiMu","SealNeedle:ReiMu"],"picked":"Mountainwind:ReiMu","floor":8.0},{"not_picked":["EmergencyTakeOff:ReiMu","SafetyPray:ReiMu","SubcavityInstant:ReiMu","AirStrike:ReiMu+1"],"picked":"AlertArray:ReiMu","floor":13.0},{"not_picked":["SubcavityInstant:ReiMu","Enchanting:ReiMu","Meditation:ReiMu","SubAcupoint:ReiMu+1"],"picked":"SubcavityFantasy:ReiMu","floor":14.0},{"not_picked":["KyokaiOfKami:ReiMu","OctopathSalyBorderN:ReiMu+1","Shading:ReiMu","CardOfSanctity:ReiMu"],"picked":"HakureiPhantom:ReiMu","floor":16.0},{"not_picked":["OrbThrow:ReiMu+1","SubAcupoint:ReiMu+1","Intuition:ReiMu","SpiritualOutbreak2:ReiMu+1"],"picked":"UniversalSpiritual:ReiMu+1","floor":18.0},{"not_picked":["AlertArray:ReiMu","FineLineFantasy:ReiMu","Meditation:ReiMu","EmergencyTakeOff:ReiMu","Intuition:ReiMu+1"],"picked":"SKIP","floor":19},{"not_picked":["Intuition:ReiMu","CareerPray:ReiMu","ShadowOfCrow2:ReiMu","SpringWay:ReiMu"],"picked":"NineCharacters:ReiMu","floor":20},{"not_picked":["EmergencyTakeOff:ReiMu","AlertArray:ReiMu+1","AirStrike:ReiMu+1","Free:ReiMu","Mountainwind:ReiMu+1"],"picked":"SKIP","floor":21}],"player_experience":202476,"relics_obtained":[{"floor":1.0,"key":"SynthV:TestCard"},{"floor":8.0,"key":"Mastiff:ReiMu"},{"floor":9.0,"key":"AT_SunfireAegis"},{"floor":13.0,"key":"AT_BellDemon"}],"event_choices":[],"is_beta":false,"boss_relics":[{"not_picked":["Tiny House","Astrolabe"],"picked":"Sozu"}],"items_purged_floors":[],"is_endless":false,"potions_floor_spawned":[2,7,18,19],"killed_by":"Gensokyo:Reisen","ascension_level":0}}