{"host":"z439itq93uucuvou","time":1614042556,"event":{"mods":["BaseMod","Colored Powertips","Downfall","Jorbs\u0027s Wanderer Trilogy","Minty Spire (QoL Compilation)","StSLib"],"gold_per_floor":[0,14,32,182,282,17,17,17,17,17,17],"floor_reached":9,"language":"ENG","playtime":444,"items_purged":["downfall:Icky"],"score":51,"play_id":"51b67d30-f041-48a5-a64d-12227c33a3ef","local_time":"20210222170916","is_ascension_mode":true,"campfire_choices":[{"data":"champ:Taunt","floor":1,"key":"SMITH"},{"data":"champ:FanOfKnives","floor":8,"key":"SMITH"}],"circlet_count":0,"master_deck":["champ:Strike","champ:Strike","champ:Strike","champ:Strike","champ:Defend","champ:Defend","champ:Defend","champ:Defend","champ:Execute","champ:Taunt+1","champ:CrownThrow","champ:CheapShot","champ:CalledShot","champ:IronFortress","champ:FanOfKnives+1"],"relics":["champ:ChampionCrown","Dead Branch","WristBlade","Bronze Scales","Calipers"],"acts_visited":["Exordium"],"potions_floor_usage":[],"damage_taken":[{"damage":28,"enemies":"Jaw Worm","floor":2,"turns":4},{"damage":10,"enemies":"Cultist","floor":3,"turns":4},{"damage":71,"enemies":"Cultist","floor":5,"turns":7},{"damage":20,"enemies":"downfall:FleeingMerchant","floor":6,"turns":5},{"damage":43,"enemies":"Lagavulin","floor":9,"turns":6}],"seed_played":"4059762791919719314","potions_obtained":[{"floor":2,"key":"Ancient Potion"}],"is_trial":false,"path_per_floor":["R","M","M","?","?","$","T","R","E"],"character_chosen":"THE_CHAMP","items_purchased":["champ:FanOfKnives","Bronze Scales"],"campfire_rested":0,"item_purchase_floors":[6,6],"current_hp_per_floor":[90,82,82,82,31,31,31,31,0,0,0],"gold":17,"neow_bonus":"ONE_RARE_RELIC","is_daily":false,"chose_seed":false,"campfire_upgraded":2,"win_rate":0.0,"timestamp":1614042556,"path_taken":["R","M","M","?","?","?","T","R","E"],"items_purchased_type":["Card","Relic"],"build_version":"2020-12-22","purchased_purges":1,"victory":false,"max_hp_per_floor":[90,90,90,90,90,90,90,90,90,90,90],"card_choices":[{"not_picked":["champ:PreciseThrust","champ:Backstep"],"picked":"champ:CrownThrow","floor":2},{"not_picked":["champ:FanOfKnives","champ:PerfectedStrike"],"picked":"champ:CheapShot","floor":3},{"not_picked":["champ:ArenaPreparation","champ:FocusedDefense"],"picked":"champ:CalledShot","floor":5},{"not_picked":["champ:AdrenalArmor","champ:Haymaker"],"picked":"champ:IronFortress","floor":6}],"player_experience":1731997,"relics_obtained":[{"floor":5,"key":"WristBlade"},{"floor":7,"key":"Calipers"}],"event_choices":[],"is_beta":false,"boss_relics":[],"items_purged_floors":[6],"is_endless":false,"potions_floor_spawned":[2],"killed_by":"Lagavulin","ascension_level":1}}