{"host":"2haferq23ht5nrlk","time":1614098757,"event":{"mods":["ATMod(°¢èªMod)","Aspiration","BaseMod","BetterRewards","Colored Powertips","Conspire","Dota2Spire","Faster Ascension Climbing","KomeijiMod","Lobotomy","LobotomyExtend","Marked Mod","Minty Spire (QoL Compilation)","Quick Restart","Relic Filter Mod","Relic Stats","Reliquary","Replay The Spire","RumiaBox-Â¶Ã×æ«µÄÉñÃØºÐ×Ó","Spicy Shops","StSLib","The Cursed","UnlockEverythingMod","¡¾ÒÅÎï¿¨ÅÆ¡¿REMEMod"],"gold_per_floor":[112,112,151,259,278,278,304,304,304,315,327,327,367,385,385,385,385],"floor_reached":16,"language":"ZHS","playtime":492,"items_purged":["Pain"],"score":211,"play_id":"a62d22ac-e106-405e-80d8-95080844baaf","local_time":"20210224004557","is_ascension_mode":true,"campfire_choices":[],"circlet_count":0,"master_deck":["SpecialBullet","SpecialBullet","SpecialBullet","SpecialBullet","SpecialBullet","SpecialBullet","SpecialBullet","SpecialBullet","InformationCode","SecurityCode","ControlCode","AT_ShrugMaster","Judgement","Regret_ego","AT_EmpoweredMortalDraw","LongBird","Laetitia_ego","CherryBlossom","CherryBlossom","FourthMatchFlame","FourthMatchFlame","VoidDream","Lantern","PunishingBird","Logging","MHz","CrimsonScar","InTheNameOfLoveAndHate","DisciplinaryCode","ShyLook","Ecstasy","CENSORED_ego"],"relics":["CogitoBucket","AT_ATBox","REME_ComplimentaryCards","aspiration:StickyExplosives_weak","reliquary:Stiletto","Dota2Spire:MaskOfMadness","LetterFromLob","ReplayTheSpireMod:CursedCoin","aspiration:ChemicalBlood","Replay:Ringing Soul","AT_EbonyIvory","ResearcherNote"],"acts_visited":["Exordium"],"potions_floor_usage":[7,13,13,14],"damage_taken":[{"damage":0,"enemies":"2 Louse","floor":1,"turns":1},{"damage":3,"enemies":"conspire:RoseBush","floor":5,"turns":2},{"damage":0,"enemies":"Gremlin Nob","floor":7,"turns":4},{"damage":12,"enemies":"Jaw Worm","floor":10,"turns":2},{"damage":0,"enemies":"Large Slime","floor":11,"turns":1},{"damage":37,"enemies":"Exordium Thugs","floor":13,"turns":5},{"damage":9,"enemies":"2 Fungi Beasts","floor":14,"turns":2},{"damage":0,"enemies":"The Guardian","floor":16,"turns":1}],"seed_played":"8277539537166440977","potions_obtained":[{"floor":1,"key":"Weak Potion"},{"floor":7,"key":"ColorlessPotion"},{"floor":10,"key":"ColorlessPotion"},{"floor":13,"key":"REME_GoldPotion"},{"floor":14,"key":"Venom Potion"}],"is_trial":false,"path_per_floor":["M","?","$","?","M","R","E","R","T","M","M","R","M","M","R","B"],"character_chosen":"Angela","items_purchased":["Regret_ego","aspiration:StickyExplosives_weak","AT_EmpoweredMortalDraw","reliquary:Stiletto","Dota2Spire:MaskOfMadness","ReplayTheSpireMod:CursedCoin","CherryBlossom"],"campfire_rested":0,"item_purchase_floors":[0,0,0,0,0,3,3],"current_hp_per_floor":[46,46,46,18,23,23,34,34,34,33,44,47,21,25,25,25,25],"gold":385,"neow_bonus":"","is_daily":false,"chose_seed":false,"campfire_upgraded":0,"win_rate":0.0,"timestamp":1614098757,"path_taken":["M","?","$","?","M","R","E","R","T","M","M","R","M","M","R","BOSS"],"items_purchased_type":["Card","Relic","Card","Relic","Relic","Relic","Card"],"build_version":"2020-12-22","purchased_purges":1,"victory":false,"max_hp_per_floor":[70,70,70,70,70,70,73,73,73,76,79,82,85,88,88,88,88],"relic_stats":{"counters":[40,134],"obtain_stats":[{"Divine Protection":25,"Dota2Spire:MaskOfMadness":42,"AT_ATBox":0,"Gremlin Horn":40,"Dota2Spire:DrumOfEndurance":36,"Mango":46,"ResearcherNote":13,"Dota2Spire:ShadowBlade":0,"Dota2Spire:RefresherOrb":17,"SkinProphecy":14,"aspiration:StickyExplosives_weak":0,"Lamp_r":48,"Replay:Ringing Soul":7,"CogitoBucket":0,"reliquary:CitrusReamer":30,"TreeSap":28,"AT_TrinityForce":34,"Toxic Egg 2":0,"Replay:Wax Seal":43,"WantedRequest":50,"aspiration:ChemicalBlood":4,"Happy Flower":0,"ReplayTheSpireMod:CursedCoin":3,"Blue Candle":20,"Dead Branch":26,"AT_EbonyIvory":0,"DeathAngel":44,"RedMistMask":21,"reliquary:SculptingSteel":45,"reliquary:Stiletto":0,"LetterFromLob":1,"REME_CardOfGreed":0,"GodSword4":0,"conspire:DeflatedDodgeball":31,"TungstenRod":23,"REME_ComplimentaryCards":0},{"Divine Protection":13,"Dota2Spire:MaskOfMadness":19,"AT_ATBox":0,"Gremlin Horn":19,"Dota2Spire:DrumOfEndurance":17,"Mango":24,"ResearcherNote":38,"Dota2Spire:ShadowBlade":0,"Dota2Spire:RefresherOrb":9,"SkinProphecy":8,"aspiration:StickyExplosives_weak":31,"Lamp_r":25,"Replay:Ringing Soul":34,"CogitoBucket":0,"reliquary:CitrusReamer":15,"TreeSap":15,"AT_TrinityForce":16,"Toxic Egg 2":0,"Replay:Wax Seal":19,"WantedRequest":26,"aspiration:ChemicalBlood":32,"Happy Flower":0,"ReplayTheSpireMod:CursedCoin":32,"Blue Candle":10,"Dead Branch":13,"AT_EbonyIvory":0,"DeathAngel":22,"RedMistMask":11,"reliquary:SculptingSteel":23,"reliquary:Stiletto":31,"LetterFromLob":1,"REME_CardOfGreed":0,"GodSword4":0,"conspire:DeflatedDodgeball":15,"TungstenRod":12,"REME_ComplimentaryCards":0},{"Divine Protection":43,"Dota2Spire:MaskOfMadness":59,"AT_ATBox":0,"Gremlin Horn":59,"Dota2Spire:DrumOfEndurance":55,"Mango":72,"ResearcherNote":131,"Dota2Spire:ShadowBlade":0,"Dota2Spire:RefresherOrb":31,"SkinProphecy":26,"aspiration:StickyExplosives_weak":115,"Lamp_r":75,"Replay:Ringing Soul":122,"CogitoBucket":0,"reliquary:CitrusReamer":50,"TreeSap":50,"AT_TrinityForce":53,"Toxic Egg 2":0,"Replay:Wax Seal":59,"WantedRequest":82,"aspiration:ChemicalBlood":116,"Happy Flower":0,"ReplayTheSpireMod:CursedCoin":116,"Blue Candle":34,"Dead Branch":43,"AT_EbonyIvory":0,"DeathAngel":67,"RedMistMask":37,"reliquary:SculptingSteel":68,"reliquary:Stiletto":115,"LetterFromLob":4,"REME_CardOfGreed":0,"GodSword4":0,"conspire:DeflatedDodgeball":50,"TungstenRod":40,"REME_ComplimentaryCards":0}]},"card_choices":[{"not_picked":["BeautyBeast","SnowQueen"],"picked":"LongBird","floor":1},{"not_picked":["Beak"],"picked":"Laetitia_ego","floor":1},{"not_picked":["Discord"],"picked":"FourthMatchFlame","floor":4},{"not_picked":["SomewhereSpear"],"picked":"FourthMatchFlame","floor":4},{"not_picked":["Bloodbath","MeatLantern"],"picked":"VoidDream","floor":5},{"not_picked":["Noise"],"picked":"Lantern","floor":5},{"not_picked":["QueenBee","WhitesApple"],"picked":"PunishingBird","floor":7},{"not_picked":["Penitence"],"picked":"Logging","floor":7},{"not_picked":["Rudolta","FairyFestival"],"picked":"MHz","floor":10},{"not_picked":["Penitence"],"picked":"CrimsonScar","floor":10},{"not_picked":["Wingbeat"],"picked":"InTheNameOfLoveAndHate","floor":11},{"not_picked":["Yin","Alriune"],"picked":"ShyLook","floor":13},{"not_picked":["SolemnVow"],"picked":"Ecstasy","floor":13},{"not_picked":["Hypocrisy"],"picked":"CENSORED_ego","floor":14}],"player_experience":34498,"relics_obtained":[{"floor":1,"key":"LetterFromLob"},{"floor":4,"key":"aspiration:ChemicalBlood"},{"floor":7,"key":"Replay:Ringing Soul"},{"floor":9,"key":"AT_EbonyIvory"}],"event_choices":[{"damage_healed":0,"gold_gain":0,"player_choice":"Ignored","damage_taken":0,"max_hp_gain":0,"max_hp_loss":0,"event_name":"Liars Game","floor":2,"gold_loss":0}],"is_beta":false,"boss_relics":[],"items_purged_floors":[3],"is_endless":false,"potions_floor_spawned":[1,7,10,14],"killed_by":"The Guardian","ascension_level":1}}