{"host":"i0avyit1s6jb1siw","time":1614096573,"event":{"mods":["BaseMod","DeckTracker","Dota2Spire","Minty Spire (QoL Compilation)","Quick Restart","StSLib","SuperFastMode"],"gold_per_floor":[123,135,161,188,216,228,240,264,276,288,300,300],"floor_reached":11,"language":"ENG","playtime":203,"items_purged":[],"score":130,"play_id":"57d21a24-5549-4e9a-983d-9f05750bcac6","local_time":"20210223170933","is_ascension_mode":true,"campfire_choices":[{"data":"Neutralize","floor":6,"key":"SMITH"},{"floor":10,"key":"REST"}],"circlet_count":0,"master_deck":["AscendersBane","Strike_G","Strike_G","Strike_G","Strike_G","Strike_G","Defend_G","Defend_G","Defend_G","Defend_G","Defend_G","Survivor","Neutralize+1","Leg Sweep","Flying Knee","Footwork","Flying Knee","Choke"],"relics":["Ring of the Snake","MawBank","FaceOfCleric","Ginger","Bottled Tornado"],"acts_visited":["Exordium"],"potions_floor_usage":[11],"damage_taken":[{"damage":10,"enemies":"Small Slimes","floor":1,"turns":5},{"damage":8,"enemies":"Cultist","floor":3,"turns":6},{"damage":1,"enemies":"2 Louse","floor":4,"turns":4},{"damage":11,"enemies":"2 Fungi Beasts","floor":5,"turns":5},{"damage":14,"enemies":"Exordium Thugs","floor":8,"turns":8},{"damage":40,"enemies":"Gremlin Nob","floor":11,"turns":4}],"seed_played":"-4535427848314586219","potions_obtained":[{"floor":5,"key":"Dota2Spire:Clarity"},{"floor":8,"key":"SteroidPotion"}],"is_trial":false,"path_per_floor":["M","?","M","M","M","R","?","M","T","R","E"],"character_chosen":"THE_SILENT","items_purchased":[],"campfire_rested":1,"item_purchase_floors":[],"current_hp_per_floor":[49,49,42,42,32,32,32,19,19,40,0,0],"gold":300,"neow_bonus":"RANDOM_COMMON_RELIC","is_daily":false,"chose_seed":false,"campfire_upgraded":1,"win_rate":0.0,"timestamp":1614096573,"path_taken":["M","?","M","M","?","R","?","M","T","R","E"],"items_purchased_type":[],"build_version":"2020-12-22","purchased_purges":0,"victory":false,"max_hp_per_floor":[66,66,67,68,69,69,69,70,70,70,70,70],"card_choices":[{"not_picked":["Backflip","Quick Slash"],"picked":"Leg Sweep","floor":1},{"not_picked":["Prepared","Slice"],"picked":"Flying Knee","floor":3},{"not_picked":["Flying Knee","Tactician"],"picked":"Footwork","floor":4},{"not_picked":["Endless Agony","Bane"],"picked":"Flying Knee","floor":5},{"not_picked":["Backflip","Venomology"],"picked":"Choke","floor":8}],"player_experience":2491836,"relics_obtained":[{"floor":9,"key":"Bottled Tornado"}],"event_choices":[{"damage_healed":0,"gold_gain":0,"player_choice":"Trade","damage_taken":0,"relics_obtained":["FaceOfCleric"],"max_hp_gain":0,"max_hp_loss":0,"event_name":"FaceTrader","floor":2,"gold_loss":0},{"damage_healed":0,"gold_gain":0,"player_choice":"Searched \u00272\u0027 times","damage_taken":0,"relics_obtained":["Ginger"],"max_hp_gain":0,"max_hp_loss":0,"event_name":"Dead Adventurer","floor":7,"gold_loss":0}],"is_beta":false,"boss_relics":[],"items_purged_floors":[],"is_endless":false,"potions_floor_spawned":[5,8],"killed_by":"Gremlin Nob","ascension_level":20}}