{"host":"0tbecx6mc13icp35","time":1614121165,"event":{"mods":["AchievementEnabler","BaseMod","Colored Map","Colored Powertips","DeckTracker","Minty Spire (QoL Compilation)","Quick Restart","Relic Stats","Synergy Search","slay the spire mod where everything is the same but ironclad has a cowboy hat"],"gold_per_floor":[110,110,35,35,53,53,93,129,141,153,153],"floor_reached":10,"language":"ENG","playtime":307,"items_purged":["Injury"],"score":66,"play_id":"2269ea28-7e15-4cc3-b612-d20f1641198f","local_time":"20210224015925","is_ascension_mode":false,"campfire_choices":[{"floor":6,"key":"REST"}],"circlet_count":0,"master_deck":["Strike_R","Strike_R","Strike_R","Strike_R","Strike_R","Defend_R","Defend_R","Defend_R","Bash","Cleave","Clothesline","Cleave","Heavy Blade","Flex"],"relics":["Burning Blood","Dream Catcher","Golden Idol","MawBank"],"acts_visited":["Exordium"],"potions_floor_usage":[],"damage_taken":[{"damage":6,"enemies":"Jaw Worm","floor":1,"turns":3},{"damage":9,"enemies":"2 Louse","floor":5,"turns":3},{"damage":54,"enemies":"3 Sentries","floor":7,"turns":8},{"damage":0,"enemies":"Small Slimes","floor":8,"turns":3},{"damage":41,"enemies":"Lagavulin","floor":10,"turns":5}],"seed_played":"-2690129921526118289","potions_obtained":[],"is_trial":false,"path_per_floor":["M","?","$","?","M","R","E","M","T","E"],"character_chosen":"IRONCLAD","items_purchased":[],"campfire_rested":1,"item_purchase_floors":[],"current_hp_per_floor":[80,80,80,73,70,80,32,38,38,0,0],"gold":153,"neow_bonus":"RANDOM_COMMON_RELIC","is_daily":false,"chose_seed":false,"campfire_upgraded":0,"win_rate":0.0,"timestamp":1614121165,"path_taken":["M","?","$","?","M","R","E","M","T","E"],"items_purchased_type":[],"build_version":"2020-12-22","purchased_purges":1,"victory":false,"max_hp_per_floor":[80,80,80,80,80,80,80,80,80,80,80],"relic_stats":{"Dream Catcher":1,"counters":[5,22],"Golden Idol":17,"MawBank":36,"obtain_stats":[{"Dream Catcher":0,"Golden Idol":2,"MawBank":7,"Burning Blood":0},{"Dream Catcher":0,"Golden Idol":1,"MawBank":3,"Burning Blood":0},{"Dream Catcher":0,"Golden Idol":3,"MawBank":14,"Burning Blood":0}],"Burning Blood":24},"card_choices":[{"not_picked":["Hemokinesis","Thunderclap"],"picked":"Cleave","floor":1},{"not_picked":["Sever Soul","Armaments"],"picked":"Clothesline","floor":5},{"not_picked":["Anger","Sever Soul"],"picked":"Cleave","floor":6},{"not_picked":["Reckless Charge","Power Through"],"picked":"Heavy Blade","floor":7},{"not_picked":["Pommel Strike","Power Through"],"picked":"Flex","floor":8}],"player_experience":70432,"relics_obtained":[{"floor":7,"key":"MawBank"}],"event_choices":[{"damage_healed":0,"gold_gain":0,"player_choice":"Take Wound","damage_taken":0,"relics_obtained":["Golden Idol"],"max_hp_gain":0,"max_hp_loss":0,"event_name":"Golden Idol","floor":2,"gold_loss":0,"cards_obtained":["Injury"]},{"cards_removed":["Defend_R"],"damage_healed":0,"gold_gain":0,"player_choice":"Card Removal","damage_taken":7,"max_hp_gain":0,"max_hp_loss":0,"event_name":"Golden Wing","floor":4,"gold_loss":0}],"is_beta":false,"boss_relics":[],"items_purged_floors":[3],"is_endless":false,"potions_floor_spawned":[],"killed_by":"Lagavulin","ascension_level":0}}