{"host":"5bsc0nab6whpyrbj","time":1614041873,"event":{"mods":["BaseMod","Highlight Path","Minty Spire (QoL Compilation)"],"gold_per_floor":[119,67,87,100,112,146,146,176,229,242,269,269,269,269,269,366,366,382,382,415,385,385],"floor_reached":21,"language":"ENG","playtime":435,"items_purged":[],"score":187,"play_id":"90edb1da-62c5-48ac-8250-eef4366b8813","local_time":"20210222195753","is_ascension_mode":false,"campfire_choices":[{"floor":7.0,"key":"REST"},{"floor":13,"key":"REST"},{"floor":15,"key":"REST"}],"circlet_count":0,"master_deck":["Strike_B","Strike_B","Strike_B","Strike_B","Defend_B","Defend_B","Defend_B","Defend_B","Zap","Dualcast","Redo","Ball Lightning","Gash","FTL","Defragment","White Noise","Barrage","Creative AI","Static Discharge","Tempest+1"],"relics":["Cracked Core","NeowsBlessing","Matryoshka","Nunchaku","Art of War","Toxic Egg 2","Philosopher\u0027s Stone","Red Mask"],"acts_visited":["Exordium","TheCity"],"potions_floor_usage":[20],"damage_taken":[{"damage":0.0,"enemies":"Cultist","floor":1.0,"turns":1.0},{"damage":0.0,"enemies":"Small Slimes","floor":3.0,"turns":1.0},{"damage":0.0,"enemies":"2 Louse","floor":4.0,"turns":1.0},{"damage":5.0,"enemies":"Looter","floor":5.0,"turns":2.0},{"damage":22.0,"enemies":"Gremlin Nob","floor":6.0,"turns":4.0},{"damage":12,"enemies":"3 Louse","floor":10,"turns":3},{"damage":40,"enemies":"3 Sentries","floor":11,"turns":6},{"damage":70,"enemies":"Hexaghost","floor":16,"turns":9},{"damage":24,"enemies":"Shell Parasite","floor":18,"turns":4},{"damage":45,"enemies":"Masked Bandits","floor":20,"turns":3},{"damage":16,"enemies":"2 Thieves","floor":21,"turns":1}],"seed_played":"-5369400977706034369","potions_obtained":[{"floor":4.0,"key":"Weak Potion"},{"floor":16,"key":"Regen Potion"},{"floor":20,"key":"SkillPotion"}],"is_trial":false,"path_per_floor":["M","$","M","M","M","E","R","?","T","M","E","?","R","?","R","B",null,"M","?","?","M"],"character_chosen":"DEFECT","items_purchased":["Ball Lightning"],"campfire_rested":3,"item_purchase_floors":[2],"current_hp_per_floor":[75,75,75,75,70,48,70,70,70,58,18,36,58,51,72,2,72,48,48,12,0,0],"gold":385,"neow_bonus":"THREE_ENEMY_KILL","is_daily":false,"chose_seed":false,"campfire_upgraded":0,"win_rate":0.0,"timestamp":1614041873,"path_taken":["M","$","?","M","M","E","R","?","T","M","E","?","R","?","R","BOSS","M","?","?","M"],"items_purchased_type":["Card"],"build_version":"2020-12-22","purchased_purges":0,"victory":false,"max_hp_per_floor":[75,75,75,75,75,75,75,75,75,75,75,75,75,72,72,72,72,72,72,72,72,72],"card_choices":[{"not_picked":["Leap","Rebound"],"picked":"Redo","floor":1.0},{"not_picked":["Hologram","Stack"],"picked":"Gash","floor":3.0},{"not_picked":["Steam","Hello World","Stack"],"picked":"SKIP","floor":4.0},{"not_picked":["Heatsinks","Compile Driver"],"picked":"FTL","floor":5.0},{"not_picked":["Steam","Beam Cell"],"picked":"Defragment","floor":6.0},{"not_picked":["Self Repair","Undo"],"picked":"White Noise","floor":10},{"not_picked":["Streamline","Blizzard"],"picked":"Barrage","floor":11},{"not_picked":["Multi-Cast+1","Echo Form"],"picked":"Creative AI","floor":16},{"not_picked":["Sunder","Leap+1"],"picked":"Static Discharge","floor":18},{"not_picked":["Auto Shields+1","Turbo+1"],"picked":"Tempest+1","floor":20}],"player_experience":108521,"relics_obtained":[{"floor":6.0,"key":"Matryoshka"},{"floor":9,"key":"Nunchaku"},{"floor":9,"key":"Art of War"},{"floor":11,"key":"Toxic Egg 2"},{"floor":20,"key":"Red Mask"}],"event_choices":[{"damage_healed":0,"gold_gain":30,"player_choice":"Searched \u00271\u0027 times","damage_taken":0,"max_hp_gain":0,"max_hp_loss":0,"event_name":"Dead Adventurer","floor":8,"gold_loss":0},{"damage_healed":18,"gold_gain":0,"player_choice":"Healed and dodged fight","damage_taken":0,"max_hp_gain":0,"max_hp_loss":0,"event_name":"Mushrooms","floor":12,"gold_loss":0,"cards_obtained":["Parasite"]},{"cards_removed":["Parasite"],"damage_healed":0,"gold_gain":0,"player_choice":"Card Removal","damage_taken":7,"max_hp_gain":0,"max_hp_loss":0,"event_name":"Golden Wing","floor":14,"gold_loss":0},{"damage_healed":0,"gold_gain":0,"player_choice":"Ignored","damage_taken":0,"max_hp_gain":0,"max_hp_loss":0,"event_name":"Vampires","floor":19,"gold_loss":0},{"damage_healed":0,"gold_gain":0,"player_choice":"Fought Bandits","damage_taken":0,"max_hp_gain":0,"max_hp_loss":0,"event_name":"Masked Bandits","floor":20,"gold_loss":0}],"is_beta":false,"boss_relics":[{"not_picked":["Cursed Key","Velvet Choker"],"picked":"Philosopher\u0027s Stone"}],"items_purged_floors":[],"is_endless":false,"potions_floor_spawned":[4,16,20],"killed_by":"2 Thieves","ascension_level":0}}