{"host":"1bzbl1adcbkdzqlf","time":1614042805,"event":{"mods":["BaseMod","Minty Spire (QoL Compilation)","Slay the Relics Exporter"],"gold_per_floor":[115,126,106,78,78,106,134,134,134,163,163,195,26,51,51,125,125,135,145,157,157,172,200,200,35,86,119,139,139,139,139],"floor_reached":30,"language":"ENG","playtime":2915,"items_purged":[],"score":715,"play_id":"8e1cca76-17eb-4ede-95e0-0fcf7f9921e7","local_time":"20210222191325","is_ascension_mode":true,"campfire_choices":[{"data":"Perfected Strike","floor":8,"key":"SMITH"},{"data":"Bash","floor":11,"key":"SMITH"},{"data":"Exhume","floor":15,"key":"SMITH"},{"data":"Armaments","floor":24,"key":"SMITH"}],"circlet_count":0,"master_deck":["AscendersBane","Strike_R","Strike_R","Strike_R","Strike_R","Strike_R","Defend_R","Defend_R","Defend_R","Defend_R","Bash+1","Perfected Strike+1","Headbutt","Clothesline","Shockwave","Battle Trance","Thunderclap","Exhume+1","Feed","Immolate","Armaments+1","Disarm","Battle Trance+1","Double Tap","Perfected Strike+1","Twin Strike"],"relics":["Burning Blood","WingedGreaves","Blood Vial","Pen Nib","CaptainsWheel","Bottled Flame","Ancient Tea Set","Lee\u0027s Waffle","Art of War","Sozu","Nloth\u0027s Gift","Kunai","DollysMirror","Omamori","Bird Faced Urn","Enchiridion"],"acts_visited":["Exordium","TheCity"],"potions_floor_usage":[10,10,10,12,12],"damage_taken":[{"damage":0,"enemies":"2 Louse","floor":1,"turns":1},{"damage":0,"enemies":"Cultist","floor":2,"turns":1},{"damage":0,"enemies":"Gremlin Nob","floor":6,"turns":1},{"damage":52,"enemies":"Lagavulin","floor":7,"turns":6},{"damage":2,"enemies":"Gremlin Nob","floor":10,"turns":2},{"damage":15,"enemies":"Lagavulin","floor":12,"turns":3},{"damage":30,"enemies":"3 Sentries","floor":14,"turns":5},{"damage":61,"enemies":"Slime Boss","floor":16,"turns":10},{"damage":6,"enemies":"Spheric Guardian","floor":18,"turns":3},{"damage":28,"enemies":"Shell Parasite","floor":19,"turns":3},{"damage":18,"enemies":"Snake Plant","floor":20,"turns":3},{"damage":8,"enemies":"Snecko","floor":22,"turns":4},{"damage":12,"enemies":"Gremlin Leader","floor":23,"turns":5},{"damage":22,"enemies":"Slavers","floor":27,"turns":3},{"damage":14,"enemies":"Centurion and Healer","floor":28,"turns":4},{"damage":13,"enemies":"Colosseum Slavers","floor":30,"turns":1}],"seed_played":"5864170258134077538","potions_obtained":[{"floor":1,"key":"PowerPotion"},{"floor":3,"key":"LiquidBronze"},{"floor":7,"key":"EntropicBrew"},{"floor":10,"key":"FearPotion"}],"is_trial":false,"path_per_floor":["M","M","?","$","?","E","E","R","T","E","R","E","$","E","R","B",null,"M","M","M","?","M","E","R","$","T","E","M","?","?"],"character_chosen":"IRONCLAD","items_purchased":["Clothesline","Lee\u0027s Waffle","DollysMirror"],"campfire_rested":0,"item_purchase_floors":[4,13,25],"current_hp_per_floor":[74,75,75,75,75,75,29,29,29,35,35,28,82,58,58,8,66,68,52,45,45,45,45,45,45,45,31,28,7,0,0],"gold":139,"neow_bonus":"THREE_ENEMY_KILL","is_daily":false,"chose_seed":false,"campfire_upgraded":4,"win_rate":0.0,"timestamp":1614042805,"path_taken":["M","M","?","?","?","E","E","R","T","E","R","E","$","E","R","BOSS","M","M","M","?","?","E","R","?","T","E","M","?","?"],"items_purchased_type":["Card","Relic","Relic"],"build_version":"2020-12-22","purchased_purges":0,"victory":false,"max_hp_per_floor":[75,75,75,75,75,75,75,75,75,75,75,75,82,82,82,85,85,85,89,92,92,92,96,96,96,96,96,99,99,99,99],"card_choices":[{"not_picked":["Second Wind","Wild Strike"],"picked":"Perfected Strike","floor":1},{"not_picked":["Anger","Havoc"],"picked":"Headbutt","floor":2},{"not_picked":["Iron Wave","Spot Weakness"],"picked":"Shockwave","floor":6},{"not_picked":["Dual Wield","Combust"],"picked":"Battle Trance","floor":7},{"not_picked":["Metallicize","Headbutt"],"picked":"Thunderclap","floor":10},{"not_picked":["Searing Blow","Seeing Red"],"picked":"Exhume","floor":12},{"not_picked":["Anger","Thunderclap"],"picked":"Feed","floor":14},{"not_picked":["Feed","Brutality"],"picked":"Immolate","floor":16},{"not_picked":["Iron Wave","True Grit"],"picked":"Armaments","floor":18},{"not_picked":["Anger+1","Sword Boomerang","Rupture"],"picked":"SKIP","floor":19},{"not_picked":["Iron Wave","Warcry"],"picked":"Disarm","floor":20},{"not_picked":["Cleave+1","Sword Boomerang"],"picked":"Battle Trance+1","floor":22},{"not_picked":["Rupture","Impervious"],"picked":"Double Tap","floor":23},{"not_picked":["Anger","Headbutt","Body Slam"],"picked":"SKIP","floor":27},{"not_picked":["Thunderclap","Feel No Pain"],"picked":"Twin Strike","floor":28}],"player_experience":503018,"relics_obtained":[{"floor":6,"key":"Blood Vial"},{"floor":7,"key":"Pen Nib"},{"floor":9,"key":"CaptainsWheel"},{"floor":10,"key":"Bottled Flame"},{"floor":12,"key":"Ancient Tea Set"},{"floor":14,"key":"Art of War"},{"floor":23,"key":"Kunai"},{"floor":26,"key":"Omamori"},{"floor":27,"key":"Bird Faced Urn"},{"floor":29,"key":"Enchiridion"}],"event_choices":[{"damage_healed":0,"gold_gain":0,"player_choice":"Bought 1 Potion","damage_taken":0,"max_hp_gain":0,"max_hp_loss":0,"event_name":"The Woman in Blue","floor":3,"gold_loss":0},{"damage_healed":0,"gold_gain":0,"player_choice":"Gave Potion","damage_taken":0,"relics_obtained":["WingedGreaves"],"max_hp_gain":0,"max_hp_loss":0,"event_name":"WeMeetAgain","floor":5,"gold_loss":0},{"damage_healed":0,"gold_gain":0,"player_choice":"Traded Relic","damage_taken":0,"relics_obtained":["Nloth\u0027s Gift"],"max_hp_gain":0,"max_hp_loss":0,"event_name":"N\u0027loth","floor":21,"relics_lost":["NeowsBlessing"],"gold_loss":0},{"damage_healed":0,"gold_gain":0,"player_choice":"Obtained Book","damage_taken":21,"max_hp_gain":0,"max_hp_loss":0,"event_name":"Cursed Tome","floor":29,"gold_loss":0},{"damage_healed":0,"gold_gain":0,"player_choice":"Fight","damage_taken":0,"max_hp_gain":0,"max_hp_loss":0,"event_name":"Colosseum","floor":30,"gold_loss":0}],"is_beta":false,"boss_relics":[{"not_picked":["Black Star","Runic Cube"],"picked":"Sozu"}],"items_purged_floors":[],"is_endless":false,"potions_floor_spawned":[1,7,10,20,28],"killed_by":"Colosseum Slavers","ascension_level":19}}