{"host":"s0nrlal5fls38heo","time":1614103682,"event":{"mods":["AchievementEnabler","BaseMod","Colored Powertips","Dark Map","Displayed Cursed Tome","Downfall","Faster Ascension Climbing","GifTheSpireLib","Minty Spire (QoL Compilation)","Permanent Neow","Rare Cards Sparkle","Relic Filter Mod","Relic Stats","StSLib"],"gold_per_floor":[99,114,114,126,126,140,194,208,208,241,241,267,267,293,312,412,412,412,426,3,14,14,14,40,54,69,97,109,155,152,181,203,313,325,237,267,297,323,435,480,492,304,341,363,386,398,444,506,533,545,557,599,1,1,1,1],"floor_reached":57,"language":"ENG","playtime":4361,"items_purged":["downfall:Malfunctioning","hexamod:SixthSeal"],"score":2296,"play_id":"5d53278a-62c7-4eed-b4b0-93f49a5f5e57","local_time":"20210223190802","is_ascension_mode":true,"campfire_choices":[{"data":"hexamod:Float","floor":1.0,"key":"SMITH"},{"data":"hexamod:HexaLevel","floor":18.0,"key":"SMITH"},{"floor":35.0,"key":"RECALL"},{"data":"hexamod:PowerFromBeyond","floor":42.0,"key":"SMITH"},{"data":"hexamod:HexaLevel","floor":54,"key":"SMITH"}],"circlet_count":0,"master_deck":["AscendersBane","hexamod:Strike+1","hexamod:Strike+1","hexamod:Strike+1","hexamod:Defend+1","hexamod:Defend+1","hexamod:Defend+1","hexamod:Defend+1","hexamod:Sear+1","hexamod:Float+1","hexamod:PowerFromBeyond+1","hexamod:ThermalTransfer+1","hexamod:FirstSeal","hexamod:FirstSeal","hexamod:UnleashSpirits+1","hexamod:InspiringFlames+1","hexamod:NightmareGuise+1","hexamod:NightmareGuise+1","hexamod:HexaLevel+1","hexamod:RadiantFlame+1","expansioncontent:StudyTheSpire+1","hexamod:SwordOfDarkness+1","hexamod:Hexaguard+1","hexamod:PhantomCloak+1","hexamod:Hexaguard+1","hexamod:SpectersWail+1","hexamod:FlamesFromBeyond+1","hexamod:ForkedFlame+1","hexamod:Hexaguard+1","hexamod:NightmareGuise+1","hexamod:ThirdSeal","hexamod:FlamesFromBeyond+1","hexamod:NightmareGuise+1","hexamod:PowerFromBeyond+1","hexamod:FlamesFromBeyond+1","hexamod:FourthSeal","hexamod:SpectersWail+1","hexamod:GhostOfSpireFuture+1","hexamod:PowerFromBeyond+1","hexamod:Haunt+1","hexamod:HeatShield+1","hexamod:PhantomCloak+1","hexamod:HexaLevel+1","hexamod:HeatShield+1","hexamod:SpectersWail+1","hexamod:SpectersWail+1"],"relics":["Black Star","downfall:ShatteredFragment","Bag of Preparation","Molten Egg 2","hexamod:InflammatoryLetter","Whetstone","Gambling Chip","hexamod:MatchstickCase","Happy Flower","SacredBark","Anchor","Guardian:PocketSentry","Slimebound:StickyStick","MawBank","White Beast Statue","Enchiridion","Nunchaku","Regal Pillow","Coffee Dripper","downfall:HeartBlessingGreen","Potion Belt","Pen Nib","Orichalcum","downfall:HeartBlessingBlue","downfall:HeartBlessingRed","Ancient Tea Set","Mercury Hourglass","Thread and Needle","PreservedInsect","Calipers","Bronze Scales","Lantern","Orrery","FossilizedHelix"],"acts_visited":["Exordium","TheCity","TheBeyond","TheEnding"],"potions_floor_usage":[48,49,52,56,56],"damage_taken":[{"damage":1.0,"enemies":"2 Louse","floor":2.0,"turns":3.0},{"damage":0.0,"enemies":"Cultist","floor":4.0,"turns":3.0},{"damage":8.0,"enemies":"Small Slimes","floor":6.0,"turns":3.0},{"damage":0.0,"enemies":"Blue Slaver","floor":8.0,"turns":3.0},{"damage":20.0,"enemies":"3 Sentries","floor":10.0,"turns":8.0},{"damage":2.0,"enemies":"Lagavulin","floor":12.0,"turns":6.0},{"damage":22.0,"enemies":"3 Sentries","floor":14.0,"turns":6.0},{"damage":1.0,"enemies":"2 Fungi Beasts","floor":15.0,"turns":3.0},{"damage":0.0,"enemies":"SI_SHIV_ARCHETYPE","floor":16.0,"turns":7.0},{"damage":0.0,"enemies":"3 Byrds","floor":19.0,"turns":5.0},{"damage":0.0,"enemies":"downfall:FleeingMerchant","floor":20.0,"turns":4.0},{"damage":1.0,"enemies":"Shell Parasite","floor":21.0,"turns":6.0},{"damage":7.0,"enemies":"Snecko","floor":25.0,"turns":6.0},{"damage":19.0,"enemies":"Snake Plant","floor":26.0,"turns":5.0},{"damage":8.0,"enemies":"Book of Stabbing","floor":27.0,"turns":5.0},{"damage":29.0,"enemies":"Slavers","floor":29.0,"turns":6.0},{"damage":0.0,"enemies":"downfall:FleeingMerchant","floor":30.0,"turns":4.0},{"damage":0.0,"enemies":"Centurion and Healer","floor":31.0,"turns":5.0},{"damage":0.0,"enemies":"Cultist and Chosen","floor":32.0,"turns":7.0},{"damage":29.0,"enemies":"DF_ARCHETYPE_CLAW","floor":33.0,"turns":8.0},{"damage":0.0,"enemies":"Orb Walker","floor":36.0,"turns":3.0},{"damage":0.0,"enemies":"3 Darklings","floor":37.0,"turns":3.0},{"damage":0.0,"enemies":"4 Shapes","floor":38.0,"turns":6.0},{"damage":0.0,"enemies":"downfall:LadyInBlue","floor":39.0,"turns":5.0},{"damage":11.0,"enemies":"Giant Head","floor":40.0,"turns":9.0},{"damage":0.0,"enemies":"Reptomancer","floor":43.0,"turns":6.0},{"damage":0.0,"enemies":"Spire Growth","floor":44.0,"turns":4.0},{"damage":2.0,"enemies":"3 Darklings","floor":45.0,"turns":3.0},{"damage":15,"enemies":"Giant Head","floor":47,"turns":7},{"damage":0,"enemies":"Giant Head","floor":48,"turns":4},{"damage":0,"enemies":"Maw","floor":49,"turns":6},{"damage":0,"enemies":"WA_ARCHETYPE_DIVINITY","floor":50,"turns":12},{"damage":0,"enemies":"downfall:CharBossMerchant","floor":52,"turns":6},{"damage":0,"enemies":"downfall:NeowBoss","floor":55,"turns":16},{"damage":11,"enemies":"downfall:NeowBossFinal","floor":56,"turns":11}],"seed_played":"1206430575510988514","potions_obtained":[{"floor":2.0,"key":"BlessingOfTheForge"},{"floor":5.0,"key":"CultistPotion"},{"floor":8.0,"key":"sneckomod:MuddlingPotion"},{"floor":16.0,"key":"Dexterity Potion"},{"floor":25.0,"key":"hexamod:EctoCoolerPotion"},{"floor":26.0,"key":"Swift Potion"},{"floor":27.0,"key":"Fruit Juice"},{"floor":29.0,"key":"Fire Potion"},{"floor":30.0,"key":"hexamod:SoulburnPotion"},{"floor":31.0,"key":"DistilledChaos"},{"floor":32.0,"key":"LiquidBronze"},{"floor":33.0,"key":"PowerPotion"},{"floor":36.0,"key":"sneckomod:MuddlingPotion"},{"floor":37.0,"key":"SneckoOil"},{"floor":38.0,"key":"Block Potion"},{"floor":39.0,"key":"BlessingOfTheForge"},{"floor":39.0,"key":"PowerPotion"},{"floor":39.0,"key":"FairyPotion"},{"floor":39.0,"key":"LiquidBronze"},{"floor":40.0,"key":"DuplicationPotion"},{"floor":43.0,"key":"EntropicBrew"},{"floor":44.0,"key":"Swift Potion"},{"floor":45.0,"key":"CultistPotion"},{"floor":48,"key":"SpeedPotion"},{"floor":49,"key":"LiquidMemories"},{"floor":52,"key":"SkillPotion"}],"is_trial":false,"path_per_floor":["R","M","?","M","?","M","T","M","?","E","?","E","?","E","M","B",null,"R","M","$","M","?","?","T","M","M","E","?","E","$","M","M","B",null,"R","M","M","M","?","E","T","R","E","M","M","?","E","?","M","B",null,"E","$","R","B","B",null],"character_chosen":"THE_SPIRIT","items_purchased":["expansioncontent:StudyTheSpire","Anchor","Orrery","FossilizedHelix","Regen Potion"],"campfire_rested":0,"item_purchase_floors":[20,20,53,53,53],"current_hp_per_floor":[63,62,41,41,41,33,33,40,40,34,34,46,46,38,51,65,69,69,70,70,69,69,69,69,70,65,70,54,49,63,77,80,58,75,75,80,80,80,80,80,80,90,90,90,90,90,89,89,90,90,90,90,90,90,90,79],"gold":1,"neow_bonus":"BOSS_RELIC","is_daily":false,"chose_seed":false,"campfire_upgraded":4,"win_rate":0.0,"timestamp":1614103682,"path_taken":["R","M","?","M","?","M","T","?","?","E","?","E","?","E","M","BOSS","R","M","?","M","?","?","T","M","?","E","?","E","$","M","M","BOSS","R","M","M","M","?","E","T","R","E","?","M","?","E","?","M","BOSS","E","$","R","BOSS","BOSS"],"items_purchased_type":["Card","Relic","Relic","Relic","Potion"],"build_version":"2020-12-22","purchased_purges":2,"victory":true,"max_hp_per_floor":[70,70,70,70,70,70,70,70,70,70,70,70,70,70,70,70,70,70,70,70,70,70,70,70,70,70,70,70,80,80,80,80,80,80,80,80,80,80,80,80,80,90,90,90,90,90,90,90,90,90,90,90,90,90,90,90],"relic_stats":{"Regal Pillow":0,"Happy Flower":[57],"counters":[35,201],"Pen Nib":[13],"PreservedInsect":90,"Bag of Preparation":[64],"Whetstone":["hexamod:Strike","hexamod:Strike"],"Orichalcum":[18],"MawBank":312,"Mercury Hourglass":[136],"Nunchaku":[22],"Gambling Chip":[77],"Bronze Scales":[80],"Black Star":9,"obtain_stats":[{"Regal Pillow":29,"Lantern":52,"Calipers":48,"SacredBark":17,"Enchiridion":28,"downfall:HeartBlessingGreen":35,"Bag of Preparation":7,"Whetstone":12,"Ancient Tea Set":43,"Nunchaku":29,"Slimebound:StickyStick":24,"downfall:HeartBlessingBlue":42,"Gambling Chip":12,"hexamod:SpiritBrand":0,"Potion Belt":39,"downfall:ShatteredFragment":3,"Happy Flower":14,"downfall:HeartBlessingRed":42,"Thread and Needle":47,"hexamod:InflammatoryLetter":10,"Pen Nib":40,"PreservedInsect":47,"Guardian:PocketSentry":22,"Orichalcum":40,"MawBank":27,"White Beast Statue":27,"hexamod:MatchstickCase":14,"Mercury Hourglass":43,"Anchor":20,"Bronze Scales":52,"Orrery":53,"Molten Egg 2":10,"Black Star":0,"Coffee Dripper":34,"FossilizedHelix":53},{"Regal Pillow":16,"Lantern":33,"Calipers":30,"SacredBark":9,"Enchiridion":15,"downfall:HeartBlessingGreen":20,"Bag of Preparation":3,"Whetstone":6,"Ancient Tea Set":26,"Nunchaku":16,"Slimebound:StickyStick":12,"downfall:HeartBlessingBlue":25,"Gambling Chip":6,"hexamod:SpiritBrand":0,"Potion Belt":24,"downfall:ShatteredFragment":1,"Happy Flower":7,"downfall:HeartBlessingRed":25,"Thread and Needle":29,"hexamod:InflammatoryLetter":5,"Pen Nib":25,"PreservedInsect":29,"Guardian:PocketSentry":12,"Orichalcum":25,"MawBank":15,"White Beast Statue":15,"hexamod:MatchstickCase":7,"Mercury Hourglass":26,"Anchor":11,"Bronze Scales":33,"Orrery":33,"Molten Egg 2":5,"Black Star":0,"Coffee Dripper":20,"FossilizedHelix":33},{"Regal Pillow":79,"Lantern":174,"Calipers":150,"SacredBark":42,"Enchiridion":73,"downfall:HeartBlessingGreen":102,"Bag of Preparation":9,"Whetstone":26,"Ancient Tea Set":133,"Nunchaku":79,"Slimebound:StickyStick":57,"downfall:HeartBlessingBlue":128,"Gambling Chip":26,"hexamod:SpiritBrand":0,"Potion Belt":119,"downfall:ShatteredFragment":3,"Happy Flower":32,"downfall:HeartBlessingRed":128,"Thread and Needle":146,"hexamod:InflammatoryLetter":20,"Pen Nib":128,"PreservedInsect":146,"Guardian:PocketSentry":57,"Orichalcum":128,"MawBank":73,"White Beast Statue":73,"hexamod:MatchstickCase":32,"Mercury Hourglass":133,"Anchor":51,"Bronze Scales":174,"Orrery":174,"Molten Egg 2":20,"Black Star":0,"Coffee Dripper":102,"FossilizedHelix":174}]},"card_choices":[{"not_picked":["hexamod:BurningTouch","hexamod:RetreatToShadows"],"picked":"hexamod:PowerFromBeyond","floor":2.0},{"not_picked":["hexamod:BurningTouch","hexamod:Haunt"],"picked":"hexamod:ThermalTransfer","floor":4.0},{"not_picked":["hexamod:FastForward","hexamod:BurningTouch"],"picked":"hexamod:FirstSeal","floor":6.0},{"not_picked":["hexamod:GhostShield","hexamod:Firestarter"],"picked":"hexamod:FirstSeal","floor":8.0},{"not_picked":["hexamod:HauntingEcho+1","hexamod:GhostOfSpireFuture"],"picked":"hexamod:UnleashSpirits+1","floor":10.0},{"not_picked":["hexamod:RainOfEmbers+1","hexamod:Rewind"],"picked":"hexamod:InspiringFlames","floor":12.0},{"not_picked":["hexamod:FastForward","hexamod:CatchUp"],"picked":"hexamod:NightmareGuise","floor":14.0},{"not_picked":["hexamod:CatchUp","hexamod:SuperheatedStrike+1"],"picked":"hexamod:NightmareGuise","floor":15.0},{"not_picked":["hexamod:ParanormalForm","hexamod:UnleashSpirits+1"],"picked":"hexamod:HexaLevel","floor":16.0},{"not_picked":["hexamod:GhostShield","hexamod:ExtraCrispy"],"picked":"hexamod:RadiantFlame","floor":19.0},{"not_picked":["hexamod:HeatMetal+1","hexamod:InspiringFlames"],"picked":"hexamod:SixthSeal","floor":20.0},{"not_picked":["hexamod:ThermalTransfer+1","hexamod:Haunt"],"picked":"hexamod:SwordOfDarkness+1","floor":21.0},{"not_picked":["hexamod:SoulSteal","hexamod:SpectralSpark"],"picked":"hexamod:Hexaguard","floor":25.0},{"not_picked":["hexamod:GhostOfSpirePast","hexamod:SpectralSpark"],"picked":"hexamod:PhantomCloak+1","floor":26.0},{"not_picked":["hexamod:GhostShield","hexamod:ChargedBarrage"],"picked":"hexamod:Hexaguard+1","floor":27.0},{"not_picked":["hexamod:SoulSteal","hexamod:AdvancingGuard"],"picked":"hexamod:SpectersWail+1","floor":29.0},{"not_picked":["hexamod:HeatMetal+1","hexamod:HeatCrush+1","hexamod:InspiringFlames"],"picked":"SKIP","floor":30.0},{"not_picked":["hexamod:Firestarter+1","hexamod:PhantomFireball+1"],"picked":"hexamod:FlamesFromBeyond","floor":31.0},{"not_picked":["hexamod:BacktrackSmack+1","hexamod:ThermalTransfer+1","hexamod:HeatMetal+1"],"picked":"SKIP","floor":32.0},{"not_picked":["hexamod:SearingWound","hexamod:SixthSeal"],"picked":"hexamod:ForkedFlame+1","floor":33.0},{"not_picked":["hexamod:HeatShield","hexamod:SpectersWail+1"],"picked":"hexamod:Hexaguard","floor":36.0},{"not_picked":["hexamod:Rewind","hexamod:BacktrackSmack+1"],"picked":"hexamod:NightmareGuise+1","floor":37.0},{"not_picked":["hexamod:HauntingEcho+1","hexamod:GhostLash+1"],"picked":"hexamod:ThirdSeal","floor":38.0},{"not_picked":["hexamod:ShieldOfDarkness","hexamod:GhostShield"],"picked":"hexamod:FlamesFromBeyond","floor":39.0},{"not_picked":["hexamod:GhostShield","hexamod:BacktrackSmack+1"],"picked":"hexamod:NightmareGuise+1","floor":39.0},{"not_picked":["hexamod:GhostShield","hexamod:Hexaguard"],"picked":"hexamod:PowerFromBeyond","floor":40.0},{"not_picked":["hexamod:GhostShield","hexamod:FastForward+1","hexamod:HauntingEcho+1"],"picked":"SKIP","floor":40.0},{"not_picked":["hexamod:FlameSwitch","hexamod:NightmareStrike+1"],"picked":"hexamod:FlamesFromBeyond+1","floor":43.0},{"not_picked":["hexamod:NecessarySacrifice","hexamod:SwordOfDarkness+1"],"picked":"hexamod:FourthSeal","floor":43.0},{"not_picked":["hexamod:BurningTouch","hexamod:HeatMetal+1"],"picked":"hexamod:SpectersWail+1","floor":44.0},{"not_picked":["hexamod:SkipABeat","hexamod:Firestarter+1"],"picked":"hexamod:GhostOfSpireFuture","floor":44.0},{"not_picked":["hexamod:NightmareGuise","hexamod:InspiringFlames+1","hexamod:ExtraCrispy"],"picked":"SKIP","floor":45.0},{"not_picked":["hexamod:RadiantFlame","hexamod:Incineration+1"],"picked":"hexamod:PowerFromBeyond","floor":47},{"not_picked":["hexamod:GhostLash+1","hexamod:SwordOfDarkness+1"],"picked":"hexamod:Haunt","floor":47},{"not_picked":["hexamod:HauntingEcho+1","hexamod:FourthSeal"],"picked":"hexamod:HeatShield+1","floor":48},{"not_picked":["hexamod:RainOfEmbers+1","hexamod:HauntingEcho+1"],"picked":"hexamod:PhantomCloak","floor":49},{"not_picked":["hexamod:GhostOfSpireFuture","hexamod:InspiringFlames","hexamod:ShieldOfDarkness"],"picked":"SKIP","floor":49},{"not_picked":["hexamod:NightmareStrike+1","hexamod:HeatShield"],"picked":"hexamod:HexaLevel","floor":52},{"not_picked":["hexamod:ThirdSeal","hexamod:SpectralSpark+1","hexamod:HauntingEcho+1"],"picked":"SKIP","floor":52},{"not_picked":["hexamod:RainOfEmbers+1","hexamod:FlamesFromBeyond"],"picked":"hexamod:HeatShield+1","floor":53},{"not_picked":["hexamod:FourthSeal","hexamod:PhantomCloak"],"picked":"hexamod:SpectersWail+1","floor":53},{"not_picked":["hexamod:Firestarter+1","hexamod:Haunt"],"picked":"hexamod:SpectersWail+1","floor":53}],"player_experience":73461,"relics_obtained":[{"floor":7.0,"key":"Bag of Preparation"},{"floor":10.0,"key":"Molten Egg 2"},{"floor":10.0,"key":"hexamod:InflammatoryLetter"},{"floor":12.0,"key":"Whetstone"},{"floor":12.0,"key":"Gambling Chip"},{"floor":14.0,"key":"hexamod:MatchstickCase"},{"floor":14.0,"key":"Happy Flower"},{"floor":24.0,"key":"Slimebound:StickyStick"},{"floor":27.0,"key":"MawBank"},{"floor":27.0,"key":"White Beast Statue"},{"floor":28.0,"key":"Enchiridion"},{"floor":29.0,"key":"Nunchaku"},{"floor":29.0,"key":"Regal Pillow"},{"floor":39.0,"key":"Potion Belt"},{"floor":40.0,"key":"Pen Nib"},{"floor":40.0,"key":"Orichalcum"},{"floor":43.0,"key":"Ancient Tea Set"},{"floor":43.0,"key":"Mercury Hourglass"},{"floor":47,"key":"Thread and Needle"},{"floor":47,"key":"PreservedInsect"},{"floor":48,"key":"Calipers"},{"floor":52,"key":"Bronze Scales"},{"floor":52,"key":"Lantern"}],"event_choices":[{"damage_healed":0.0,"max_hp_gain":0.0,"max_hp_loss":0.0,"gold_gain":0.0,"event_name":"Lab","player_choice":"Got Potions","floor":5.0,"gold_loss":0.0,"damage_taken":0.0},{"damage_healed":0.0,"max_hp_gain":0.0,"max_hp_loss":0.0,"gold_gain":0.0,"event_name":"Accursed Blacksmith","player_choice":"Forge","floor":13.0,"gold_loss":0.0,"damage_taken":0.0,"cards_upgraded":["hexamod:PowerFromBeyond"]}],"is_beta":false,"boss_relics":[{"not_picked":["Calling Bell","Tiny House"],"picked":"SacredBark"},{"not_picked":["Cursed Key","Astrolabe"],"picked":"Coffee Dripper"}],"items_purged_floors":[20,53],"is_endless":false,"potions_floor_spawned":[2,6,8,16,25,26,27,29,30,31,32,33,36,37,38,39,40,43,44,45,47,48,49,52],"ascension_level":12}}