{"host":"93bjq340p293ukqy","time":1614115898,"event":{"mods":["BaseMod","Hermit","Minty Spire (QoL Compilation)","StSLib","The Cursed"],"gold_per_floor":[360,320,40,51,101,133,133,143,143,143,143,143,143],"floor_reached":12,"language":"ENG","playtime":741,"items_purged":[],"score":103,"play_id":"37a21262-0d6d-401d-b232-1b00bbc4757c","local_time":"20210223233138","is_ascension_mode":true,"campfire_choices":[{"floor":7,"key":"REST"},{"floor":11,"key":"REST"}],"circlet_count":0,"master_deck":["Strike_R","Strike_R","Strike_R","Strike_R","Defend_R","Defend_R","Defend_R","Defend_R","Bash","Injury","Clothesline","Havoc","Sentinel","Feel No Pain","Body Slam","Reaper"],"relics":["Burning Blood","Letter Opener","Calipers","Matryoshka"],"acts_visited":["Exordium"],"potions_floor_usage":[6,6,6],"damage_taken":[{"damage":12,"enemies":"Small Slimes","floor":1,"turns":5},{"damage":2,"enemies":"Cultist","floor":4,"turns":5},{"damage":67,"enemies":"Gremlin Nob","floor":6,"turns":7},{"damage":3,"enemies":"2 Louse","floor":8,"turns":4},{"damage":20,"enemies":"Lagavulin","floor":12,"turns":5}],"seed_played":"-6158476669729773884","potions_obtained":[{"floor":1,"key":"LiquidMemories"},{"floor":2,"key":"LiquidMemories"},{"floor":2,"key":"Block Potion"}],"is_trial":false,"path_per_floor":["M","?","$","M","?","E","R","M","T","?","R","E"],"character_chosen":"IRONCLAD","items_purchased":["Letter Opener","Havoc"],"campfire_rested":2,"item_purchase_floors":[3,3],"current_hp_per_floor":[66,66,66,70,70,9,33,36,36,36,60,44,44],"gold":143,"neow_bonus":"TWO_FIFTY_GOLD","is_daily":false,"chose_seed":false,"campfire_upgraded":0,"win_rate":0.0,"timestamp":1614115898,"path_taken":["M","?","$","?","?","E","R","M","T","?","R","E"],"items_purchased_type":["Relic","Card"],"build_version":"2020-12-22","purchased_purges":0,"victory":false,"max_hp_per_floor":[80,80,80,80,80,80,80,80,80,80,80,80,80],"card_choices":[{"not_picked":["Warcry","Pommel Strike"],"picked":"Clothesline","floor":1},{"not_picked":["Fiend Fire","Warcry"],"picked":"Sentinel","floor":4},{"not_picked":["Warcry","Rage"],"picked":"Feel No Pain","floor":6},{"not_picked":["Headbutt","Heavy Blade"],"picked":"Body Slam","floor":8}],"player_experience":278621,"relics_obtained":[{"floor":6,"key":"Calipers"},{"floor":9,"key":"Matryoshka"}],"event_choices":[{"damage_healed":0,"gold_gain":0,"player_choice":"Bought 3 Potions","damage_taken":0,"max_hp_gain":0,"max_hp_loss":0,"event_name":"The Woman in Blue","floor":2,"gold_loss":0},{"damage_healed":0,"gold_gain":50,"player_choice":"Gained Gold","damage_taken":0,"max_hp_gain":0,"max_hp_loss":0,"event_name":"Golden Wing","floor":5,"gold_loss":0},{"damage_healed":0,"gold_gain":0,"cards_transformed":["Strike_R"],"player_choice":"Change","damage_taken":0,"max_hp_gain":0,"max_hp_loss":0,"event_name":"Living Wall","floor":10,"gold_loss":0,"cards_obtained":["Reaper"]}],"is_beta":false,"boss_relics":[],"items_purged_floors":[],"is_endless":false,"potions_floor_spawned":[1],"killed_by":"Lagavulin","ascension_level":7}}