{"host":"c2vrdknshfutmcsq","time":1614093702,"event":{"mods":["BaseMod","Minty Spire (QoL Compilation)"],"gold_per_floor":[112,125,135,148,148,148,173,173,219,253,253,266,416,60,60,132,132,147,147,165,165,165,165,194,194,194,194,210,228,84,115,115,193,193,203,217,227,177,189,224,236,255,255,267,296,328,340,366,378,390,402],"floor_reached":52,"language":"ENG","playtime":7050,"items_purged":["Doubt","Defend_B"],"score":2107,"play_id":"c1a5cb0c-f8e0-4c22-af82-d9303855adcd","local_time":"20210223162142","is_ascension_mode":true,"campfire_choices":[{"data":"Sunder","floor":6.0,"key":"SMITH"},{"data":"Dualcast","floor":8.0,"key":"SMITH"},{"data":"Zap","floor":11.0,"key":"SMITH"},{"floor":15.0,"key":"REST"},{"data":"Glacier","floor":23.0,"key":"SMITH"},{"floor":25.0,"key":"REST"},{"data":"Hologram","floor":27.0,"key":"SMITH"},{"floor":32.0,"key":"REST"},{"data":"Reinforced Body","floor":47.0,"key":"SMITH"},{"data":"Conserve Battery","floor":49.0,"key":"SMITH"}],"circlet_count":0,"master_deck":["AscendersBane","Defend_B","Defend_B","Defend_B","Zap+1","Dualcast+1","Glacier+1","Blizzard","Sunder+1","Chill","Ball Lightning","Aggregate+1","Electrodynamics","Loop+1","Buffer+1","Stack","Bite","Bite","Bite","Bite","Bite","FTL","Hologram+1","Conserve Battery+1","Seek","Reinforced Body+1","Chill","Echo Form+1","Blizzard+1","Sweeping Beam+1","Go for the Eyes+1"],"relics":["Cracked Core","Ginger","The Courier","Akabeko","Frozen Egg 2","Philosopher\u0027s Stone","Unceasing Top","Matryoshka","Potion Belt","Toy Ornithopter","Centennial Puzzle","Busted Crown","PreservedInsect","Molten Egg 2","Symbiotic Virus","MawBank"],"acts_visited":["Exordium","TheCity","TheBeyond"],"potions_floor_usage":[51,51],"damage_taken":[{"damage":0.0,"enemies":"Small Slimes","floor":1.0,"turns":3.0},{"damage":0.0,"enemies":"2 Louse","floor":2.0,"turns":4.0},{"damage":0.0,"enemies":"Jaw Worm","floor":3.0,"turns":6.0},{"damage":2.0,"enemies":"3 Louse","floor":4.0,"turns":3.0},{"damage":0.0,"enemies":"Lagavulin","floor":7.0,"turns":3.0},{"damage":4.0,"enemies":"3 Sentries","floor":10.0,"turns":6.0},{"damage":2.0,"enemies":"Exordium Thugs","floor":12.0,"turns":3.0},{"damage":48.0,"enemies":"The Guardian","floor":16.0,"turns":12.0},{"damage":0.0,"enemies":"Spheric Guardian","floor":18.0,"turns":4.0},{"damage":16.0,"enemies":"Shell Parasite","floor":20.0,"turns":6.0},{"damage":23.0,"enemies":"Slavers","floor":24.0,"turns":4.0},{"damage":5.0,"enemies":"Centurion and Healer","floor":28.0,"turns":5.0},{"damage":15.0,"enemies":"Snake Plant","floor":29.0,"turns":4.0},{"damage":61.0,"enemies":"Gremlin Leader","floor":31.0,"turns":7.0},{"damage":20.0,"enemies":"Automaton","floor":33.0,"turns":12.0},{"damage":0.0,"enemies":"3 Darklings","floor":35.0,"turns":5.0},{"damage":0.0,"enemies":"3 Shapes","floor":36.0,"turns":4.0},{"damage":43.0,"enemies":"3 Darklings","floor":37.0,"turns":4.0},{"damage":0.0,"enemies":"Writhing Mass","floor":39.0,"turns":7.0},{"damage":59.0,"enemies":"Reptomancer","floor":40.0,"turns":10.0},{"damage":4.0,"enemies":"Sphere and 2 Shapes","floor":41.0,"turns":8.0},{"damage":14.0,"enemies":"3 Darklings","floor":42.0,"turns":3.0},{"damage":19.0,"enemies":"Jaw Worm Horde","floor":44.0,"turns":3.0},{"damage":0.0,"enemies":"Nemesis","floor":45.0,"turns":7.0},{"damage":8.0,"enemies":"Maw","floor":46.0,"turns":7.0},{"damage":0.0,"enemies":"Writhing Mass","floor":48.0,"turns":9.0},{"damage":0.0,"enemies":"Donu and Deca","floor":50.0,"turns":9.0},{"damage":80,"enemies":"Awakened One","floor":51,"turns":18}],"seed_played":"-1675938503775626456","potions_obtained":[{"floor":2.0,"key":"PowerPotion"},{"floor":7.0,"key":"DistilledChaos"},{"floor":10.0,"key":"ColorlessPotion"},{"floor":12.0,"key":"Regen Potion"},{"floor":31.0,"key":"EssenceOfSteel"},{"floor":33.0,"key":"SpeedPotion"},{"floor":37.0,"key":"SkillPotion"},{"floor":40.0,"key":"FearPotion"},{"floor":45.0,"key":"EssenceOfSteel"},{"floor":48.0,"key":"Dexterity Potion"}],"is_trial":false,"path_per_floor":["M","M","M","M","?","R","E","R","T","E","R","M","?","$","R","B",null,"M","?","M","?","?","R","E","R","T","R","M","M","$","E","R","B",null,"M","M","M","?","M","E","M","M","T","M","E","M","R","M","R","B","B",null],"character_chosen":"DEFECT","items_purchased":["Frozen Egg 2","Loop+1","Reinforced Body"],"campfire_rested":3,"item_purchase_floors":[14,14,30],"current_hp_per_floor":[46,46,46,44,37,37,37,37,37,35,35,35,35,35,56,10,56,58,58,56,56,56,56,39,60,60,60,65,58,58,11,32,36,62,71,71,36,36,61,28,42,34,34,27,42,48,48,69,69,71,45],"gold":414,"neow_bonus":"ONE_RARE_RELIC","is_daily":false,"chose_seed":false,"campfire_upgraded":7,"win_rate":0.0,"timestamp":1614093702,"path_taken":["M","M","M","M","?","R","E","R","T","E","R","M","?","$","R","BOSS","M","?","M","?","?","R","E","R","T","R","?","M","$","E","R","BOSS","M","M","M","?","M","E","M","M","T","M","E","M","R","?","R","BOSS","BOSS"],"items_purchased_type":["Relic","Card","Card"],"build_version":"2020-12-22","purchased_purges":2,"victory":true,"max_hp_per_floor":[71,71,71,71,71,71,71,71,71,71,71,71,71,71,71,71,71,71,71,71,71,71,71,71,71,71,71,71,71,71,71,71,71,71,71,71,71,71,71,71,71,71,71,71,71,71,71,71,71,71,71],"card_choices":[{"not_picked":["Gash","Streamline"],"picked":"Glacier","floor":1.0},{"not_picked":["Beam Cell","Scrape"],"picked":"Blizzard","floor":2.0},{"not_picked":["Ball Lightning","Leap"],"picked":"Sunder","floor":3.0},{"not_picked":["Sweeping Beam","Stack"],"picked":"Chill","floor":4.0},{"not_picked":["Steam","Streamline"],"picked":"Ball Lightning","floor":7.0},{"not_picked":["Barrage","Leap"],"picked":"Aggregate","floor":10.0},{"not_picked":["Static Discharge","Rebound"],"picked":"Electrodynamics","floor":12.0},{"not_picked":["Meteor Strike","Fission"],"picked":"Buffer+1","floor":16.0},{"not_picked":["Beam Cell","Aggregate"],"picked":"Stack","floor":18.0},{"not_picked":["Cold Snap","Sweeping Beam"],"picked":"FTL","floor":20.0},{"not_picked":["Streamline","Barrage+1"],"picked":"Hologram","floor":24.0},{"not_picked":["Skim","Sunder"],"picked":"Conserve Battery","floor":28.0},{"not_picked":["Coolheaded","Double Energy"],"picked":"Seek","floor":29.0},{"not_picked":["Sweeping Beam","Darkness"],"picked":"Chill","floor":31.0},{"not_picked":["Hyperbeam","Creative AI+1"],"picked":"Echo Form+1","floor":33.0},{"not_picked":["Redo"],"picked":"SKIP","floor":35.0},{"not_picked":["Coolheaded"],"picked":"SKIP","floor":36.0},{"not_picked":["Static Discharge+1"],"picked":"SKIP","floor":37.0},{"not_picked":[],"picked":"Blizzard+1","floor":39.0},{"not_picked":["White Noise"],"picked":"SKIP","floor":40.0},{"not_picked":["Storm+1"],"picked":"SKIP","floor":41.0},{"not_picked":["Steam"],"picked":"SKIP","floor":42.0},{"not_picked":[],"picked":"Sweeping Beam+1","floor":44.0},{"not_picked":["Heatsinks+1"],"picked":"SKIP","floor":45.0},{"not_picked":["Heatsinks+1"],"picked":"SKIP","floor":46.0},{"not_picked":[],"picked":"Go for the Eyes+1","floor":48.0}],"player_experience":1383539,"relics_obtained":[{"floor":7.0,"key":"The Courier"},{"floor":9.0,"key":"Blood Vial"},{"floor":10.0,"key":"Akabeko"},{"floor":24.0,"key":"Matryoshka"},{"floor":26.0,"key":"Potion Belt"},{"floor":26.0,"key":"Toy Ornithopter"},{"floor":31.0,"key":"Centennial Puzzle"},{"floor":40.0,"key":"PreservedInsect"},{"floor":43.0,"key":"Molten Egg 2"},{"floor":43.0,"key":"Symbiotic Virus"},{"floor":45.0,"key":"MawBank"}],"event_choices":[{"cards_removed":["Strike_B"],"damage_healed":0.0,"max_hp_gain":0.0,"max_hp_loss":0.0,"gold_gain":0.0,"event_name":"Golden Wing","player_choice":"Card Removal","floor":5.0,"gold_loss":0.0,"damage_taken":7.0},{"damage_healed":0.0,"max_hp_gain":0.0,"max_hp_loss":0.0,"gold_gain":150.0,"event_name":"Liars Game","player_choice":"AGREE","floor":13.0,"gold_loss":0.0,"damage_taken":0.0,"cards_obtained":["Doubt"]},{"damage_healed":0.0,"max_hp_gain":0.0,"max_hp_loss":0.0,"gold_gain":0.0,"event_name":"Vampires","player_choice":"Became a vampire (Vial)","floor":19.0,"relics_lost":["Blood Vial"],"gold_loss":0.0,"damage_taken":0.0,"cards_obtained":["Bite","Bite","Bite","Bite","Bite"]},{"damage_healed":0.0,"max_hp_gain":0.0,"max_hp_loss":0.0,"gold_gain":0.0,"event_name":"The Mausoleum","player_choice":"Opened","floor":21.0,"gold_loss":0.0,"damage_taken":0.0,"relics_obtained":["Unceasing Top"],"cards_obtained":["Writhe"]},{"cards_removed":["Writhe"],"damage_healed":0.0,"max_hp_gain":0.0,"max_hp_loss":0.0,"gold_gain":0.0,"event_name":"Back to Basics","player_choice":"Elegance","floor":22.0,"gold_loss":0.0,"damage_taken":0.0},{"damage_healed":0.0,"max_hp_gain":0.0,"max_hp_loss":0.0,"gold_gain":0.0,"event_name":"Designer","player_choice":"Upgrade","floor":38.0,"gold_loss":50.0,"damage_taken":0.0,"cards_upgraded":["Aggregate"]}],"is_beta":false,"boss_relics":[{"not_picked":["Snecko Eye","Sozu"],"picked":"Philosopher\u0027s Stone"},{"not_picked":["Inserter","Velvet Choker"],"picked":"Busted Crown"}],"items_purged_floors":[14,30],"is_endless":false,"potions_floor_spawned":[2,7,10,12,31,33,37,40,42,44,45,48],"ascension_level":20}}