{"host":"8vqkh0x3c7vpgzzm","time":1614115747,"event":{"mods":["AchievementEnabler","BaseMod","Colored Map","Colored Powertips","Curses Come First","DeckTracker","Highlight Path","Minty Spire (QoL Compilation)","Permanent Neow","Quick Restart","Random Character Mod","Rare Cards Sparkle","Relic Sorter","Relic Stats","StSLib","SuperFastMode","Unceasing Turn Reminder","egg","everything is the same but u backflip on backflip"],"gold_per_floor":[367,385,400,20,39,73,73,73,73,73,89,101,26,55,55,128,128,145,159,101,115,0,0,29,47,73,93,93,33,66,66,66,138,138,153,169,469,485,265,297,297,297,297,297,63,77,97,107,107,107],"floor_reached":51,"language":"ENG","playtime":3414,"items_purged":["Strike_B"],"score":1229,"play_id":"ec5083dc-324a-4e6e-a2ea-d96a853dd919","local_time":"20210223222907","is_ascension_mode":true,"campfire_choices":[{"floor":7,"key":"REST"},{"data":"Dualcast","floor":10,"key":"SMITH"},{"data":"Ball Lightning","floor":15,"key":"SMITH"},{"data":"Fusion","floor":23,"key":"SMITH"},{"data":"Consume","floor":28,"key":"SMITH"},{"data":"Loop","floor":32,"key":"SMITH"},{"floor":41,"key":"REST"},{"floor":49,"key":"REST"}],"circlet_count":0,"master_deck":["AscendersBane","Strike_B+1","Strike_B+1","Defend_B+1","Defend_B+1","Defend_B+1","Defend_B+1","Zap+1","Dualcast+1","Genetic Algorithm","Coolheaded","Ball Lightning+1","Trip","Compile Driver","Reboot","Coolheaded","Self Repair","Chill","Biased Cognition","CurseOfTheBell","Fusion+1","Steam","Defragment","Glacier+1","Skim","Consume+1","Doom and Gloom","Loop+1","Fission","Tempest","Capacitor","Capacitor","Reboot","Double Energy","Sweeping Beam+1","BootSequence"],"relics":["Cracked Core","Bag of Preparation","ClockworkSouvenir","Pocketwatch","Blue Candle","The Courier","Calling Bell","Orichalcum","Ornamental Fan","Torii","Regal Pillow","Bronze Scales","Anchor","Lantern","Philosopher\u0027s Stone","PreservedInsect","DataDisk","Letter Opener","Art of War"],"acts_visited":["Exordium","TheCity","TheBeyond"],"potions_floor_usage":[5,6,14,24,30,40,50],"damage_taken":[{"damage":2,"enemies":"2 Louse","floor":1,"turns":3},{"damage":5,"enemies":"Cultist","floor":2,"turns":4},{"damage":10,"enemies":"Small Slimes","floor":3,"turns":4},{"damage":11,"enemies":"Exordium Thugs","floor":5,"turns":4},{"damage":8,"enemies":"Lagavulin","floor":6,"turns":7},{"damage":0,"enemies":"Large Slime","floor":11,"turns":3},{"damage":0,"enemies":"3 Louse","floor":12,"turns":2},{"damage":15,"enemies":"Gremlin Nob","floor":14,"turns":3},{"damage":25,"enemies":"Hexaghost","floor":16,"turns":9},{"damage":0,"enemies":"Spheric Guardian","floor":18,"turns":4},{"damage":1,"enemies":"Shell Parasite","floor":19,"turns":5},{"damage":1,"enemies":"Snecko","floor":21,"turns":5},{"damage":12,"enemies":"Gremlin Leader","floor":24,"turns":11},{"damage":1,"enemies":"Centurion and Healer","floor":25,"turns":9},{"damage":2,"enemies":"Cultist and Chosen","floor":27,"turns":7},{"damage":12,"enemies":"Slavers","floor":30,"turns":4},{"damage":39,"enemies":"Champ","floor":33,"turns":13},{"damage":0,"enemies":"3 Darklings","floor":35,"turns":6},{"damage":0,"enemies":"Orb Walker","floor":36,"turns":4},{"damage":8,"enemies":"Writhing Mass","floor":38,"turns":5},{"damage":36,"enemies":"Reptomancer","floor":40,"turns":6},{"damage":0,"enemies":"Spire Growth","floor":46,"turns":5},{"damage":0,"enemies":"4 Shapes","floor":47,"turns":4},{"damage":13,"enemies":"Sphere and 2 Shapes","floor":48,"turns":3},{"damage":34,"enemies":"Awakened One","floor":50,"turns":12}],"seed_played":"6916161649916397250","potions_obtained":[{"floor":2,"key":"Explosive Potion"},{"floor":5,"key":"Weak Potion"},{"floor":12,"key":"Explosive Potion"},{"floor":16,"key":"FearPotion"},{"floor":21,"key":"Block Potion"},{"floor":27,"key":"ColorlessPotion"},{"floor":33,"key":"FearPotion"},{"floor":35,"key":"SpeedPotion"}],"is_trial":false,"path_per_floor":["M","M","M","$","M","E","R","?","T","R","M","M","$","E","R","B",null,"M","M","$","M","$","R","E","M","T","M","R","$","E","?","R","B",null,"M","M","?","M","$","E","R","?","T","?","$","M","M","M","R","B",null],"character_chosen":"DEFECT","items_purchased":["Bag of Preparation","ClockworkSouvenir","Trip","Defragment","Regal Pillow","Doom and Gloom","PreservedInsect","Capacitor","SkillPotion","Reboot","Art of War","GamblersBrew"],"campfire_rested":3,"item_purchase_floors":[4,4,4,20,22,29,39,39,39,45,45,45],"current_hp_per_floor":[62,57,47,47,36,28,47,47,47,47,47,47,47,39,39,21,53,53,59,59,64,64,64,59,64,64,64,64,64,59,59,59,27,55,62,64,64,63,63,34,64,64,64,61,61,61,61,48,61,34],"gold":107,"neow_bonus":"TWO_FIFTY_GOLD","is_daily":false,"chose_seed":false,"campfire_upgraded":5,"win_rate":0.0,"timestamp":1614115747,"path_taken":["M","M","M","$","M","E","R","?","T","R","M","M","$","E","R","BOSS","M","?","$","M","$","R","E","M","T","?","R","$","E","?","R","BOSS","M","M","?","?","$","E","R","?","T","?","$","M","M","M","R","BOSS"],"items_purchased_type":["Relic","Relic","Card","Card","Relic","Card","Relic","Card","Potion","Card","Relic","Potion"],"build_version":"2020-12-22","purchased_purges":1,"victory":true,"max_hp_per_floor":[64,64,64,64,64,64,64,64,64,64,64,64,64,64,64,64,64,64,64,64,64,64,64,64,64,64,64,64,64,64,64,64,64,64,64,64,64,64,64,64,64,64,64,61,61,61,61,61,61,61],"relic_stats":{"Regal Pillow":11,"Torii":9,"counters":[25,142],"Blue Candle":[5],"PreservedInsect":61,"Bag of Preparation":[44],"Letter Opener":[164],"Orichalcum":[78],"Ornamental Fan":[36],"Bronze Scales":[256],"Art of War":[7],"obtain_stats":[{"Regal Pillow":22,"Lantern":30,"Torii":17,"Blue Candle":9,"The Courier":14,"PreservedInsect":39,"Bag of Preparation":4,"Letter Opener":43,"Orichalcum":17,"ClockworkSouvenir":4,"Calling Bell":17,"Anchor":26,"DataDisk":40,"Ornamental Fan":17,"Bronze Scales":24,"Philosopher\u0027s Stone":34,"Art of War":45,"Cracked Core":0,"Pocketwatch":6},{"Regal Pillow":12,"Lantern":16,"Torii":9,"Blue Candle":5,"The Courier":8,"PreservedInsect":20,"Bag of Preparation":3,"Letter Opener":21,"Orichalcum":9,"ClockworkSouvenir":3,"Calling Bell":9,"Anchor":14,"DataDisk":21,"Ornamental Fan":9,"Bronze Scales":13,"Philosopher\u0027s Stone":17,"Art of War":21,"Cracked Core":0,"Pocketwatch":5},{"Regal Pillow":53,"Lantern":84,"Torii":39,"Blue Candle":22,"The Courier":30,"PreservedInsect":112,"Bag of Preparation":11,"Letter Opener":118,"Orichalcum":39,"ClockworkSouvenir":11,"Calling Bell":39,"Anchor":73,"DataDisk":118,"Ornamental Fan":39,"Bronze Scales":64,"Philosopher\u0027s Stone":97,"Art of War":118,"Cracked Core":0,"Pocketwatch":22}],"Pocketwatch":[72]},"card_choices":[{"not_picked":["Coolheaded","Chaos"],"picked":"Genetic Algorithm","floor":1},{"not_picked":["Storm","Go for the Eyes"],"picked":"Coolheaded","floor":2},{"not_picked":["Compile Driver","Stack"],"picked":"Ball Lightning","floor":3},{"not_picked":["Tempest","Reinforced Body"],"picked":"Compile Driver","floor":5},{"not_picked":["Streamline","Melter"],"picked":"Reboot","floor":6},{"not_picked":["Cold Snap","Ball Lightning"],"picked":"Coolheaded","floor":11},{"not_picked":["Conserve Battery","Consume"],"picked":"Self Repair","floor":12},{"not_picked":["Compile Driver","Capacitor"],"picked":"Chill","floor":14},{"not_picked":["Creative AI","Electrodynamics"],"picked":"Biased Cognition","floor":16},{"not_picked":["Reinforced Body","Coolheaded"],"picked":"Fusion","floor":18},{"not_picked":["Doom and Gloom","Barrage"],"picked":"Steam","floor":19},{"not_picked":["Beam Cell+1","Rip and Tear"],"picked":"Glacier+1","floor":21},{"not_picked":["Redo","Compile Driver"],"picked":"Skim","floor":24},{"not_picked":["Leap+1","Conserve Battery","Coolheaded"],"picked":"SKIP","floor":25},{"not_picked":["Go for the Eyes","Amplify"],"picked":"Consume","floor":27},{"not_picked":["Blizzard","Compile Driver"],"picked":"Loop","floor":30},{"not_picked":["Amplify","Thunder Strike"],"picked":"Fission","floor":33},{"not_picked":["Streamline","Force Field"],"picked":"Tempest","floor":35},{"not_picked":["Compile Driver","Stack"],"picked":"Capacitor","floor":36},{"not_picked":["Cold Snap","Barrage","Steam"],"picked":"SKIP","floor":38},{"not_picked":["Stack","Ball Lightning","Cold Snap"],"picked":"SKIP","floor":40},{"not_picked":["Consume","Capacitor"],"picked":"Double Energy","floor":46},{"not_picked":["Ball Lightning","Defragment"],"picked":"Sweeping Beam+1","floor":47},{"not_picked":["Go for the Eyes","Lockon"],"picked":"BootSequence","floor":48}],"player_experience":641996,"relics_obtained":[{"floor":6,"key":"Pocketwatch"},{"floor":9,"key":"Blue Candle"},{"floor":14,"key":"The Courier"},{"floor":17,"key":"Orichalcum"},{"floor":17,"key":"Ornamental Fan"},{"floor":17,"key":"Torii"},{"floor":24,"key":"Bronze Scales"},{"floor":26,"key":"Anchor"},{"floor":30,"key":"Lantern"},{"floor":40,"key":"DataDisk"},{"floor":43,"key":"Letter Opener"}],"event_choices":[{"damage_healed":0,"gold_gain":0,"player_choice":"Upgraded","damage_taken":0,"max_hp_gain":0,"max_hp_loss":0,"event_name":"Upgrade Shrine","floor":8,"gold_loss":0,"cards_upgraded":["Zap"]},{"damage_healed":0,"gold_gain":0,"player_choice":"Simplicity","damage_taken":0,"max_hp_gain":0,"max_hp_loss":0,"event_name":"Back to Basics","floor":31,"gold_loss":0,"cards_upgraded":["Strike_B","Strike_B","Strike_B","Defend_B","Defend_B","Defend_B","Defend_B"]},{"damage_healed":0,"gold_gain":300,"player_choice":"Gold","damage_taken":0,"max_hp_gain":0,"max_hp_loss":0,"event_name":"Wheel of Change","floor":37,"gold_loss":0},{"cards_removed":["Strike_B"],"damage_healed":0,"gold_gain":0,"player_choice":"Removed Attack","damage_taken":0,"max_hp_gain":0,"max_hp_loss":0,"event_name":"Falling","floor":42,"gold_loss":0},{"cards_removed":["Parasite"],"damage_healed":0,"gold_gain":0,"player_choice":"Purged","damage_taken":0,"max_hp_gain":0,"max_hp_loss":0,"event_name":"Purifier","floor":44,"gold_loss":0}],"is_beta":false,"boss_relics":[{"not_picked":["Ectoplasm","Velvet Choker"],"picked":"Calling Bell"},{"not_picked":["Runic Dome","SacredBark"],"picked":"Philosopher\u0027s Stone"}],"items_purged_floors":[13],"is_endless":false,"potions_floor_spawned":[2,5,12,16,21,27,33,35,47,48],"ascension_level":14}}