{"host":"1vy6j31128f61x2z","time":1614107993,"event":{"mods":["AchievementEnabler","BaseMod","Colored Powertips","Minty Spire (QoL Compilation)","Permanent Neow"],"gold_per_floor":[217,231,243,243,7,42,42,75,152,181,191,202,219,232,232,337,337,326,26,38,51,68,102,102,130,156,156,156,556,556,566,566,667,667,685,335,335,345,345,345,345,361,386,397,397,432,432,452,452,452],"floor_reached":51,"language":"ENG","playtime":2273,"items_purged":["Strike_G","Strike_G"],"score":1208,"play_id":"d07e1d50-61c0-44df-9085-f95de4b2717a","local_time":"20210223141953","is_ascension_mode":true,"campfire_choices":[{"data":"Glass Knife","floor":7.0,"key":"SMITH"},{"data":"Wraith Form v2","floor":15.0,"key":"SMITH"},{"data":"Storm of Steel","floor":24.0,"key":"SMITH"},{"data":"Accuracy","floor":28.0,"key":"SMITH"},{"data":"Blade Dance","floor":30.0,"key":"SMITH"},{"data":"Blade Dance","floor":32.0,"key":"SMITH"},{"data":"Strike_G+1","floor":40.0,"key":"PURGE"},{"data":"Strike_G+1","floor":45.0,"key":"PURGE"},{"data":"Strike_G+1","floor":47.0,"key":"PURGE"},{"data":"After Image","floor":49,"key":"SMITH"}],"circlet_count":0,"master_deck":["Defend_G+1","Defend_G+1","Defend_G+1","Defend_G+1","Defend_G+1","Survivor+1","Neutralize+1","Flechettes+1","Outmaneuver+1","Blade Dance+1","Glass Knife+1","Accuracy+1","Cloak And Dagger+1","Backflip+1","Wraith Form v2+1","Caltrops+1","Blade Dance+1","Blade Dance+1","Storm of Steel+1","Prepared+1","Infinite Blades+1","Deflect+1","Adrenaline+1","Predator+1","Infinite Blades+1","Apotheosis+1","Deflect+1","Blind+1","Cloak And Dagger+1","Backflip+1","After Image+1","Backflip+1"],"relics":["Ring of the Snake","Membership Card","Thread and Needle","Orichalcum","Meat on the Bone","The Specimen","Coffee Dripper","PreservedInsect","Sling","Nunchaku","Peace Pipe","Sundial","Akabeko","Nilry\u0027s Codex","Old Coin","Toxic Egg 2","Runic Pyramid","Oddly Smooth Stone","OrangePellets","Mark of the Bloom","CeramicFish","Pantograph"],"acts_visited":["Exordium","TheCity","TheBeyond"],"potions_floor_usage":[48,50,50],"damage_taken":[{"damage":4.0,"enemies":"Cultist","floor":1.0,"turns":6.0},{"damage":2.0,"enemies":"Jaw Worm","floor":2.0,"turns":4.0},{"damage":0.0,"enemies":"Small Slimes","floor":3.0,"turns":4.0},{"damage":30.0,"enemies":"Lagavulin","floor":6.0,"turns":8.0},{"damage":1.0,"enemies":"3 Sentries","floor":8.0,"turns":6.0},{"damage":17.0,"enemies":"Lagavulin","floor":10.0,"turns":6.0},{"damage":0.0,"enemies":"2 Fungi Beasts","floor":11.0,"turns":3.0},{"damage":0.0,"enemies":"Looter","floor":12.0,"turns":3.0},{"damage":1.0,"enemies":"Blue Slaver","floor":13.0,"turns":4.0},{"damage":0.0,"enemies":"Red Slaver","floor":14.0,"turns":3.0},{"damage":8.0,"enemies":"Slime Boss","floor":16.0,"turns":7.0},{"damage":1.0,"enemies":"2 Thieves","floor":18.0,"turns":4.0},{"damage":0.0,"enemies":"Chosen","floor":20.0,"turns":3.0},{"damage":11.0,"enemies":"Snake Plant","floor":21.0,"turns":5.0},{"damage":12.0,"enemies":"Sentry and Sphere","floor":22.0,"turns":3.0},{"damage":0.0,"enemies":"Book of Stabbing","floor":23.0,"turns":2.0},{"damage":0.0,"enemies":"Gremlin Leader","floor":25.0,"turns":3.0},{"damage":0.0,"enemies":"Colosseum Slavers","floor":29.0,"turns":3.0},{"damage":0.0,"enemies":"Colosseum Nobs","floor":29.0,"turns":2.0},{"damage":0.0,"enemies":"Cultist and Chosen","floor":31.0,"turns":3.0},{"damage":0.0,"enemies":"Collector","floor":33.0,"turns":4.0},{"damage":25.0,"enemies":"3 Darklings","floor":35.0,"turns":3.0},{"damage":0.0,"enemies":"Orb Walker","floor":38.0,"turns":3.0},{"damage":0.0,"enemies":"Spire Growth","floor":42.0,"turns":4.0},{"damage":3.0,"enemies":"Sphere and 2 Shapes","floor":44.0,"turns":5.0},{"damage":0.0,"enemies":"Giant Head","floor":46.0,"turns":4.0},{"damage":5,"enemies":"Transient","floor":48,"turns":5},{"damage":4,"enemies":"Donu and Deca","floor":50,"turns":4}],"seed_played":"-8965235001953127533","potions_obtained":[{"floor":1.0,"key":"LiquidBronze"},{"floor":4.0,"key":"Fruit Juice"},{"floor":4.0,"key":"Explosive Potion"},{"floor":4.0,"key":"ColorlessPotion"},{"floor":10.0,"key":"FearPotion"},{"floor":11.0,"key":"Energy Potion"},{"floor":12.0,"key":"GhostInAJar"},{"floor":18.0,"key":"DuplicationPotion"},{"floor":21.0,"key":"Strength Potion"},{"floor":23.0,"key":"CunningPotion"},{"floor":33.0,"key":"EssenceOfSteel"},{"floor":42.0,"key":"DistilledChaos"},{"floor":44.0,"key":"Weak Potion"},{"floor":48,"key":"Fire Potion"}],"is_trial":false,"path_per_floor":["M","M","M","?","$","E","R","E","T","E","M","M","M","M","R","B",null,"M","$","M","M","M","E","R","E","T","?","R","?","R","M","R","B",null,"M","$","?","M","?","R","?","M","T","M","R","E","R","M","R","B",null],"character_chosen":"THE_SILENT","items_purchased":["Membership Card","Glass Knife","Accuracy","PreservedInsect","Infinite Blades","Sling","Nunchaku","Apotheosis+1","Oddly Smooth Stone","OrangePellets","Deflect+1","Blind+1"],"campfire_rested":0,"item_purchase_floors":[5,5,5,19,19,19,19,36,36,36,36,36],"current_hp_per_floor":[59,57,57,62,62,32,32,31,31,26,38,38,49,49,49,41,67,66,66,66,55,43,43,43,43,43,27,27,39,39,39,39,39,66,41,41,41,41,41,41,41,41,41,38,38,38,38,33,33,29],"gold":452,"neow_bonus":"HUNDRED_GOLD","is_daily":false,"chose_seed":false,"campfire_upgraded":7,"win_rate":0.0,"timestamp":1614107993,"path_taken":["M","?","M","?","$","E","R","E","T","E","M","?","M","M","R","BOSS","M","$","M","M","M","E","R","E","T","?","R","?","R","M","R","BOSS","M","$","?","M","?","R","?","M","T","M","R","E","R","M","R","BOSS"],"items_purchased_type":["Relic","Card","Card","Relic","Card","Relic","Relic","Card","Relic","Relic","Card","Card"],"build_version":"2020-12-22","purchased_purges":2,"victory":true,"max_hp_per_floor":[70,70,70,75,75,75,75,75,75,75,75,75,75,75,75,75,75,75,75,75,75,75,75,75,75,75,75,75,75,75,75,75,75,75,75,75,75,75,75,75,75,75,75,75,75,75,75,75,75,75],"card_choices":[{"not_picked":["Flying Knee","Deflect"],"picked":"Flechettes","floor":1.0},{"not_picked":["Prepared","Finisher"],"picked":"Outmaneuver","floor":2.0},{"not_picked":["Catalyst","Infinite Blades"],"picked":"Blade Dance","floor":3.0},{"not_picked":["Choke","Dodge and Roll"],"picked":"Cloak And Dagger","floor":6.0},{"not_picked":["Deadly Poison","Bouncing Flask"],"picked":"Backflip","floor":8.0},{"not_picked":["Noxious Fumes","Crippling Poison"],"picked":"Wraith Form v2","floor":10.0},{"not_picked":["Bane","Sucker Punch"],"picked":"Caltrops","floor":11.0},{"not_picked":["Skewer","Deflect"],"picked":"Blade Dance","floor":12.0},{"not_picked":["Dagger Spray","Flying Knee"],"picked":"Blade Dance","floor":13.0},{"not_picked":["Riddle With Holes","Flying Knee","Reflex"],"picked":"SKIP","floor":14.0},{"not_picked":["Bullet Time","Glass Knife"],"picked":"Storm of Steel","floor":16.0},{"not_picked":["Choke","Dagger Throw"],"picked":"Prepared","floor":18.0},{"not_picked":["Skewer","Sucker Punch"],"picked":"Deflect","floor":20.0},{"not_picked":["Deflect","Endless Agony","Cloak And Dagger"],"picked":"SKIP","floor":21.0},{"not_picked":["Deflect","Dagger Spray","Endless Agony"],"picked":"SKIP","floor":22.0},{"not_picked":["Setup","Prepared","Masterful Stab"],"picked":"SKIP","floor":23.0},{"not_picked":["All Out Attack","Tools of the Trade"],"picked":"Adrenaline","floor":25.0},{"not_picked":["Tactician+1","Heel Hook+1"],"picked":"Predator+1","floor":31.0},{"not_picked":["Flying Knee+1","Masterful Stab+1"],"picked":"Infinite Blades+1","floor":35.0},{"not_picked":["Terror+1","Acrobatics+1"],"picked":"Cloak And Dagger+1","floor":38.0},{"not_picked":["Deflect+1","Prepared+1"],"picked":"Backflip+1","floor":42.0},{"not_picked":["Dagger Spray+1","Underhanded Strike+1","Flying Knee"],"picked":"SKIP","floor":44.0},{"not_picked":["All Out Attack","Acrobatics+1"],"picked":"After Image","floor":46.0},{"not_picked":["Calculated Gamble+1","Acrobatics+1"],"picked":"Backflip+1","floor":48}],"player_experience":130716,"relics_obtained":[{"floor":6.0,"key":"Thread and Needle"},{"floor":8.0,"key":"Orichalcum"},{"floor":9.0,"key":"Meat on the Bone"},{"floor":10.0,"key":"The Specimen"},{"floor":23.0,"key":"Peace Pipe"},{"floor":25.0,"key":"Sundial"},{"floor":26.0,"key":"Akabeko"},{"floor":27.0,"key":"Nilry\u0027s Codex"},{"floor":29.0,"key":"Old Coin"},{"floor":29.0,"key":"Toxic Egg 2"},{"floor":43.0,"key":"CeramicFish"},{"floor":46.0,"key":"Pantograph"}],"event_choices":[{"damage_healed":0.0,"max_hp_gain":0.0,"max_hp_loss":0.0,"gold_gain":0.0,"event_name":"Lab","player_choice":"Got Potions","floor":4.0,"gold_loss":0.0,"damage_taken":0.0},{"damage_healed":0.0,"max_hp_gain":0.0,"max_hp_loss":0.0,"gold_gain":0.0,"event_name":"Cursed Tome","player_choice":"Obtained Book","floor":27.0,"gold_loss":0.0,"damage_taken":16.0},{"damage_healed":0.0,"max_hp_gain":0.0,"max_hp_loss":0.0,"gold_gain":0.0,"event_name":"Colosseum","player_choice":"Fight","floor":29.0,"gold_loss":0.0,"damage_taken":0.0},{"damage_healed":0.0,"max_hp_gain":0.0,"max_hp_loss":0.0,"gold_gain":0.0,"event_name":"Colosseum","player_choice":"Fought Nobs","floor":29.0,"gold_loss":0.0,"damage_taken":0.0},{"damage_healed":0.0,"max_hp_gain":0.0,"max_hp_loss":0.0,"gold_gain":0.0,"event_name":"MindBloom","player_choice":"Upgrade","floor":37.0,"gold_loss":0.0,"damage_taken":0.0,"cards_upgraded":["Strike_G","Strike_G","Strike_G","Defend_G","Defend_G","Defend_G","Defend_G","Defend_G","Survivor","Neutralize","Flechettes","Outmaneuver","Blade Dance","Cloak And Dagger","Backflip","Caltrops","Prepared","Infinite Blades","Deflect","Adrenaline"],"relics_obtained":["Mark of the Bloom"]},{"damage_healed":0.0,"max_hp_gain":0.0,"max_hp_loss":0.0,"gold_gain":0.0,"event_name":"Tomb of Lord Red Mask","player_choice":"Ignored","floor":39.0,"gold_loss":0.0,"damage_taken":0.0},{"damage_healed":0.0,"max_hp_gain":0.0,"max_hp_loss":0.0,"gold_gain":0.0,"event_name":"SensoryStone","player_choice":"Memory 1","floor":41.0,"gold_loss":0.0,"damage_taken":0.0}],"is_beta":false,"boss_relics":[{"not_picked":["Busted Crown","Ectoplasm"],"picked":"Coffee Dripper"},{"not_picked":["Velvet Choker","Cursed Key"],"picked":"Runic Pyramid"}],"items_purged_floors":[19,36],"is_endless":false,"potions_floor_spawned":[1,10,11,12,14,18,21,23,29,33,42,44,48],"ascension_level":7}}