{"host":"50qwps766cbz6ukm","time":1614071103,"event":{"mods":["BaseMod","Colored Map","Colored Powertips","DeckTracker","Highlight Path","Minty Spire (QoL Compilation)","Quick Restart","Remove Card Discount Mod","StSLib","SuperFastMode","Synergy Search"],"gold_per_floor":[113,131,306,256,162,195,121,133,157,1,1,1,12,22,22,121,121,131,131,131,143,242,242,242],"floor_reached":23,"language":"ENG","playtime":429,"items_purged":["Strike_P","Strike_P","Strike_P","Strike_P","Defend_P","Defend_P","Defend_P","Defend_P"],"score":321,"play_id":"0afcfd2a-deb4-444e-8397-75035b869134","local_time":"20210223110503","is_ascension_mode":true,"campfire_choices":[{"data":"Eruption","floor":11,"key":"SMITH"},{"data":"Adaptation","floor":15,"key":"SMITH"}],"circlet_count":0,"master_deck":["AscendersBane","Eruption+1","Vigilance","SandsOfTime","MentalFortress","LikeWater","Regret","Adaptation+1","Shame"],"relics":["PureWater","NeowsBlessing","Vajra","Toy Ornithopter","Akabeko","PreservedInsect","Cursed Key","Mango"],"acts_visited":["Exordium","TheCity"],"potions_floor_usage":[16,23,23],"damage_taken":[{"damage":0,"enemies":"Small Slimes","floor":1,"turns":1},{"damage":0,"enemies":"Jaw Worm","floor":2,"turns":1},{"damage":0,"enemies":"3 Sentries","floor":6,"turns":4},{"damage":0,"enemies":"2 Louse","floor":8,"turns":4},{"damage":19,"enemies":"Looter","floor":13,"turns":3},{"damage":4,"enemies":"Exordium Wildlife","floor":14,"turns":3},{"damage":44,"enemies":"The Guardian","floor":16,"turns":7},{"damage":27,"enemies":"Chosen","floor":18,"turns":3},{"damage":15,"enemies":"Spheric Guardian","floor":21,"turns":4},{"damage":21,"enemies":"Book of Stabbing","floor":23,"turns":2}],"seed_played":"1094052368450006010","potions_obtained":[{"floor":1,"key":"Strength Potion"},{"floor":6,"key":"Swift Potion"},{"floor":16,"key":"Dexterity Potion"},{"floor":18,"key":"Explosive Potion"}],"is_trial":false,"path_per_floor":["M","M","?","?","$","E","$","M","T","$","R","?","M","M","R","B",null,"M","?","?","M","?","E"],"character_chosen":"WATCHER","items_purchased":["MentalFortress","LikeWater","Akabeko"],"campfire_rested":0,"item_purchase_floors":[5,7,10],"current_hp_per_floor":[65,65,65,65,65,65,65,65,65,65,65,65,46,42,42,3,55,28,12,26,11,11,0,0],"gold":242,"neow_bonus":"THREE_ENEMY_KILL","is_daily":false,"chose_seed":false,"campfire_upgraded":2,"win_rate":0.0,"timestamp":1614071103,"path_taken":["M","M","?","?","?","E","?","M","T","$","R","?","M","?","R","BOSS","M","?","?","M","?","E"],"items_purchased_type":["Card","Card","Relic"],"build_version":"2020-12-22","purchased_purges":8,"victory":false,"max_hp_per_floor":[72,72,72,72,72,72,72,72,72,72,72,72,72,72,72,72,72,72,72,86,86,86,86,86],"card_choices":[{"not_picked":["Sanctity","Crescendo"],"picked":"SandsOfTime","floor":1},{"not_picked":["CarveReality","Fasting2","DeceiveReality"],"picked":"SKIP","floor":2},{"not_picked":["SpiritShield","CrushJoints","ThirdEye"],"picked":"SKIP","floor":6},{"not_picked":["Evaluate","Crescendo","Worship"],"picked":"SKIP","floor":8},{"not_picked":["PathToVictory","FearNoEvil"],"picked":"Adaptation","floor":13},{"not_picked":["SashWhip","FlyingSleeves","Pray"],"picked":"SKIP","floor":14},{"not_picked":["EmptyFist+1","JustLucky+1","Fasting2+1"],"picked":"SKIP","floor":18},{"not_picked":["WindmillStrike","FlyingSleeves+1","ClearTheMind"],"picked":"SKIP","floor":21}],"player_experience":603222,"relics_obtained":[{"floor":6,"key":"Vajra"},{"floor":9,"key":"Toy Ornithopter"}],"event_choices":[{"damage_healed":0,"gold_gain":175,"player_choice":"AGREE","damage_taken":0,"max_hp_gain":0,"max_hp_loss":0,"event_name":"Liars Game","floor":3,"gold_loss":0,"cards_obtained":["Doubt"]},{"cards_removed":["Doubt"],"damage_healed":0,"gold_gain":0,"player_choice":"Card Removal","damage_taken":0,"max_hp_gain":0,"max_hp_loss":0,"event_name":"The Cleric","floor":4,"gold_loss":50},{"damage_healed":0,"gold_gain":0,"player_choice":"Box","damage_taken":0,"relics_obtained":["PreservedInsect"],"max_hp_gain":0,"max_hp_loss":0,"event_name":"Big Fish","floor":12,"gold_loss":0,"cards_obtained":["Regret"]},{"damage_healed":0,"gold_gain":0,"player_choice":"Obtained Book","damage_taken":16,"max_hp_gain":0,"max_hp_loss":0,"event_name":"Cursed Tome","floor":19,"gold_loss":0},{"damage_healed":0,"gold_gain":0,"player_choice":"Stole Relic","damage_taken":0,"relics_obtained":["Mango"],"max_hp_gain":0,"max_hp_loss":0,"event_name":"Addict","floor":20,"gold_loss":0,"cards_obtained":["Shame"]},{"damage_healed":0,"gold_gain":99,"player_choice":"Stole From Cult","damage_taken":0,"max_hp_gain":0,"max_hp_loss":0,"event_name":"Nest","floor":22,"gold_loss":0}],"is_beta":false,"boss_relics":[{"not_picked":["Velvet Choker","Calling Bell"],"picked":"Cursed Key"}],"items_purged_floors":[5,5,5,5,5,5,5,5],"is_endless":false,"potions_floor_spawned":[1,6,16,18,21],"killed_by":"Book of Stabbing","ascension_level":10}}