{"host":"uceopoba4zvqsgiy","time":1614099175,"event":{"mods":["2.2 Compatiblity","Act Like it!","BaseMod","Better Skull","Better Third Choice","Elementarium","Evolution","GifTheSpireLib","Hermit","Humility","Infinite Spire","Jorbs\u0027s Wanderer Trilogy","Marked Mod","Minty Spire (QoL Compilation)","Potionbrewer","Reliquary","Replay The Spire","Robot Space Explorer","Shade Mod","Spicy Shops","StS++","StSLib","Stuff the Spire","The Blue Laboratory","The Caster","The Cursed","The Dragon Tamer","The Dragonkin","The Hierophant","The Judge","The Jungle","TheSurvivalist","Wandering Minibosses"],"gold_per_floor":[118,118,30,49,49,78,78,109,109,127,127,177,196,61,61,174,228,272,284,308,349,361,373,385,457,493,505,552,564,614,669,681,800,812,834,884,896,896],"floor_reached":37,"language":"ENG","playtime":2263,"items_purged":[],"score":831,"play_id":"4856cea7-87fb-47c6-8090-71bb5f68f1f7","local_time":"20210224032255","is_ascension_mode":true,"campfire_choices":[{"data":"infinitespire:DeathsTouch","floor":7.0,"key":"SMITH"},{"floor":11.0,"key":"REST"},{"data":"Replay:BasicMightCard","floor":15.0,"key":"SMITH"},{"floor":23.0,"key":"REST"},{"floor":27.0,"key":"REST"},{"floor":29.0,"key":"REST"},{"floor":32,"key":"REST"}],"circlet_count":0,"master_deck":["WordoMod:Retaliate","WordoMod:Retaliate+1","WordoMod:StrikeCard","WordoMod:StrikeCard+1","WordoMod:DefendCard","WordoMod:DefendCard","WordoMod:DefendCard","WordoMod:DefendCard","WordoMod:Accursed","WordoMod:IllWill","infinitespire:DeathsTouch+1","Amnesia","ReplayTheSpireMod:Doomed","Voices","Voices","WordoMod:BurnMyDread","Regret","StuffTheSpire:Harmony","Midas Touch","Replay:BasicMightCard+1","Panacea","WordoMod:MorbidFascination","theDragonkin:Suffering","StuffTheSpire:CelestialWarden","stsjorbsmod:Procrastination","StuffTheSpire:Ambrosia","ReplayTheSpireMod:Splinters","StuffTheSpire:Brawn","Voices","StuffTheSpire:CelestialWarden","WordoMod:Cataclysm","TheCursedMod:Dregs","StuffTheSpire:Rapture","WordoMod:Penitence+1","WordoMod:MaliceSoul","WordoMod:LanternFlame","WordoMod:Petrified","StuffTheSpire:Rapture","WordoMod:BreakChains","WordoMod:EndOfTheWorld","CommonCold","StuffTheSpire:Innocence","WordoMod:Unchained"],"relics":["WordoMod:Obsidian","WordoMod:Effigy","EVO:Axolotl","NeowsBlessing","reliquary:TridentHead","reliquary:WeakTea","CeramicFish","reliquary:Boomerang","Bag of Marbles","reliquary:SharkskinSheath","StuffTheSpire:Saxophone","ReplayTheSpireMod:ShopPack","Replay:Ancient Bell","MawBank","StuffTheSpire:SapphireSignet","StuffTheSpire:NeowsTribute","reliquary:BallBearing","Whetstone","Replay:Mystery Machine","SlaversCollar"],"acts_visited":["Exordium","TheCity","TheBeyond"],"potions_floor_usage":[36],"damage_taken":[{"damage":0.0,"enemies":"Jaw Worm","floor":1.0,"turns":1.0},{"damage":0.0,"enemies":"infinitespire:Voidling","floor":4.0,"turns":1.0},{"damage":0.0,"enemies":"3 Sentries","floor":6.0,"turns":1.0},{"damage":35.0,"enemies":"Lagavulin","floor":8.0,"turns":4.0},{"damage":0.0,"enemies":"Cultist","floor":10.0,"turns":1.0},{"damage":0.0,"enemies":"3 Sentries","floor":12.0,"turns":1.0},{"damage":0.0,"enemies":"3 Louse","floor":13.0,"turns":1.0},{"damage":4.0,"enemies":"Slime Boss","floor":16.0,"turns":2.0},{"damage":30.0,"enemies":"Spheric Guardian","floor":18.0,"turns":5.0},{"damage":23.0,"enemies":"2 Thieves","floor":20.0,"turns":3.0},{"damage":17.0,"enemies":"Snake Plant","floor":21.0,"turns":3.0},{"damage":27.0,"enemies":"Gremlin Leader","floor":25.0,"turns":5.0},{"damage":36.0,"enemies":"Slavers","floor":28.0,"turns":5.0},{"damage":14.0,"enemies":"Book of Stabbing","floor":30.0,"turns":4.0},{"damage":2,"enemies":"Cultist and Chosen","floor":31,"turns":2},{"damage":44,"enemies":"Champ","floor":33,"turns":10},{"damage":23,"enemies":"3 Darklings","floor":35,"turns":2},{"damage":33,"enemies":"Orb Walker","floor":36,"turns":4},{"damage":36,"enemies":"Spire Growth","floor":37,"turns":2}],"seed_played":"8551116265721506759","potions_obtained":[{"floor":4.0,"key":"SneckoOil"},{"floor":10.0,"key":"SteroidPotion"},{"floor":12.0,"key":"AttackPotion"},{"floor":18.0,"key":"LiquidBronze"},{"floor":19.0,"key":"blueLaboratory:RememoryPotion"},{"floor":19.0,"key":"potionbrewer:AcidPotion"},{"floor":19.0,"key":"PowerPotion"},{"floor":20.0,"key":"AttackPotion"},{"floor":25.0,"key":"Languid Potion"},{"floor":28.0,"key":"potionbrewer:NoxiousPotion"},{"floor":35,"key":"SkillPotion"}],"is_trial":false,"path_per_floor":["M","?","?","M","?","E","R","E","T","M","R","E","M","$","R","B",null,"M","?","M","M","$","R","$","E","T","R","E","R","E","M","R","B",null,"M","M","M"],"character_chosen":"JUDGE_CLASS","items_purchased":["StuffTheSpire:Saxophone","ReplayTheSpireMod:ShopPack"],"campfire_rested":5,"item_purchase_floors":[14,14],"current_hp_per_floor":[75,75,75,75,75,75,75,40,40,40,62,62,62,62,62,61,72,48,48,29,18,18,41,41,18,18,41,9,33,23,25,49,13,66,47,18,0,0],"gold":896,"neow_bonus":"THREE_ENEMY_KILL","is_daily":false,"chose_seed":false,"campfire_upgraded":2,"win_rate":0.0,"timestamp":1614099175,"path_taken":["M","?","?","?","?","E","R","E","T","M","R","E","M","$","R","BOSS","M","?","M","M","$","R","$","E","T","R","E","R","E","M","R","BOSS","M","M","?"],"items_purchased_type":["Relic","Relic"],"build_version":"2020-12-22","purchased_purges":0,"victory":false,"max_hp_per_floor":[75,75,75,75,75,75,75,75,75,75,75,75,75,75,75,75,75,76,76,77,78,78,78,78,79,79,79,80,80,81,82,82,83,83,84,85,86,86],"card_choices":[{"not_picked":["WordoMod:Taunt","WordoMod:BoundlessGreed","WordoMod:MementoMori"],"picked":"SKIP","floor":1.0},{"not_picked":["WordoMod:BadMemories","WordoMod:CurseBuckler","WordoMod:WipingAllOut"],"picked":"SKIP","floor":4.0},{"not_picked":["ReplayTheSpireMod:??????????????????????","infinitespire:Execution"],"picked":"infinitespire:DeathsTouch","floor":5.0},{"not_picked":["ReplayTheSpireMod:Doomed","CommonCold"],"picked":"Voices","floor":6.0},{"not_picked":["WordoMod:WillOWisp","WordoMod:Reading","WordoMod:BurdenOfSin"],"picked":"SKIP","floor":6.0},{"not_picked":["WordoMod:Sacrilege","WordoMod:WillOWisp","WordoMod:Behead"],"picked":"SKIP","floor":8.0},{"not_picked":["WordoMod:Repent","WordoMod:BoundlessGreed","WordoMod:BurdenOfSin"],"picked":"SKIP","floor":10.0},{"not_picked":["Languid","Clumsy"],"picked":"Voices","floor":12.0},{"not_picked":["WordoMod:BurnMyDread","WordoMod:ScatterAshes","WordoMod:FalseDiagnosis"],"picked":"SKIP","floor":12.0},{"not_picked":["WordoMod:ScatterAshes","WordoMod:FalseDiagnosis"],"picked":"WordoMod:BurnMyDread","floor":12.0},{"not_picked":["WordoMod:AfflictedWeapon","WordoMod:BreakChains","WordoMod:Vulgarity"],"picked":"SKIP","floor":13.0},{"not_picked":["ReplayUltimateDefense","ReplayTheSpireMod:Brewmster"],"picked":"Midas Touch","floor":14.0},{"not_picked":["StuffTheSpire:PlasmaPulse","Blind"],"picked":"Replay:BasicMightCard","floor":14.0},{"not_picked":["Discovery","Replay:Sssssssssshield"],"picked":"Panacea","floor":14.0},{"not_picked":["WordoMod:TheCure","WordoMod:MonkeysPaw"],"picked":"WordoMod:MorbidFascination","floor":16.0},{"not_picked":["TheCursedMod:Dregs","StuffTheSpire:GnomedCurse"],"picked":"theDragonkin:Suffering","floor":17.0},{"not_picked":["Parasite","ReplayTheSpireMod:IOU"],"picked":"stsjorbsmod:Procrastination","floor":17.0},{"not_picked":["Normality","AbeCurse"],"picked":"ReplayTheSpireMod:Splinters","floor":17.0},{"not_picked":["Languid","Doubt"],"picked":"Voices","floor":18.0},{"not_picked":["WordoMod:Retaliate","WordoMod:Malice","WordoMod:Vulgarity"],"picked":"SKIP","floor":18.0},{"not_picked":["WordoMod:FalseDiagnosis+1","WordoMod:BadMemories","WordoMod:MementoMori"],"picked":"SKIP","floor":20.0},{"not_picked":["WordoMod:ICurseThee","WordoMod:LanternFlame"],"picked":"WordoMod:Cataclysm","floor":21.0},{"not_picked":["WordoMod:Infected","Elementarium:StickyTar"],"picked":"TheCursedMod:Dregs","floor":25.0},{"not_picked":["WordoMod:BoundlessGreed","WordoMod:BurnMyDread"],"picked":"WordoMod:Penitence+1","floor":25.0},{"not_picked":["WordoMod:Hysteria","WordoMod:CurseBuckler"],"picked":"WordoMod:MaliceSoul","floor":28.0},{"not_picked":["WordoMod:ScatterAshes","WordoMod:MonkeysPaw"],"picked":"WordoMod:LanternFlame","floor":30},{"not_picked":["ReplayTheSpireMod:Faulty Equipment","Replay:Hysterical Blindness"],"picked":"WordoMod:Petrified","floor":31},{"not_picked":["WordoMod:WillOWisp+1","WordoMod:SacRite"],"picked":"WordoMod:BreakChains","floor":31},{"not_picked":["WordoMod:ConjureTheDamned","WordoMod:Miasma"],"picked":"WordoMod:EndOfTheWorld","floor":33},{"not_picked":["WordoMod:Vulgarity+1","WordoMod:ThornedFist+1","WordoMod:LanternFlame+1"],"picked":"SKIP","floor":35},{"not_picked":["ReplayTheSpireMod:IOU","Doubt"],"picked":"CommonCold","floor":36},{"not_picked":["WordoMod:BoundlessGreed","WordoMod:Spite"],"picked":"WordoMod:Unchained","floor":36}],"player_experience":1868759,"relics_obtained":[{"floor":2.0,"key":"reliquary:TridentHead"},{"floor":6.0,"key":"CeramicFish"},{"floor":8.0,"key":"reliquary:Boomerang"},{"floor":9.0,"key":"Bag of Marbles"},{"floor":12.0,"key":"reliquary:SharkskinSheath"},{"floor":25.0,"key":"reliquary:BallBearing"},{"floor":26.0,"key":"Whetstone"},{"floor":28.0,"key":"Replay:Mystery Machine"}],"event_choices":[{"damage_healed":0.0,"max_hp_gain":0.0,"max_hp_loss":0.0,"gold_gain":0.0,"event_name":"WeMeetAgain","player_choice":"Paid Gold","floor":3.0,"gold_loss":88.0,"damage_taken":0.0,"relics_obtained":["reliquary:WeakTea"]},{"damage_healed":0.0,"max_hp_gain":0.0,"max_hp_loss":0.0,"gold_gain":0.0,"event_name":"Lab","player_choice":"Got Potions","floor":19.0,"gold_loss":0.0,"damage_taken":0.0}],"is_beta":false,"boss_relics":[{"not_picked":["Snecko Heart","Coffee Dripper"],"picked":"Replay:Ancient Bell"},{"not_picked":["Art of War","potionbrewer:Torch"],"picked":"MawBank"},{"not_picked":["ReplayTheSpireMod:Shallot","potionbrewer:WarMedal"],"picked":"StuffTheSpire:SapphireSignet"},{"not_picked":["CaptainsWheel","infinitespire:Lychee Nut"],"picked":"StuffTheSpire:NeowsTribute"},{"not_picked":["Replay:Wanted Poster","Kintsugi"],"picked":"SlaversCollar"}],"items_purged_floors":[],"is_endless":false,"potions_floor_spawned":[4,10,12,18,20,25,28,35],"killed_by":"Spire Growth","ascension_level":5,"is_humility":true}}