{"host":"1a8lb11wemezctea","time":1614038816,"event":{"mods":["BaseMod","Colored Powertips","Highlight Path","Minty Spire (QoL Compilation)"],"gold_per_floor":[111,126,126,137,156,183,195,227,227,242,242,253,286,341,341,444,444,464,564,227,26,26,56,56,88,88,100,119,7,22,41,41,139,139,154,154,499,517,240,240,257,268,268,268,268,295,295,295,295,295,295,295,0,31,31],"floor_reached":56,"language":"ENG","playtime":3136,"items_purged":["Strike_R","Strike_R","Shame","Regret"],"score":1759,"play_id":"332bc222-cd3c-4ad8-bdb4-045dc9a180dd","local_time":"20210222190656","is_ascension_mode":true,"campfire_choices":[{"data":"Inflame","floor":11,"key":"SMITH"},{"data":"Heavy Blade","floor":15,"key":"SMITH"},{"data":"Body Slam","floor":24,"key":"SMITH"},{"data":"Whirlwind","floor":32,"key":"SMITH"},{"floor":40,"key":"RECALL"},{"floor":44,"key":"REST"},{"floor":49,"key":"REST"},{"floor":52,"key":"REST"}],"circlet_count":0,"master_deck":["AscendersBane","Strike_R","Strike_R","Strike_R","Defend_R","Defend_R","Defend_R","Defend_R","Bash+1","Battle Trance","Wild Strike","Shrug It Off","Headbutt","Inflame+1","Ghostly Armor","Thunderclap","Shrug It Off+1","Spot Weakness+1","Heavy Blade+1","Reaper","Armaments+1","Ghostly Armor+1","Metallicize","Inflame","Body Slam+1","Parasite","Body Slam","Clothesline","Bloodletting+1","Whirlwind+1","Rage+1","Demon Form","Twin Strike+1","Feel No Pain","Burning Pact+1","Fiend Fire","Mind Blast","Uppercut+1","True Grit+1"],"relics":["Burning Blood","Boot","CaptainsWheel","Toxic Egg 2","Pen Nib","Self Forming Clay","Cursed Key","OrangePellets","Mummified Hand","Lantern","Bird Faced Urn","Gambling Chip","Fusion Hammer","Old Coin","Orrery","Toy Ornithopter","White Beast Statue"],"acts_visited":["Exordium","TheCity","TheBeyond","TheEnding"],"potions_floor_usage":[6,6,6,8,13,16,23,28,28,35,41,48,54,55,55],"damage_taken":[{"damage":7,"enemies":"Jaw Worm","floor":1,"turns":4},{"damage":1,"enemies":"Cultist","floor":2,"turns":4},{"damage":0,"enemies":"Small Slimes","floor":4,"turns":2},{"damage":11,"enemies":"Exordium Thugs","floor":5,"turns":4},{"damage":28,"enemies":"Lagavulin","floor":6,"turns":4},{"damage":12,"enemies":"Exordium Wildlife","floor":7,"turns":3},{"damage":32,"enemies":"Gremlin Nob","floor":8,"turns":4},{"damage":0,"enemies":"Blue Slaver","floor":10,"turns":4},{"damage":2,"enemies":"Large Slime","floor":12,"turns":5},{"damage":2,"enemies":"Lagavulin","floor":13,"turns":5},{"damage":11,"enemies":"Lagavulin Event","floor":14,"turns":5},{"damage":32,"enemies":"Slime Boss","floor":16,"turns":11},{"damage":1,"enemies":"Shell Parasite","floor":18,"turns":3},{"damage":26,"enemies":"Slavers","floor":23,"turns":3},{"damage":2,"enemies":"Book of Stabbing","floor":25,"turns":3},{"damage":19,"enemies":"3 Byrds","floor":27,"turns":5},{"damage":7,"enemies":"Cultist and Chosen","floor":28,"turns":6},{"damage":0,"enemies":"Centurion and Healer","floor":30,"turns":5},{"damage":0,"enemies":"Snecko","floor":31,"turns":4},{"damage":54,"enemies":"Automaton","floor":33,"turns":10},{"damage":12,"enemies":"3 Darklings","floor":35,"turns":6},{"damage":9,"enemies":"2 Orb Walkers","floor":37,"turns":4},{"damage":11,"enemies":"3 Shapes","floor":38,"turns":4},{"damage":12,"enemies":"Maw","floor":41,"turns":5},{"damage":2,"enemies":"Spire Growth","floor":42,"turns":4},{"damage":30,"enemies":"Nemesis","floor":46,"turns":5},{"damage":0,"enemies":"Sphere and 2 Shapes","floor":48,"turns":1},{"damage":49,"enemies":"Time Eater","floor":50,"turns":10},{"damage":59,"enemies":"Shield and Spear","floor":54,"turns":10},{"damage":95,"enemies":"The Heart","floor":55,"turns":9}],"seed_played":"-5563984110020253160","potions_obtained":[{"floor":2,"key":"BlessingOfTheForge"},{"floor":3,"key":"CultistPotion"},{"floor":3,"key":"Block Potion"},{"floor":7,"key":"DuplicationPotion"},{"floor":10,"key":"SteroidPotion"},{"floor":13,"key":"Fruit Juice"},{"floor":18,"key":"Dexterity Potion"},{"floor":25,"key":"DistilledChaos"},{"floor":27,"key":"GamblersBrew"},{"floor":33,"key":"Strength Potion"},{"floor":35,"key":"Swift Potion"},{"floor":42,"key":"SmokeBomb"},{"floor":54,"key":"FearPotion"}],"is_trial":false,"path_per_floor":["M","M","?","M","M","E","M","E","T","M","R","M","E","?","R","B",null,"M","?","$","$","T","E","R","E","T","M","M","$","M","M","R","B",null,"M","?","?","M","$","R","M","M","T","R","?","E","?","M","R","B",null,"R","$","E","B",null],"character_chosen":"IRONCLAD","items_purchased":["Ghostly Armor+1","Metallicize","OrangePellets","Inflame","Body Slam","Bloodletting+1","Whirlwind","Orrery","PowerPotion","Block Potion","True Grit+1"],"campfire_rested":3,"item_purchase_floors":[20,20,20,21,21,29,29,39,53,53,53],"current_hp_per_floor":[71,76,76,80,75,53,47,21,21,27,27,31,35,30,30,12,69,74,74,74,74,74,72,72,76,76,84,94,94,98,98,98,56,88,93,93,100,96,96,96,98,101,101,101,96,78,78,89,96,63,88,96,96,72,26],"gold":31,"neow_bonus":"UPGRADE_CARD","is_daily":false,"chose_seed":false,"campfire_upgraded":4,"win_rate":0.0,"timestamp":1614038816,"path_taken":["M","M","?","?","?","E","M","E","T","M","R","M","E","?","R","BOSS","M","?","?","$","?","E","R","E","T","?","M","$","M","M","R","BOSS","M","?","?","M","$","R","M","M","T","R","?","E","?","M","R","BOSS","R","$","E","BOSS"],"items_purchased_type":["Card","Card","Relic","Card","Card","Card","Card","Relic","Potion","Potion","Card"],"build_version":"2020-12-22","purchased_purges":4,"victory":true,"max_hp_per_floor":[80,80,80,80,80,80,80,80,80,80,80,80,80,80,80,88,88,88,88,88,88,88,92,92,92,92,95,95,95,98,98,98,98,98,101,101,101,101,101,101,101,101,101,101,101,101,96,96,96,96,96,96,96,96,96],"card_choices":[{"not_picked":["Heavy Blade","Twin Strike"],"picked":"Battle Trance","floor":1},{"not_picked":["Carnage","Battle Trance"],"picked":"Wild Strike","floor":2},{"not_picked":["Warcry","Wild Strike"],"picked":"Shrug It Off","floor":4},{"not_picked":["Rampage","Dark Embrace"],"picked":"Headbutt","floor":5},{"not_picked":["Carnage","Pummel"],"picked":"Inflame","floor":6},{"not_picked":["Exhume","Twin Strike"],"picked":"Ghostly Armor","floor":7},{"not_picked":["Anger","Headbutt"],"picked":"Thunderclap","floor":8},{"not_picked":["Cleave","Anger"],"picked":"Shrug It Off+1","floor":10},{"not_picked":["Clash","Havoc+1"],"picked":"Spot Weakness+1","floor":12},{"not_picked":["Cleave","Anger"],"picked":"Feed","floor":13},{"not_picked":["Entrench+1","Thunderclap"],"picked":"Heavy Blade","floor":14},{"not_picked":["Double Tap+1","Immolate"],"picked":"Reaper","floor":16},{"not_picked":["Rampage","Sword Boomerang+1"],"picked":"Armaments+1","floor":18},{"not_picked":["Sword Boomerang","Wild Strike","Inflame+1"],"picked":"SKIP","floor":23},{"not_picked":["Heavy Blade","Clothesline"],"picked":"Body Slam","floor":25},{"not_picked":["Pommel Strike","Demon Form"],"picked":"Clothesline","floor":27},{"not_picked":["Clothesline","Intimidate+1","Rupture"],"picked":"SKIP","floor":28},{"not_picked":["Twin Strike","Perfected Strike"],"picked":"Rage+1","floor":30},{"not_picked":["Second Wind+1","Searing Blow+1","Cleave"],"picked":"SKIP","floor":31},{"not_picked":["Feed","Bludgeon"],"picked":"Demon Form","floor":33},{"not_picked":["Clothesline","Heavy Blade","Cleave+1"],"picked":"SKIP","floor":35},{"not_picked":["Heavy Blade+1","Perfected Strike+1"],"picked":"Twin Strike+1","floor":37},{"not_picked":["Wild Strike+1","Ghostly Armor+1","Thunderclap"],"picked":"SKIP","floor":38},{"not_picked":["Blood for Blood","Inflame"],"picked":"Feel No Pain","floor":39},{"not_picked":["Heavy Blade","Thunderclap+1"],"picked":"Burning Pact+1","floor":39},{"not_picked":["Blood for Blood","Wild Strike+1"],"picked":"Fiend Fire","floor":39},{"not_picked":["Second Wind+1","Bloodletting+1","Rampage"],"picked":"SKIP","floor":41},{"not_picked":["Combust","Blood for Blood+1","Clash"],"picked":"SKIP","floor":42},{"not_picked":["Bandage Up+1","Forethought+1"],"picked":"Mind Blast","floor":45},{"not_picked":["Shrug It Off+1","Flame Barrier+1"],"picked":"Uppercut+1","floor":46},{"not_picked":["Havoc+1","True Grit+1","Pommel Strike"],"picked":"SKIP","floor":54}],"player_experience":304842,"relics_obtained":[{"floor":6,"key":"Boot"},{"floor":8,"key":"CaptainsWheel"},{"floor":9,"key":"Toxic Egg 2"},{"floor":13,"key":"Pen Nib"},{"floor":22,"key":"Mummified Hand"},{"floor":23,"key":"Lantern"},{"floor":25,"key":"Bird Faced Urn"},{"floor":26,"key":"Gambling Chip"},{"floor":37,"key":"Old Coin"},{"floor":46,"key":"Toy Ornithopter"},{"floor":54,"key":"White Beast Statue"}],"event_choices":[{"damage_healed":0,"gold_gain":0,"player_choice":"Got Potions","damage_taken":0,"max_hp_gain":0,"max_hp_loss":0,"event_name":"Lab","floor":3,"gold_loss":0},{"damage_healed":0,"gold_gain":30,"player_choice":"Searched \u00273\u0027 times","damage_taken":0,"relics_obtained":["Self Forming Clay"],"max_hp_gain":0,"max_hp_loss":0,"event_name":"Dead Adventurer","floor":14,"gold_loss":0},{"damage_healed":0,"gold_gain":100,"player_choice":"Pray","damage_taken":0,"max_hp_gain":0,"max_hp_loss":0,"event_name":"Golden Shrine","floor":19,"gold_loss":0},{"cards_removed":["Feed"],"damage_healed":0,"gold_gain":0,"player_choice":"Removed Attack","damage_taken":0,"max_hp_gain":0,"max_hp_loss":0,"event_name":"Falling","floor":36,"gold_loss":0},{"damage_healed":0,"gold_gain":0,"player_choice":"Fight","damage_taken":0,"max_hp_gain":0,"max_hp_loss":0,"event_name":"Mysterious Sphere","floor":37,"gold_loss":0},{"damage_healed":0,"gold_gain":0,"player_choice":"Memory 2","damage_taken":5,"max_hp_gain":0,"max_hp_loss":0,"event_name":"SensoryStone","floor":45,"gold_loss":0},{"damage_healed":0,"gold_gain":0,"player_choice":"Max HP","damage_taken":0,"max_hp_gain":0,"max_hp_loss":5,"event_name":"Winding Halls","floor":47,"gold_loss":0}],"is_beta":false,"boss_relics":[{"not_picked":["Black Blood","Tiny House"],"picked":"Cursed Key"},{"not_picked":["SacredBark","Runic Cube"],"picked":"Fusion Hammer"}],"items_purged_floors":[20,21,39,53],"is_endless":false,"potions_floor_spawned":[2,5,7,10,13,18,25,27,33,35,42,54],"ascension_level":10}}