{"host":"753jg11gsdjxrsmd","time":1614042044,"event":{"mods":["BaseMod","Better Third Choice","BetterRewards","Colored Map","Colored Powertips","Highlight Path","Hubris","Minty Spire (QoL Compilation)","Replay The Spire","StSLib","The Blue Laboratory"],"gold_per_floor":[119,138,213,232,232,260,279,279,279,291,291,303,268,282,282,378,378,388,377,377,446,496,496,530,530,530,530,580,642,656,688,688,688,688],"floor_reached":33,"language":"ENG","playtime":2209,"items_purged":[],"score":289,"play_id":"43aa84c1-030e-4a88-a584-d6dc631197a5","local_time":"20210222190044","is_ascension_mode":false,"campfire_choices":[{"data":"Malaise","floor":8,"key":"SMITH"},{"data":"Distraction","floor":15,"key":"SMITH"},{"data":"Secret Weapon","floor":23,"key":"SMITH"},{"data":"Backflip","floor":25,"key":"SMITH"},{"floor":27,"key":"REST"},{"data":"Footwork","floor":32,"key":"SMITH"}],"circlet_count":0,"master_deck":["Strike_G","Strike_G+1","Strike_G","Strike_G","Strike_G","Defend_G","Defend_G","Defend_G","Defend_G","Defend_G","Survivor","Neutralize+1","Secret Weapon+1","Backflip+1","Poisoned Stab","Backstab","Malaise+1","Footwork+1","PiercingWail","Distraction+1","Bullet Time","Skewer+1","Sucker Punch","hubris:NaturalOne","Dagger Spray+1","Quick Slash+1","Footwork+1","A Thousand Cuts","Envenom"],"relics":["Ring of the Snake","Counterbalance","hubris:Stopwatch","hubris:Icosahedron","Whetstone","Turnip","Sozu","SsserpentHead","Matryoshka","Replay:Rubber Ducky","Bottled Tornado","hubris:PeanutButter"],"acts_visited":["Exordium","TheCity"],"potions_floor_usage":[14,16,16],"damage_taken":[{"damage":2,"enemies":"Small Slimes","floor":1,"turns":5},{"damage":1,"enemies":"2 Louse","floor":2,"turns":3},{"damage":1,"enemies":"Cultist","floor":4,"turns":4},{"damage":5,"enemies":"Replay:BlueRogue","floor":6,"turns":8},{"damage":4,"enemies":"3 Louse","floor":7,"turns":5},{"damage":7,"enemies":"Red Slaver","floor":10,"turns":5},{"damage":7,"enemies":"Lots of Slimes","floor":12,"turns":3},{"damage":1,"enemies":"Large Slime","floor":14,"turns":6},{"damage":76,"enemies":"Fading Forest","floor":16,"turns":11},{"damage":0,"enemies":"3 Byrds","floor":18,"turns":10},{"damage":12,"enemies":"2 Thieves","floor":19,"turns":4},{"damage":7,"enemies":"Snecko","floor":21,"turns":8},{"damage":26,"enemies":"Slavers","floor":24,"turns":8},{"damage":11,"enemies":"Shelled Parasite and Fungi","floor":29,"turns":8},{"damage":0,"enemies":"Centurion and Healer","floor":30,"turns":8},{"damage":2,"enemies":"Gremlin Leader","floor":31,"turns":9},{"damage":39,"enemies":"hubris:MusketHawk","floor":33,"turns":11}],"seed_played":"-4847420775679270631","potions_obtained":[{"floor":4,"key":"CunningPotion"},{"floor":6,"key":"SteroidPotion"},{"floor":10,"key":"Block Potion"}],"is_trial":false,"path_per_floor":["M","M","?","M","?","E","M","R","T","M","?","M","?","M","R","B",null,"M","M","?","M","?","R","E","R","T","R","?","M","M","E","R","B"],"character_chosen":"THE_SILENT","items_purchased":["Counterbalance"],"campfire_rested":1,"item_purchase_floors":[0],"current_hp_per_floor":[68,67,56,55,55,50,66,66,66,59,59,52,69,68,68,2,70,70,58,58,51,51,51,25,25,25,46,46,35,35,33,33,0,0],"gold":688,"neow_bonus":"","is_daily":false,"chose_seed":false,"campfire_upgraded":5,"win_rate":0.0,"timestamp":1614042044,"path_taken":["M","M","?","M","?","E","M","R","T","M","?","M","?","M","R","BOSS","M","M","?","?","?","R","E","R","T","R","?","?","M","E","R","BOSS"],"items_purchased_type":["Relic"],"build_version":"2020-12-22","purchased_purges":0,"victory":false,"max_hp_per_floor":[70,70,70,70,70,70,70,70,70,70,70,70,70,70,70,70,70,70,70,70,70,70,70,70,70,70,70,70,70,70,70,70,70,70],"card_choices":[{"not_picked":["Underhanded Strike","Prepared"],"picked":"Backflip","floor":1},{"not_picked":["Setup","Choke"],"picked":"Poisoned Stab","floor":2},{"not_picked":["Poisoned Stab","Dagger Throw"],"picked":"Backstab","floor":4},{"not_picked":["Cloak And Dagger","Leg Sweep"],"picked":"Malaise","floor":6},{"not_picked":["Dagger Spray","Riddle With Holes"],"picked":"Footwork","floor":7},{"not_picked":["hubris:SlightOfHand","Endless Agony","Deadly Poison"],"picked":"SKIP","floor":10},{"not_picked":["Riddle With Holes","Backflip"],"picked":"PiercingWail","floor":12},{"not_picked":["Predator","hubris:Sniper"],"picked":"Distraction","floor":14},{"not_picked":["Unload","Storm of Steel"],"picked":"Bullet Time","floor":16},{"not_picked":["ReplayTheSpireMod:The Works","Dagger Throw"],"picked":"Skewer","floor":18},{"not_picked":["PiercingWail","Dagger Throw"],"picked":"Sucker Punch","floor":19},{"not_picked":["ReplayTheSpireMod:The Works+1","Acrobatics"],"picked":"Dagger Spray+1","floor":21},{"not_picked":["Slice+1","Bane"],"picked":"Quick Slash+1","floor":24},{"not_picked":["Accuracy","Heel Hook"],"picked":"Footwork","floor":29},{"not_picked":["Deflect","hubris:SlightOfHand"],"picked":"A Thousand Cuts","floor":30},{"not_picked":["Hidden Blade","Underhanded Strike+1"],"picked":"Envenom","floor":31}],"player_experience":386347,"relics_obtained":[{"floor":6,"key":"Whetstone"},{"floor":9,"key":"Turnip"},{"floor":24,"key":"Matryoshka"},{"floor":26,"key":"Replay:Rubber Ducky"},{"floor":26,"key":"Bottled Tornado"},{"floor":31,"key":"hubris:PeanutButter"}],"event_choices":[{"damage_healed":0,"gold_gain":75,"player_choice":"Gold","damage_taken":11,"max_hp_gain":0,"max_hp_loss":0,"event_name":"betterThird:BetterGoop","floor":3,"gold_loss":0},{"damage_healed":0,"gold_gain":0,"player_choice":"Grow","damage_taken":0,"max_hp_gain":0,"max_hp_loss":0,"event_name":"Living Wall","floor":11,"gold_loss":0,"cards_upgraded":["Footwork"]},{"damage_healed":17,"gold_gain":0,"player_choice":"Healed","damage_taken":0,"max_hp_gain":0,"max_hp_loss":0,"event_name":"The Cleric","floor":13,"gold_loss":35},{"damage_healed":0,"gold_gain":0,"player_choice":"Trade","damage_taken":0,"relics_obtained":["SsserpentHead"],"max_hp_gain":0,"max_hp_loss":0,"event_name":"FaceTrader","floor":20,"gold_loss":0},{"cards_removed":["hubris:NaturalOne","Hallucinations"],"damage_healed":0,"gold_gain":0,"player_choice":"Removed Curses","damage_taken":0,"max_hp_gain":0,"max_hp_loss":0,"event_name":"Fountain of Cleansing","floor":28,"gold_loss":0}],"is_beta":false,"boss_relics":[{"not_picked":["Coffee Dripper","Replay:Drink Me"],"picked":"Sozu"}],"items_purged_floors":[],"is_endless":false,"potions_floor_spawned":[4,6,10,12,21,29,31],"killed_by":"hubris:MusketHawk","ascension_level":0}}