{"host":"jfbo3eu2ui08ej1u","time":1614121676,"event":{"mods":["2.2 Compatiblity","AchievementEnabler","Act Like it!","Aspiration","BaseMod","Better Altar","Better Match","Better Note","Better Sensory Stone","Better Skull","Better Third Choice","Block Reminder","Colored Map","Colored Powertips","Conspire","DeckTracker","Displayed Cursed Tome","Energized Spire","Fox Events","GifTheSpireLib","Hermit","Hubris","Infinite Spire","Marked Mod","Minty Spire (QoL Compilation)","Monster B Gone","Pale of the Ancients","Poor People Problems","Quick Restart","Relic Filter","Reliquary","Reorder Act Four","Replay The Spire","Shop Mod","Spicy Shops","Spire Arcade","StSLib","Stuff the Spire","The Blue Laboratory","The Disciple","The Forsaken","The Hierophant","The Marked","Uncapped","Unceasing Turn Reminder","Wandering Minibosses"],"gold_per_floor":[117,117,127,144,160,195,207,207,234,509,509,529,20,51,51,126,126,145,95,95,111,111,111,2,2,2],"floor_reached":25,"language":"ENG","playtime":923,"items_purged":["Regret"],"score":422,"play_id":"d2c3ff0a-d1f9-4cc2-a346-fbdc23b948ea","local_time":"20210223180756","is_ascension_mode":true,"campfire_choices":[{"floor":8.0,"key":"REST"},{"data":"Wallop","floor":11.0,"key":"SMITH"},{"data":"Vault","floor":15.0,"key":"SMITH"},{"floor":23.0,"key":"REST"}],"circlet_count":0,"master_deck":["AscendersBane","Strike_P","Strike_P","Strike_P","Defend_P","Defend_P+1","Defend_P","Defend_P","Eruption","Vigilance+1","WheelKick","FollowUp","Conclude","Adaptation","LikeWater","Wallop+1","LikeWater","FollowUp","ReplayTheSpireMod:Brewmster","Vault+1","Replay:AllIn","DeceiveReality","TalkToTheHand","Protect","Crescendo"],"relics":["HolyWater","theForsaken:Lifeblossom","Replay:Purple Gloves","War Paint","reliquary:Boomerang","Anchor","GoldenEye","hubris:Potato"],"acts_visited":["Exordium","TheCity"],"potions_floor_usage":[25],"damage_taken":[{"damage":2.0,"enemies":"Small Slimes","floor":1.0,"turns":5.0},{"damage":0.0,"enemies":"Cultist","floor":3.0,"turns":3.0},{"damage":10.0,"enemies":"infinitespire:Voidling","floor":4.0,"turns":6.0},{"damage":13.0,"enemies":"Large Slime","floor":5.0,"turns":3.0},{"damage":37.0,"enemies":"3 Sentries","floor":6.0,"turns":9.0},{"damage":15.0,"enemies":"Lots of Slimes","floor":7.0,"turns":4.0},{"damage":2.0,"enemies":"2 Fungi Beasts","floor":12.0,"turns":2.0},{"damage":9.0,"enemies":"Gremlin Nob","floor":14.0,"turns":4.0},{"damage":44.0,"enemies":"The Guardian","floor":16.0,"turns":17.0},{"damage":33.0,"enemies":"conspire:FuzzyDice","floor":18.0,"turns":6.0},{"damage":0.0,"enemies":"2 Thieves","floor":21.0,"turns":3.0},{"damage":86,"enemies":"conspire:SneckoGhost","floor":25,"turns":7}],"seed_played":"-2412155781567871514","potions_obtained":[{"floor":3.0,"key":"Adrenaline Potion"},{"floor":5.0,"key":"Regen Potion"},{"floor":7.0,"key":"blueLaboratory:StoneskinPotion"},{"floor":21.0,"key":"Languid Potion"}],"is_trial":false,"path_per_floor":["M","?","M","M","M","E","M","R","T","?","R","M","$","E","R","B",null,"M","?","AVR","M","$","R","$","E"],"character_chosen":"WATCHER","items_purchased":["FollowUp","ReplayTheSpireMod:Brewmster","reliquary:Boomerang","Anchor","Protect","Crescendo"],"campfire_rested":2,"item_purchase_floors":[13,13,13,13,24,24],"current_hp_per_floor":[59,41,46,42,34,33,24,44,44,44,44,45,45,42,42,4,52,25,25,25,30,30,50,50,0,0],"gold":2,"neow_bonus":"TRANSFORM_CARD","is_daily":false,"chose_seed":false,"campfire_upgraded":2,"win_rate":0.0,"timestamp":1614121676,"path_taken":["M","?","?","M","?","E","M","R","T","?","R","?","$","E","R","BOSS","M","?","AVR","M","?","R","$","E"],"items_purchased_type":["Card","Card","Relic","Relic","Card","Card"],"build_version":"2020-12-22","purchased_purges":1,"victory":false,"max_hp_per_floor":[68,68,68,68,68,68,68,68,68,68,68,68,68,68,68,68,68,68,68,68,68,68,68,68,68,68],"card_choices":[{"not_picked":["Replay:BluntJabs","Sanctity"],"picked":"FollowUp","floor":1.0},{"not_picked":["Prostrate","JustLucky"],"picked":"Conclude","floor":3.0},{"not_picked":["Tantrum","ClearTheMind"],"picked":"Adaptation","floor":4.0},{"not_picked":["Sanctity","EmptyFist"],"picked":"LikeWater","floor":5.0},{"not_picked":["ThirdEye","Wireheading"],"picked":"Wallop","floor":6.0},{"not_picked":["CutThroughFate","Evaluate"],"picked":"LikeWater","floor":7.0},{"not_picked":["MarkedMod:PinPointDefense","Replay:AtTheReady","JustLucky"],"picked":"SKIP","floor":12.0},{"not_picked":["MarkedMod:Acupuncture","Sanctity"],"picked":"Vault","floor":14.0},{"not_picked":["Establishment","Vault"],"picked":"Replay:AllIn","floor":16.0},{"not_picked":["Replay:BluntJabs","Evaluate"],"picked":"DeceiveReality","floor":18.0},{"not_picked":["ForeignInfluence","Prostrate+1"],"picked":"TalkToTheHand","floor":21.0}],"player_experience":1366329,"relics_obtained":[{"floor":6.0,"key":"Replay:Purple Gloves"},{"floor":9.0,"key":"War Paint"},{"floor":14.0,"key":"GoldenEye"}],"event_choices":[{"damage_healed":0.0,"max_hp_gain":0.0,"max_hp_loss":0.0,"gold_gain":0.0,"event_name":"betterSkull:BetterSkull","player_choice":"RE ","floor":2.0,"gold_loss":0.0,"damage_taken":20.0,"cards_upgraded":[],"relics_obtained":["theForsaken:Lifeblossom"]},{"damage_healed":0.0,"max_hp_gain":0.0,"max_hp_loss":0.0,"gold_gain":275.0,"event_name":"Golden Shrine","player_choice":"Desecrate","floor":10.0,"gold_loss":0.0,"damage_taken":0.0,"cards_obtained":["Regret"]},{"damage_healed":0.0,"max_hp_gain":0.0,"max_hp_loss":0.0,"gold_gain":0.0,"event_name":"The Joust","player_choice":"Bet on Murderer","floor":19.0,"gold_loss":50.0,"damage_taken":0.0}],"is_beta":false,"boss_relics":[{"not_picked":["SlaversCollar","energizedSpire:HugeHouse"],"picked":"HolyWater"}],"items_purged_floors":[20],"is_endless":false,"potions_floor_spawned":[3,5,7,21],"killed_by":"conspire:SneckoGhost","ascension_level":20}}