{"host":"r3islh0l1a1ykxfu","time":1614094471,"event":{"mods":["BaseMod","Bestiary","Colored Map","Colored Powertips","Highlight Path","Minty Spire (QoL Compilation)","Relic Stats","Slay-I","StSLib","Weighted Paths"],"gold_per_floor":[215,315,170,189,207,207,238,238,265,312,344,368,18,18,18,113,113,128,147,147,165,165,165,178,178,178,178,178,178,505,212,212,313,313,326,326,326,180,230,230,230,80,80,94,94,122,135,155,155,155],"floor_reached":51,"language":"ENG","playtime":4703,"items_purged":["Strike_B","Defend_B","Writhe","Defend_B"],"score":791,"play_id":"bad7b7e7-18e1-470e-b72a-96238db2e73c","local_time":"20210223093431","is_ascension_mode":true,"campfire_choices":[{"data":"Streamline","floor":6.0,"key":"SMITH"},{"data":"Zap","floor":8.0,"key":"SMITH"},{"data":"Hologram","floor":15.0,"key":"SMITH"},{"data":"Bite","floor":23.0,"key":"SMITH"},{"floor":27.0,"key":"REST"},{"data":"Hologram","floor":29.0,"key":"SMITH"},{"data":"Metamorphosis","floor":32.0,"key":"SMITH"},{"data":"Scrape","floor":40.0,"key":"SMITH"},{"data":"Electrodynamics","floor":45.0,"key":"SMITH"},{"floor":49.0,"key":"REST"}],"circlet_count":0,"master_deck":["Defend_B","Defend_B","Zap+1","Dualcast","Rebound","Steam","Beam Cell","Leap","Streamline+1","Conserve Battery","Conserve Battery","Melter","Hologram+1","Self Repair","Electrodynamics+1","Streamline+1","Self Repair","Ball Lightning","Ball Lightning+1","Bite+1","Bite","Bite","Bite","Bite","Hologram+1","Metamorphosis+1","Seek","Scrape+1","Flash of Steel","Leap+1","Lockon+1"],"relics":["Cracked Core","Centennial Puzzle","MawBank","Prayer Wheel","Gremlin Horn","SlaversCollar","Singing Bowl","Kunai","Incense Burner","Old Coin","Philosopher\u0027s Stone","Orrery","Ice Cream","Sundial","Bottled Tornado"],"acts_visited":["Exordium","TheCity","TheBeyond"],"potions_floor_usage":[50,50,50],"damage_taken":[{"damage":7.0,"enemies":"Jaw Worm","floor":1.0,"turns":3.0},{"damage":0.0,"enemies":"Cultist","floor":4.0,"turns":2.0},{"damage":0.0,"enemies":"Small Slimes","floor":5.0,"turns":2.0},{"damage":11.0,"enemies":"Lagavulin","floor":7.0,"turns":7.0},{"damage":11.0,"enemies":"Gremlin Nob","floor":10.0,"turns":3.0},{"damage":6.0,"enemies":"Blue Slaver","floor":11.0,"turns":3.0},{"damage":0.0,"enemies":"3 Louse","floor":12.0,"turns":3.0},{"damage":10.0,"enemies":"Hexaghost","floor":16.0,"turns":9.0},{"damage":17.0,"enemies":"Shell Parasite","floor":18.0,"turns":6.0},{"damage":28.0,"enemies":"2 Thieves","floor":19.0,"turns":3.0},{"damage":6.0,"enemies":"Cultist and Chosen","floor":21.0,"turns":3.0},{"damage":18.0,"enemies":"Snake Plant","floor":24.0,"turns":2.0},{"damage":39.0,"enemies":"Gremlin Leader","floor":30.0,"turns":6.0},{"damage":56.0,"enemies":"Collector","floor":33.0,"turns":9.0},{"damage":17.0,"enemies":"Orb Walker","floor":35.0,"turns":2.0},{"damage":0.0,"enemies":"Mind Bloom Boss Battle","floor":39.0,"turns":4.0},{"damage":12.0,"enemies":"3 Shapes","floor":44.0,"turns":3.0},{"damage":22.0,"enemies":"Reptomancer","floor":46.0,"turns":5.0},{"damage":24.0,"enemies":"Transient","floor":47.0,"turns":5.0},{"damage":36.0,"enemies":"Spire Growth","floor":48.0,"turns":4.0},{"damage":102,"enemies":"Awakened One","floor":50,"turns":11}],"seed_played":"2309817787252208315","potions_obtained":[{"floor":1.0,"key":"Fruit Juice"},{"floor":14.0,"key":"FairyPotion"},{"floor":14.0,"key":"EntropicBrew"},{"floor":14.0,"key":"Fire Potion"},{"floor":33.0,"key":"LiquidBronze"}],"is_trial":false,"path_per_floor":["M","?","$","M","M","R","E","R","T","E","M","M","$","?","R","B",null,"M","M","?","M","?","R","M","T","T","R","?","R","E","$","R","B",null,"M","?","?","$","?","R","?","$","T","M","R","E","M","M","R","B",null],"character_chosen":"DEFECT","items_purchased":["Steam","Beam Cell","Gremlin Horn","Metamorphosis","Orrery"],"campfire_rested":2,"item_purchase_floors":[3,3,13,31,38],"current_hp_per_floor":[68,73,73,73,73,73,62,62,62,51,45,45,45,45,45,42,80,70,42,42,45,45,45,31,31,31,49,49,49,43,43,43,16,63,57,51,51,59,79,79,79,79,79,83,83,82,66,50,77,37],"gold":155,"neow_bonus":"HUNDRED_GOLD","is_daily":false,"chose_seed":false,"campfire_upgraded":8,"win_rate":0.0,"timestamp":1614094471,"path_taken":["M","?","$","?","M","R","E","R","T","E","M","M","$","?","R","BOSS","M","M","?","M","?","R","M","?","T","R","?","R","E","$","R","BOSS","M","?","?","$","?","R","?","$","T","?","R","E","M","M","R","BOSS"],"items_purchased_type":["Card","Card","Relic","Card","Relic"],"build_version":"2020-12-22","purchased_purges":4,"victory":true,"max_hp_per_floor":[75,80,80,80,80,80,80,80,80,80,80,80,80,80,80,80,80,80,80,80,82,57,57,61,61,61,61,61,61,63,63,63,63,63,65,69,69,77,79,79,79,79,79,83,83,85,87,91,91,91],"relic_stats":{"Centennial Puzzle":[45],"Gremlin Horn":[21,21],"Singing Bowl":36,"counters":[21,95],"Sundial":[2],"Prayer Wheel":11,"Kunai":[36],"MawBank":48,"obtain_stats":[{"Ice Cream":39,"Gremlin Horn":13,"Singing Bowl":20,"Incense Burner":26,"Bottled Tornado":46,"MawBank":9,"Old Coin":30,"SlaversCollar":17,"Centennial Puzzle":7,"Sundial":43,"Orrery":38,"Prayer Wheel":10,"Philosopher\u0027s Stone":34,"Kunai":25,"Cracked Core":0},{"Ice Cream":16,"Gremlin Horn":7,"Singing Bowl":10,"Incense Burner":12,"Bottled Tornado":18,"MawBank":4,"Old Coin":13,"SlaversCollar":8,"Centennial Puzzle":4,"Sundial":16,"Orrery":15,"Prayer Wheel":5,"Philosopher\u0027s Stone":14,"Kunai":12,"Cracked Core":0},{"Ice Cream":67,"Gremlin Horn":23,"Singing Bowl":41,"Incense Burner":46,"Bottled Tornado":75,"MawBank":14,"Old Coin":52,"SlaversCollar":32,"Centennial Puzzle":14,"Sundial":67,"Orrery":63,"Prayer Wheel":17,"Philosopher\u0027s Stone":61,"Kunai":46,"Cracked Core":0}]},"card_choices":[{"not_picked":["Steam Power","Rip and Tear"],"picked":"Rebound","floor":1.0},{"not_picked":["Streamline","Fusion"],"picked":"Leap","floor":4.0},{"not_picked":["Chaos","Reprogram"],"picked":"Streamline","floor":5.0},{"not_picked":["Redo","Compile Driver"],"picked":"Conserve Battery","floor":7.0},{"not_picked":["Coolheaded","Compile Driver"],"picked":"Conserve Battery","floor":10.0},{"not_picked":["Redo","Chaos"],"picked":"Melter","floor":11.0},{"not_picked":["Steam Power","Rainbow","Chaos"],"picked":"SKIP","floor":11.0},{"not_picked":["Ball Lightning","Go for the Eyes"],"picked":"Hologram","floor":12.0},{"not_picked":["Glacier","FTL"],"picked":"Self Repair","floor":12.0},{"not_picked":["Amplify","Echo Form"],"picked":"Electrodynamics","floor":16.0},{"not_picked":["Rebound","Melter"],"picked":"Streamline+1","floor":18.0},{"not_picked":["Chill","Rip and Tear","Turbo"],"picked":"SKIP","floor":18.0},{"not_picked":["Coolheaded","Static Discharge"],"picked":"Self Repair","floor":19.0},{"not_picked":["Static Discharge","Lockon"],"picked":"Ball Lightning","floor":19.0},{"not_picked":["Lockon","Reinforced Body","Beam Cell"],"picked":"Singing Bowl","floor":21.0},{"not_picked":["Capacitor+1","Go for the Eyes"],"picked":"Ball Lightning+1","floor":21.0},{"not_picked":["Storm","Reprogram","Cold Snap+1"],"picked":"Singing Bowl","floor":24.0},{"not_picked":["Conserve Battery","Auto Shields","Go for the Eyes"],"picked":"Singing Bowl","floor":24.0},{"not_picked":["White Noise","Go for the Eyes","Ball Lightning"],"picked":"Singing Bowl","floor":30.0},{"not_picked":["Hyperbeam","Buffer"],"picked":"Seek","floor":33.0},{"not_picked":["Rebound+1","Go for the Eyes","Ball Lightning"],"picked":"Singing Bowl","floor":35.0},{"not_picked":["Coolheaded","Stack"],"picked":"Scrape","floor":35.0},{"not_picked":["Secret Technique","Sadistic Nature","Mayhem"],"picked":"Singing Bowl","floor":36.0},{"not_picked":["Trip","Jack Of All Trades","Violence"],"picked":"Singing Bowl","floor":36.0},{"not_picked":["Dramatic Entrance","Madness"],"picked":"Flash of Steel","floor":36.0},{"not_picked":["Capacitor+1","Stack+1","Machine Learning"],"picked":"Singing Bowl","floor":38.0},{"not_picked":["Conserve Battery","Coolheaded+1"],"picked":"Leap+1","floor":38.0},{"not_picked":["Go for the Eyes","Doom and Gloom+1","Steam+1"],"picked":"Singing Bowl","floor":38.0},{"not_picked":["Tempest","White Noise","Genetic Algorithm+1"],"picked":"Singing Bowl","floor":38.0},{"not_picked":["Sunder","Go for the Eyes+1","Barrage"],"picked":"Singing Bowl","floor":38.0},{"not_picked":["Melter","Blizzard","Beam Cell"],"picked":"Singing Bowl","floor":39.0},{"not_picked":["Gash+1","Stack+1","Hologram"],"picked":"Singing Bowl","floor":44.0},{"not_picked":["Defragment","Sweeping Beam+1","Beam Cell+1"],"picked":"Singing Bowl","floor":44.0},{"not_picked":["Undo+1","Steam+1","Leap"],"picked":"Singing Bowl","floor":46.0},{"not_picked":["Undo","Amplify","Steam"],"picked":"Singing Bowl","floor":47.0},{"not_picked":["Leap+1","Go for the Eyes"],"picked":"Lockon+1","floor":47.0},{"not_picked":["Stack+1","Aggregate+1","Compile Driver"],"picked":"Singing Bowl","floor":48.0},{"not_picked":["Ball Lightning","Defragment+1","Stack"],"picked":"Singing Bowl","floor":48.0}],"player_experience":1323705,"relics_obtained":[{"floor":7.0,"key":"Centennial Puzzle"},{"floor":9.0,"key":"MawBank"},{"floor":10.0,"key":"Prayer Wheel"},{"floor":25.0,"key":"Kunai"},{"floor":26.0,"key":"Incense Burner"},{"floor":30.0,"key":"Old Coin"},{"floor":39.0,"key":"Ice Cream"},{"floor":43.0,"key":"Sundial"},{"floor":46.0,"key":"Bottled Tornado"}],"event_choices":[{"damage_healed":0.0,"max_hp_gain":0.0,"max_hp_loss":0.0,"gold_gain":100.0,"event_name":"Wheel of Change","player_choice":"Gold","floor":2.0,"gold_loss":0.0,"damage_taken":0.0},{"damage_healed":0.0,"max_hp_gain":0.0,"max_hp_loss":0.0,"gold_gain":0.0,"event_name":"Lab","player_choice":"Got Potions","floor":14.0,"gold_loss":0.0,"damage_taken":0.0},{"damage_healed":0.0,"max_hp_gain":0.0,"max_hp_loss":0.0,"gold_gain":0.0,"event_name":"The Mausoleum","player_choice":"Opened","floor":20.0,"gold_loss":0.0,"damage_taken":0.0,"relics_obtained":["Singing Bowl"],"cards_obtained":["Writhe"]},{"damage_healed":0.0,"max_hp_gain":0.0,"max_hp_loss":25.0,"gold_gain":0.0,"event_name":"Vampires","player_choice":"Became a vampire","floor":22.0,"gold_loss":0.0,"damage_taken":0.0,"cards_obtained":["Bite","Bite","Bite","Bite","Bite"]},{"damage_healed":0.0,"max_hp_gain":0.0,"max_hp_loss":0.0,"gold_gain":0.0,"event_name":"The Library","player_choice":"Read","floor":28.0,"gold_loss":0.0,"damage_taken":0.0,"cards_obtained":["Hologram"]},{"damage_healed":0.0,"max_hp_gain":0.0,"max_hp_loss":0.0,"gold_gain":0.0,"event_name":"SensoryStone","player_choice":"Memory 3","floor":36.0,"gold_loss":0.0,"damage_taken":10.0},{"damage_healed":0.0,"max_hp_gain":0.0,"max_hp_loss":0.0,"gold_gain":0.0,"event_name":"Mysterious Sphere","player_choice":"Ignored","floor":37.0,"gold_loss":0.0,"damage_taken":0.0},{"damage_healed":0.0,"max_hp_gain":0.0,"max_hp_loss":0.0,"gold_gain":0.0,"event_name":"MindBloom","player_choice":"Fight","floor":39.0,"gold_loss":0.0,"damage_taken":0.0},{"damage_healed":0.0,"max_hp_gain":0.0,"max_hp_loss":0.0,"gold_gain":0.0,"event_name":"Tomb of Lord Red Mask","player_choice":"Ignored","floor":41.0,"gold_loss":0.0,"damage_taken":0.0}],"is_beta":false,"boss_relics":[{"not_picked":["Runic Dome","Fusion Hammer"],"picked":"SlaversCollar"},{"not_picked":["FrozenCore","Sozu"],"picked":"Philosopher\u0027s Stone"}],"items_purged_floors":[3,13,31,42],"is_endless":false,"potions_floor_spawned":[1,16,19,33,44,46,47],"ascension_level":2}}