{"host":"0y1696yaafq19vki","time":1614101711,"event":{"mods":["BaseMod","Colored Map","Conspire","Minty Spire (QoL Compilation)","Replay The Spire","StSLib"],"gold_per_floor":[110,110,127,9,28,60,60,385,412,468,468,468,483,503,503,603,603,592,606,606,606],"floor_reached":20,"language":"ENG","playtime":1475,"items_purged":[],"score":174,"play_id":"e75929b5-a74a-477b-92ae-a2637d449a8d","local_time":"20210223173511","is_ascension_mode":false,"campfire_choices":[{"floor":7,"key":"REST"},{"floor":12,"key":"REST"},{"floor":15,"key":"DIG"}],"circlet_count":0,"master_deck":["Strike_G","Strike_G","Strike_G","Strike_G","Strike_G+1","Defend_G","Defend_G","Defend_G","Defend_G","Defend_G","Survivor","Neutralize","Deflect","Deflect","Noxious Fumes","Toxin Wave","Deadly Poison","Backflip","Reflex","ReplayTheSpireMod:Shiv Toss","Choke","Envenom","Tools of the Trade","Blade Dance","Riddle With Holes"],"relics":["Ring of the Snake","Blood Vial","Old Coin","Orichalcum","Replay:WaspNest","Question Card","Ring of Chaos"],"acts_visited":["Exordium","TheCity"],"potions_floor_usage":[18],"damage_taken":[{"damage":0,"enemies":"2 Louse","floor":1,"turns":4},{"damage":0,"enemies":"Small Slimes","floor":3,"turns":4},{"damage":0,"enemies":"Jaw Worm","floor":5,"turns":3},{"damage":59,"enemies":"Gremlin Nob","floor":6,"turns":6},{"damage":19,"enemies":"3 Sentries","floor":10,"turns":9},{"damage":0,"enemies":"3 Louse","floor":13,"turns":4},{"damage":0,"enemies":"2 Fungi Beasts","floor":14,"turns":3},{"damage":23,"enemies":"Hexaghost","floor":16,"turns":9},{"damage":22,"enemies":"2 Thieves","floor":18,"turns":4},{"damage":10,"enemies":"Chosen","floor":19,"turns":6},{"damage":51,"enemies":"Masked Bandits","floor":20,"turns":3}],"seed_played":"-940213196775273108","potions_obtained":[{"floor":5,"key":"LifebloodPotion"},{"floor":6,"key":"Fire Potion"},{"floor":10,"key":"Weak Potion"},{"floor":18,"key":"Poison Potion"}],"is_trial":false,"path_per_floor":["M","?","M","$","M","E","R","?","T","?","?","R","M","M","R_BF","B",null,"M","M","?"],"character_chosen":"THE_SILENT","items_purchased":["Noxious Fumes","Toxin Wave"],"campfire_rested":2,"item_purchase_floors":[4,4],"current_hp_per_floor":[77,77,77,77,77,18,41,41,41,24,24,47,49,51,51,30,77,55,47,0,0],"gold":606,"neow_bonus":"TEN_PERCENT_HP_BONUS","is_daily":false,"chose_seed":false,"campfire_upgraded":0,"win_rate":0.0,"timestamp":1614101711,"path_taken":["M","?","M","$","M","E","R","?","T","?","?","R","M","M","R_BF","BOSS","M","M","?"],"items_purchased_type":["Card","Card"],"build_version":"2020-12-22","purchased_purges":0,"victory":false,"max_hp_per_floor":[77,77,77,77,77,77,77,77,77,77,77,77,77,77,77,77,77,77,77,77,77],"card_choices":[{"not_picked":["Flying Knee","Leg Sweep"],"picked":"Deflect","floor":1},{"not_picked":["Heel Hook","Well Laid Plans"],"picked":"Deflect","floor":3},{"not_picked":["PiercingWail","Dodge and Roll"],"picked":"Deadly Poison","floor":5},{"not_picked":["Die Die Die","Dodge and Roll"],"picked":"Backflip","floor":6},{"not_picked":["Deadly Poison","Sucker Punch"],"picked":"Reflex","floor":8},{"not_picked":["Heel Hook","Skewer"],"picked":"ReplayTheSpireMod:Shiv Toss","floor":10},{"not_picked":["Dagger Throw","Backflip"],"picked":"Choke","floor":13},{"not_picked":["All Out Attack","Leg Sweep"],"picked":"Envenom","floor":14},{"not_picked":["Wraith Form v2","Envenom","Atom Bomb"],"picked":"Tools of the Trade","floor":16},{"not_picked":["Reflex","Sucker Punch+1","Deadly Poison"],"picked":"Blade Dance","floor":18},{"not_picked":["Hidden Blade","Dagger Spray","Dodge and Roll"],"picked":"Riddle With Holes","floor":19}],"player_experience":63903,"relics_obtained":[{"floor":6,"key":"Blood Vial"},{"floor":8,"key":"Old Coin"},{"floor":9,"key":"Orichalcum"},{"floor":10,"key":"Replay:WaspNest"},{"floor":15,"key":"Question Card"}],"event_choices":[{"damage_healed":0,"gold_gain":30,"player_choice":"Searched \u00273\u0027 times","damage_taken":0,"max_hp_gain":0,"max_hp_loss":0,"event_name":"Dead Adventurer","floor":10,"gold_loss":0},{"cards_removed":["ReplayTheSpireMod:Splinters"],"damage_healed":0,"gold_gain":0,"player_choice":"Forget","damage_taken":0,"max_hp_gain":0,"max_hp_loss":0,"event_name":"Living Wall","floor":11,"gold_loss":0},{"damage_healed":0,"gold_gain":0,"player_choice":"Fought Bandits","damage_taken":0,"max_hp_gain":0,"max_hp_loss":0,"event_name":"Masked Bandits","floor":20,"gold_loss":0}],"is_beta":false,"boss_relics":[{"not_picked":["ReplayTheSpireMod:DimensionalGlitch","conspire:RoyalGoblet"],"picked":"Ring of Chaos"}],"items_purged_floors":[],"is_endless":false,"potions_floor_spawned":[5,6,10,14,18],"killed_by":"Masked Bandits","ascension_level":0}}