{"host":"szp1d6dso4pv7ddl","time":1614049278,"event":{"mods":["AchievementEnabler","Alarm Clock","BaseMod","Bestiary","Block Reminder","Colored Map","Colored Powertips","Curses Come First","Dark Map","Displayed Cursed Tome","Highlight Path","Minty Spire (QoL Compilation)","Permanent Neow","Quick Restart","Relic Sorter","Relic Stats","StSLib","Synergy Search"],"gold_per_floor":[111,131,131,150,75,75,75,111,111,111,129,129,129,129,129,129,129],"floor_reached":16,"language":"ENG","playtime":632,"items_purged":["Defend_R"],"score":196,"play_id":"65cca590-1df4-44bf-a672-cc650cfaa72e","local_time":"20210222190118","is_ascension_mode":true,"campfire_choices":[{"data":"Perfected Strike","floor":6,"key":"SMITH"},{"floor":10,"key":"REST"},{"floor":15,"key":"REST"}],"circlet_count":0,"master_deck":["AscendersBane","Strike_R+1","Strike_R+1","Strike_R","Strike_R","Strike_R","Defend_R","Defend_R","Defend_R","Bash","Perfected Strike+1","Cleave","Flame Barrier","Thunderclap","Immolate"],"relics":["Burning Blood","Golden Idol","Sundial","Champion Belt","Oddly Smooth Stone"],"acts_visited":["Exordium"],"potions_floor_usage":[4,16],"damage_taken":[{"damage":13,"enemies":"Small Slimes","floor":1,"turns":4},{"damage":2,"enemies":"2 Louse","floor":2,"turns":3},{"damage":2,"enemies":"Jaw Worm","floor":4,"turns":3},{"damage":25,"enemies":"3 Sentries","floor":8,"turns":7},{"damage":12,"enemies":"Exordium Thugs","floor":11,"turns":6},{"damage":41,"enemies":"The Guardian","floor":16,"turns":6}],"seed_played":"-7699371981847786999","potions_obtained":[{"floor":1,"key":"Energy Potion"},{"floor":8,"key":"Swift Potion"},{"floor":11,"key":"Weak Potion"}],"is_trial":false,"path_per_floor":["M","M","?","M","$","R","?","E","T","R","M","?","?","T","R","B"],"character_chosen":"IRONCLAD","items_purchased":[],"campfire_rested":2,"item_purchase_floors":[],"current_hp_per_floor":[61,65,39,43,43,43,43,24,24,46,40,17,17,17,39,0,0],"gold":129,"neow_bonus":"ONE_RANDOM_RARE_CARD","is_daily":false,"chose_seed":false,"campfire_upgraded":1,"win_rate":0.0,"timestamp":1614049278,"path_taken":["M","M","?","M","$","R","?","E","T","R","M","?","?","?","R","BOSS"],"items_purchased_type":[],"build_version":"2020-12-22","purchased_purges":1,"victory":false,"max_hp_per_floor":[75,75,75,75,75,75,75,75,75,75,75,75,75,75,75,75,75],"relic_stats":{"counters":[6,29],"Golden Idol":15,"Sundial":[2],"Champion Belt":[4],"obtain_stats":[{"Golden Idol":3,"Sundial":8,"Oddly Smooth Stone":14,"Champion Belt":9,"Burning Blood":0},{"Golden Idol":2,"Sundial":4,"Oddly Smooth Stone":5,"Champion Belt":4,"Burning Blood":0},{"Golden Idol":7,"Sundial":17,"Oddly Smooth Stone":23,"Champion Belt":17,"Burning Blood":0}],"Burning Blood":30},"card_choices":[{"not_picked":["Blood for Blood","Pummel"],"picked":"Perfected Strike","floor":1},{"not_picked":["Flex","Burning Pact"],"picked":"Cleave","floor":2},{"not_picked":["Twin Strike","Warcry"],"picked":"Flame Barrier","floor":4},{"not_picked":["Clothesline","Sentinel"],"picked":"Immolate","floor":8},{"not_picked":["Bloodletting","Cleave","Intimidate"],"picked":"SKIP","floor":11}],"player_experience":1642864,"relics_obtained":[{"floor":8,"key":"Sundial"},{"floor":9,"key":"Champion Belt"},{"floor":14,"key":"Oddly Smooth Stone"}],"event_choices":[{"damage_healed":0,"gold_gain":0,"player_choice":"Take Damage","damage_taken":26,"relics_obtained":["Golden Idol"],"max_hp_gain":0,"max_hp_loss":0,"event_name":"Golden Idol","floor":3,"gold_loss":0},{"damage_healed":0,"gold_gain":0,"cards_transformed":["Exhume"],"player_choice":"Change","damage_taken":0,"max_hp_gain":0,"max_hp_loss":0,"event_name":"Living Wall","floor":7,"gold_loss":0,"cards_obtained":["Thunderclap"]},{"damage_healed":0,"gold_gain":0,"player_choice":"Entered Light","damage_taken":23,"max_hp_gain":0,"max_hp_loss":0,"event_name":"Shining Light","floor":12,"gold_loss":0,"cards_upgraded":["Strike_R","Strike_R"]},{"damage_healed":0,"gold_gain":0,"player_choice":"Searched \u00271\u0027 times","damage_taken":0,"max_hp_gain":0,"max_hp_loss":0,"event_name":"Dead Adventurer","floor":13,"gold_loss":0}],"is_beta":false,"boss_relics":[],"items_purged_floors":[5],"is_endless":false,"potions_floor_spawned":[1,8,11],"killed_by":"The Guardian","ascension_level":20}}