{"host":"i3w38rq1z4slkels","time":1614073464,"event":{"mods":["2.2 Compatiblity","Act Like it!","BaseMod","Better Match","Better Vampires","BetterRewards","Conspire","Downfall","Minty Spire (QoL Compilation)","Rare Cards Sparkle","Replay The Spire","StSLib"],"gold_per_floor":[99,99,84,102,102,130,130,30,49,34,64,82,82,102,118,118,118,118],"floor_reached":16,"language":"ENG","playtime":1164,"items_purged":[],"score":149,"play_id":"3583fdbb-7534-4d3e-bd77-6f75f5e2d35b","local_time":"20210223164424","is_ascension_mode":true,"campfire_choices":[{"floor":1,"key":"RECALL"},{"data":"Guardian:SpikerProtocol","floor":8,"key":"SMITH"},{"data":"Guardian:PiercingHide","floor":13,"key":"SMITH"}],"circlet_count":0,"master_deck":["Guardian:Strike_Guardian","Guardian:Strike_Guardian","Guardian:Strike_Guardian","Guardian:Strike_Guardian","Guardian:Defend_Guardian","Guardian:Defend_Guardian","Guardian:Defend_Guardian","Guardian:Defend_Guardian","Guardian:CurlUp","Guardian:TwinSlam","Guardian:Gem_Yellow","Amnesia","Guardian:SpikerProtocol+1","Guardian:SpikerProtocol","Guardian:BodySlam","Guardian:PiercingHide+1","Guardian:GemFinder","Guardian:Gem_Green"],"relics":["Guardian:ModeShifter","Ring of Peace","conspire:Boomerang","Quantum Egg","downfall:HeartBlessingRed","Pen Nib"],"acts_visited":["Exordium"],"potions_floor_usage":[15],"damage_taken":[{"damage":0,"enemies":"downfall:FleeingMerchant","floor":3,"turns":4},{"damage":0,"enemies":"2 Louse","floor":4,"turns":4},{"damage":34,"enemies":"3 Sentries","floor":6,"turns":17},{"damage":0,"enemies":"Cultist","floor":9,"turns":4},{"damage":0,"enemies":"downfall:FleeingMerchant","floor":10,"turns":4},{"damage":13,"enemies":"Gremlin Nob","floor":11,"turns":6},{"damage":0,"enemies":"Small Slimes","floor":12,"turns":4},{"damage":0,"enemies":"2 Fungi Beasts","floor":14,"turns":3},{"damage":2,"enemies":"3 Louse","floor":15,"turns":4},{"damage":36,"enemies":"IC_STATUS_ARCHETYPE","floor":16,"turns":13}],"seed_played":"5173196151403468929","potions_obtained":[{"floor":11,"key":"SteroidPotion"},{"floor":12,"key":"Guardian:AcceleratePotion"},{"floor":14,"key":"Slimebound:ThreeZeroPotion"}],"is_trial":false,"path_per_floor":["R","?","$","M","?","E","T","R","M","$","E","M","R","M","M","B"],"character_chosen":"GUARDIAN","items_purchased":[],"campfire_rested":0,"item_purchase_floors":[],"current_hp_per_floor":[80,80,80,80,80,46,46,46,46,46,33,33,33,33,31,0,0,0],"gold":118,"neow_bonus":"TEN_PERCENT_HP_BONUS","is_daily":false,"chose_seed":false,"campfire_upgraded":2,"win_rate":0.0,"timestamp":1614073464,"path_taken":["R","?","?","?","?","E","T","R","M","$","E","M","R","M","M","BOSS"],"items_purchased_type":[],"build_version":"2020-12-22","purchased_purges":0,"victory":false,"max_hp_per_floor":[88,88,88,88,88,88,88,88,88,88,88,88,88,88,88,88,88,88],"card_choices":[{"not_picked":["Guardian:ShieldCharger","Guardian:Planning"],"picked":"Guardian:Gem_Yellow","floor":3},{"not_picked":["Guardian:BronzeOrb","Guardian:RollAttack"],"picked":"Guardian:Gem_Cyan","floor":4},{"not_picked":["Guardian:ChargeCore","Guardian:TemporalShield"],"picked":"Guardian:SpikerProtocol","floor":6},{"not_picked":["Guardian:Reroute","Guardian:Suspension"],"picked":"Guardian:SpikerProtocol","floor":9},{"not_picked":["Guardian:TemporalShield","Guardian:Repulse"],"picked":"Guardian:Gem_Cyan","floor":10},{"not_picked":["Guardian:Harden","Guardian:PiercingHide"],"picked":"Guardian:BodySlam","floor":11},{"not_picked":["Guardian:SentryBeam","Guardian:ChargeUp"],"picked":"Guardian:PiercingHide","floor":12},{"not_picked":["Guardian:Gem_Green","Guardian:Incinerate"],"picked":"Guardian:GemFinder","floor":14},{"not_picked":["Guardian:Gem_Red","Guardian:Gem_Lightblue"],"picked":"Guardian:Gem_Green","floor":15},{"not_picked":["Guardian:TemporalStrike","Guardian:Gem_Red","Guardian:ShieldCharger"],"picked":"SKIP","floor":15}],"player_experience":514940,"relics_obtained":[{"floor":5,"key":"Ring of Peace"},{"floor":6,"key":"conspire:Boomerang"},{"floor":7,"key":"Quantum Egg"},{"floor":11,"key":"Pen Nib"}],"event_choices":[],"is_beta":false,"boss_relics":[],"items_purged_floors":[],"is_endless":false,"potions_floor_spawned":[11,12,14],"killed_by":"IC_STATUS_ARCHETYPE","ascension_level":7}}