{"host":"7t8rqoeeopyy0nh0","time":1614048044,"event":{"mods":["AchievementEnabler","Aspiration","BaseMod","Better Third Choice","BetterRewards","Colored Map","Colored Powertips","Conspire","Downfall","Hubris","Minty Spire (QoL Compilation)","Permanent Neow","Quick Restart","Random Character Button","Rare Cards Sparkle","Reliquary","Replay The Spire","StSLib"],"gold_per_floor":[109,125,144,154,172,204,215,215,241,269,269,292,252,265,265,364,364,382,402,414,414,414],"floor_reached":21,"language":"ENG","playtime":897,"items_purged":[],"score":400,"play_id":"bad64be2-7843-43fe-87c8-0440779d6b59","local_time":"20210222214044","is_ascension_mode":true,"campfire_choices":[{"floor":11,"key":"REST"},{"floor":15,"key":"REST"}],"circlet_count":0,"master_deck":["Strike_B","Strike_B","Strike_B","Strike_B","Defend_B","Defend_B","Defend_B","Defend_B","Zap","Dualcast","Core Surge","Cold Snap","Conserve Battery","Sweeping Beam","BasicCrystalCard","Stack","ReplayTheSpireMod:Calculation Training","Compile Driver","Defragment","Consume","conspire:Rain","Panic Button","Buffer","Consume","Leap","Coolheaded","Ball Lightning","Reboot","Redo+1","Storm","Skim","Storm+1","FIFO Queue+1","Self Repair"],"relics":["Cracked Core","Oddly Smooth Stone","Prayer Wheel","Chameleon Ring","Lantern","Happy Flower","Regal Pillow","betterThird:SlimedRelic","conspire:RoyalGoblet"],"acts_visited":["Exordium","TheCity"],"potions_floor_usage":[6,10,19],"damage_taken":[{"damage":0,"enemies":"2 Louse","floor":1,"turns":2},{"damage":6,"enemies":"Jaw Worm","floor":2,"turns":3},{"damage":0,"enemies":"Small Slimes","floor":3,"turns":3},{"damage":8,"enemies":"Red Slaver","floor":4,"turns":3},{"damage":7,"enemies":"conspire:2 RoseBushes","floor":5,"turns":6},{"damage":11,"enemies":"Gremlin Nob","floor":6,"turns":4},{"damage":2,"enemies":"2 Fungi Beasts","floor":7,"turns":3},{"damage":0,"enemies":"3 Sentries","floor":10,"turns":8},{"damage":11,"enemies":"Blue Slaver","floor":14,"turns":3},{"damage":30,"enemies":"Fading Forest","floor":16,"turns":11},{"damage":24,"enemies":"3 Byrds","floor":18,"turns":7},{"damage":16,"enemies":"Spheric Guardian","floor":19,"turns":7},{"damage":32,"enemies":"Snake Plant","floor":20,"turns":4}],"seed_played":"7915363035771504450","potions_obtained":[{"floor":1,"key":"Languid Potion"},{"floor":6,"key":"SneckoOil"},{"floor":16,"key":"Elixir"},{"floor":18,"key":"Regen Potion"}],"is_trial":false,"path_per_floor":["M","M","M","M","M","E","M","?","T","E","R","T","?","M","R","B",null,"M","M","M","?"],"character_chosen":"DEFECT","items_purchased":["Oddly Smooth Stone","Core Surge","Cold Snap","Conserve Battery","Sweeping Beam"],"campfire_rested":2,"item_purchase_floors":[0,0,0,0,0],"current_hp_per_floor":[40,34,34,26,19,8,6,6,6,6,28,28,17,6,43,21,62,38,35,3,0,0],"gold":414,"neow_bonus":"","is_daily":false,"chose_seed":false,"campfire_upgraded":0,"win_rate":0.0,"timestamp":1614048044,"path_taken":["M","M","M","M","M","E","M","?","T","E","R","?","?","M","R","BOSS","M","M","M","?"],"items_purchased_type":["Relic","Card","Card","Card","Card"],"build_version":"2020-12-22","purchased_purges":0,"victory":false,"max_hp_per_floor":[75,75,75,75,75,75,75,75,75,75,75,75,75,75,75,75,75,75,75,75,75,75],"card_choices":[{"not_picked":["Coolheaded","Conserve Battery"],"picked":"BasicCrystalCard","floor":1},{"not_picked":["Hologram","Redo"],"picked":"Stack","floor":1},{"not_picked":["Barrage","BasicCrystalCard"],"picked":"ReplayTheSpireMod:Calculation Training","floor":2},{"not_picked":["Thunder Strike","Panic Button"],"picked":"Compile Driver","floor":2},{"not_picked":["ReplaySort","Cold Snap"],"picked":"Defragment","floor":3},{"not_picked":["Go for the Eyes","BasicCrystalCard","Gash"],"picked":"SKIP","floor":3},{"not_picked":["Go for the Eyes","Turbo"],"picked":"Consume","floor":4},{"not_picked":["Gash","Darkness"],"picked":"conspire:Rain","floor":4},{"not_picked":["Undo","Hologram"],"picked":"Panic Button","floor":5},{"not_picked":["Compile Driver","Beam Cell","ReplayTheSpireMod:GoodbyeWorld"],"picked":"SKIP","floor":5},{"not_picked":["Reprogram","Chill"],"picked":"Buffer","floor":6},{"not_picked":["Compile Driver","Sunder"],"picked":"Consume","floor":7},{"not_picked":["Conserve Battery","Chill"],"picked":"Leap","floor":7},{"not_picked":["BasicCrystalCard","All For One"],"picked":"Coolheaded","floor":10},{"not_picked":["Redo","Barrage"],"picked":"Ball Lightning","floor":14},{"not_picked":["Redo","Conserve Battery","Consume"],"picked":"SKIP","floor":14},{"not_picked":["hubris:DoWhile","Fission"],"picked":"Reboot","floor":16},{"not_picked":["Hello World","Leap"],"picked":"Redo+1","floor":18},{"not_picked":["Cold Snap+1","Sunder"],"picked":"Storm","floor":18},{"not_picked":["Gash+1","ReplayGash"],"picked":"Skim","floor":19},{"not_picked":["Conserve Battery+1","Aggregate"],"picked":"Storm+1","floor":19},{"not_picked":["Gash+1","Double Energy"],"picked":"FIFO Queue+1","floor":20},{"not_picked":["Sunder","Turbo+1"],"picked":"Self Repair","floor":20}],"player_experience":449613,"relics_obtained":[{"floor":6,"key":"Chameleon Ring"},{"floor":9,"key":"Lantern"},{"floor":10,"key":"Happy Flower"},{"floor":12,"key":"Regal Pillow"}],"event_choices":[{"damage_healed":0,"gold_gain":0,"player_choice":"LEAVE","damage_taken":0,"max_hp_gain":0,"max_hp_loss":0,"event_name":"betterThird:BetterScrap","floor":8,"gold_loss":0,"cards_obtained":["Footwork"]},{"damage_healed":0,"gold_gain":0,"player_choice":"Slimed","damage_taken":11,"max_hp_gain":0,"max_hp_loss":0,"event_name":"betterThird:BetterGoop","floor":13,"gold_loss":40}],"is_beta":false,"boss_relics":[{"not_picked":["hubris:BlackHole","Fusion Hammer"],"picked":"conspire:RoyalGoblet"}],"items_purged_floors":[],"is_endless":false,"potions_floor_spawned":[1,6,16,18],"ascension_level":5}}