{"host":"a1eatafr7pisesky","time":1614057405,"event":{"mods":["AchievementEnabler","BaseMod","Colored Map","Keyboard Shortcuts","Minty Spire (QoL Compilation)","Say the Spire","StSLib","SuperFastMode","everything is the same but u backflip on backflip"],"gold_per_floor":[115,115,115,40,40,65,65,90,90,101,118,118,136,161,161,161,161],"floor_reached":16,"language":"KOR","playtime":320,"items_purged":["Strike_B"],"score":311,"play_id":"65fedd20-cf71-4cfe-a3d7-423c18c3efb3","local_time":"20210223141645","is_ascension_mode":true,"campfire_choices":[{"floor":7.0,"key":"REST"},{"data":"Dualcast","floor":15,"key":"SMITH"}],"circlet_count":0,"master_deck":["AscendersBane","Strike_B","Strike_B+1","Defend_B","Defend_B","Defend_B+1","Defend_B","Zap","Dualcast+1","Leap","Gash","Beam Cell","FTL","Cold Snap","Chill","Go for the Eyes"],"relics":["Cracked Core","NeowsBlessing","WingedGreaves","Toy Ornithopter","Art of War","Gremlin Horn","Eternal Feather"],"acts_visited":["Exordium"],"potions_floor_usage":[14,16],"damage_taken":[{"damage":0.0,"enemies":"Small Slimes","floor":1.0,"turns":1.0},{"damage":0.0,"enemies":"Gremlin Nob","floor":6.0,"turns":1.0},{"damage":0.0,"enemies":"Lagavulin","floor":8.0,"turns":1.0},{"damage":0.0,"enemies":"Jaw Worm","floor":10.0,"turns":3.0},{"damage":8.0,"enemies":"2 Louse","floor":11.0,"turns":2.0},{"damage":3.0,"enemies":"Red Slaver","floor":13.0,"turns":3.0},{"damage":6,"enemies":"Gremlin Nob","floor":14,"turns":3},{"damage":33,"enemies":"Slime Boss","floor":16,"turns":7}],"seed_played":"-8484634621703164956","potions_obtained":[{"floor":8.0,"key":"EssenceOfDarkness"},{"floor":11.0,"key":"PowerPotion"}],"is_trial":false,"path_per_floor":["M","?","?","$","?","E","R","E","T","M","M","?","M","E","R","B"],"character_chosen":"DEFECT","items_purchased":[],"campfire_rested":1,"item_purchase_floors":[],"current_hp_per_floor":[64,43,48,48,13,13,35,35,35,35,27,20,17,16,25,0,0],"gold":161,"neow_bonus":"THREE_ENEMY_KILL","is_daily":false,"chose_seed":false,"campfire_upgraded":1,"win_rate":0.0,"timestamp":1614057405,"path_taken":["M","?","?","$","?","E","R","E","T","?","M","?","M","E","R","BOSS"],"items_purchased_type":[],"build_version":"2020-12-22","purchased_purges":1,"victory":false,"max_hp_per_floor":[71,71,76,76,76,76,76,76,76,76,76,76,76,76,76,76,76],"card_choices":[{"not_picked":["Hologram","Double Energy"],"picked":"Leap","floor":1.0},{"not_picked":["Conserve Battery","Rebound"],"picked":"Gash","floor":6.0},{"not_picked":["Steam","Redo"],"picked":"Beam Cell","floor":8.0},{"not_picked":["Chaos","Aggregate"],"picked":"FTL","floor":10.0},{"not_picked":["Chill","Self Repair"],"picked":"Cold Snap","floor":11.0},{"not_picked":["Steam","Static Discharge"],"picked":"Chill","floor":13.0},{"not_picked":["Redo","Compile Driver"],"picked":"Go for the Eyes","floor":14}],"player_experience":488472,"relics_obtained":[{"floor":6.0,"key":"Toy Ornithopter"},{"floor":8.0,"key":"Art of War"},{"floor":9.0,"key":"Gremlin Horn"},{"floor":14,"key":"Eternal Feather"}],"event_choices":[{"damage_healed":0.0,"max_hp_gain":0.0,"max_hp_loss":0.0,"gold_gain":0.0,"event_name":"Shining Light","player_choice":"Entered Light","floor":2.0,"gold_loss":0.0,"damage_taken":21.0,"cards_upgraded":["Strike_B","Defend_B"]},{"damage_healed":0.0,"max_hp_gain":5.0,"max_hp_loss":0.0,"gold_gain":0.0,"event_name":"Big Fish","player_choice":"Donut","floor":3.0,"gold_loss":0.0,"damage_taken":0.0},{"damage_healed":0.0,"max_hp_gain":0.0,"max_hp_loss":0.0,"gold_gain":0.0,"event_name":"Scrap Ooze","player_choice":"Success","floor":5.0,"gold_loss":0.0,"damage_taken":35.0,"relics_obtained":["WingedGreaves"]},{"cards_removed":["Strike_B"],"damage_healed":0.0,"max_hp_gain":0.0,"max_hp_loss":0.0,"gold_gain":0.0,"event_name":"Golden Wing","player_choice":"Card Removal","floor":12.0,"gold_loss":0.0,"damage_taken":7.0}],"is_beta":false,"boss_relics":[],"items_purged_floors":[4],"is_endless":false,"potions_floor_spawned":[8,11],"killed_by":"Slime Boss","ascension_level":17}}