{"host":"c6u7e77myxvw4d0m","time":1614121435,"event":{"mods":["AchievementEnabler","BaseMod","Bestiary","Colored Map","Colored Powertips","Minty Spire (QoL Compilation)","Rare Cards Sparkle","Relic Stats","everything is the same but u backflip on backflip"],"gold_per_floor":[118,132,152,169,39,39,72,91,91,91,111,124,124,139,139,212,212,222,222,235,249,249,249,249],"floor_reached":23,"language":"ENG","playtime":1620,"items_purged":[],"score":394,"play_id":"ab36a310-e29a-40ef-801f-367595945f93","local_time":"20210224010355","is_ascension_mode":true,"campfire_choices":[{"floor":6.0,"key":"REST"},{"floor":10.0,"key":"REST"},{"floor":15.0,"key":"DIG"}],"circlet_count":0,"master_deck":["AscendersBane","Strike_G","Strike_G","Strike_G","Strike_G","Strike_G","Defend_G","Defend_G","Defend_G","Defend_G","Defend_G","Survivor","Neutralize","Flechettes","Skewer","Deadly Poison","Blade Dance","Cloak And Dagger","Die Die Die","Crippling Poison","Terror","Cloak And Dagger","Blade Dance","Corpse Explosion","Outmaneuver","Blur"],"relics":["Ring of the Snake","Shovel","Akabeko","Oddly Smooth Stone","WristBlade","Enchiridion"],"acts_visited":["Exordium","TheCity"],"potions_floor_usage":[16,16,16,16,23],"damage_taken":[{"damage":6.0,"enemies":"Cultist","floor":1.0,"turns":5.0},{"damage":2.0,"enemies":"Jaw Worm","floor":2.0,"turns":7.0},{"damage":1.0,"enemies":"Small Slimes","floor":3.0,"turns":3.0},{"damage":36.0,"enemies":"Exordium Thugs","floor":4.0,"turns":9.0},{"damage":27.0,"enemies":"Gremlin Nob","floor":7.0,"turns":4.0},{"damage":3.0,"enemies":"Gremlin Gang","floor":8.0,"turns":4.0},{"damage":5.0,"enemies":"Red Slaver","floor":11.0,"turns":2.0},{"damage":0.0,"enemies":"Blue Slaver","floor":12.0,"turns":3.0},{"damage":0.0,"enemies":"Large Slime","floor":14.0,"turns":2.0},{"damage":11,"enemies":"Hexaghost","floor":16,"turns":9},{"damage":9,"enemies":"Chosen","floor":18,"turns":4},{"damage":0,"enemies":"Spheric Guardian","floor":20,"turns":3},{"damage":18,"enemies":"3 Cultists","floor":21,"turns":5},{"damage":13,"enemies":"Slavers","floor":23,"turns":2}],"seed_played":"4605375273105894184","potions_obtained":[{"floor":1.0,"key":"BlessingOfTheForge"},{"floor":4.0,"key":"Block Potion"},{"floor":7.0,"key":"Ancient Potion"},{"floor":11.0,"key":"SteroidPotion"},{"floor":12.0,"key":"EntropicBrew"},{"floor":21,"key":"Dexterity Potion"}],"is_trial":false,"path_per_floor":["M","M","M","M","$","R","E","M","T","R","M","M","?","M","R","B",null,"M","?","M","M","?","E"],"character_chosen":"THE_SILENT","items_purchased":["Cloak And Dagger","Die Die Die"],"campfire_rested":2,"item_purchase_floors":[5,5],"current_hp_per_floor":[59,57,56,20,20,41,14,11,11,32,27,27,27,27,27,16,58,49,28,28,10,10,0,0],"gold":249,"neow_bonus":"TEN_PERCENT_HP_BONUS","is_daily":false,"chose_seed":false,"campfire_upgraded":0,"win_rate":0.0,"timestamp":1614121435,"path_taken":["M","M","M","M","$","R","E","M","T","R","M","M","?","M","R","BOSS","M","?","M","M","?","E"],"items_purchased_type":["Card","Card"],"build_version":"2020-12-22","purchased_purges":0,"victory":false,"max_hp_per_floor":[72,72,72,72,72,72,72,72,72,72,72,72,72,72,72,72,72,72,72,72,72,72,72,72],"relic_stats":{"Shovel":1,"counters":[14,62],"obtain_stats":[{"Shovel":7,"WristBlade":17,"Oddly Smooth Stone":15,"Enchiridion":19,"Akabeko":9,"Ring of the Snake":0},{"Shovel":5,"WristBlade":10,"Oddly Smooth Stone":9,"Enchiridion":11,"Akabeko":6,"Ring of the Snake":0},{"Shovel":28,"WristBlade":48,"Oddly Smooth Stone":39,"Enchiridion":52,"Akabeko":32,"Ring of the Snake":0}],"Ring of the Snake":[28]},"card_choices":[{"not_picked":["Outmaneuver","Sucker Punch"],"picked":"Flechettes","floor":1.0},{"not_picked":["Well Laid Plans","Eviscerate"],"picked":"Skewer","floor":2.0},{"not_picked":["Dagger Throw","Reflex"],"picked":"Deadly Poison","floor":3.0},{"not_picked":["Deflect","Outmaneuver"],"picked":"Blade Dance","floor":4.0},{"not_picked":["Underhanded Strike","PiercingWail"],"picked":"Crippling Poison","floor":7.0},{"not_picked":["Crippling Poison","Riddle With Holes","Expertise"],"picked":"SKIP","floor":8.0},{"not_picked":["PiercingWail","Caltrops"],"picked":"Terror","floor":11.0},{"not_picked":["Bane","Bullet Time"],"picked":"Cloak And Dagger","floor":12.0},{"not_picked":["Crippling Poison","Flying Knee"],"picked":"Blade Dance","floor":14.0},{"not_picked":["Doppelganger","Grand Finale"],"picked":"Corpse Explosion","floor":16},{"not_picked":["Quick Slash","Deadly Poison"],"picked":"Outmaneuver","floor":18},{"not_picked":["Poisoned Stab","Slice","Bane"],"picked":"SKIP","floor":20},{"not_picked":["Dagger Spray+1","Backflip","Bane"],"picked":"SKIP","floor":21}],"player_experience":886712,"relics_obtained":[{"floor":7.0,"key":"Shovel"},{"floor":9.0,"key":"Akabeko"},{"floor":15.0,"key":"Oddly Smooth Stone"},{"floor":19,"key":"Enchiridion"}],"event_choices":[{"damage_healed":0.0,"max_hp_gain":0.0,"max_hp_loss":0.0,"gold_gain":0.0,"event_name":"Shining Light","player_choice":"Ignored","floor":13.0,"gold_loss":0.0,"damage_taken":0.0},{"damage_healed":0,"gold_gain":0,"player_choice":"Obtained Book","damage_taken":21,"max_hp_gain":0,"max_hp_loss":0,"event_name":"Cursed Tome","floor":19,"gold_loss":0},{"damage_healed":0,"gold_gain":0,"player_choice":"Read","damage_taken":0,"max_hp_gain":0,"max_hp_loss":0,"event_name":"The Library","floor":22,"gold_loss":0,"cards_obtained":["Blur"]}],"is_beta":false,"boss_relics":[{"not_picked":["HoveringKite","Astrolabe"],"picked":"WristBlade"}],"items_purged_floors":[],"is_endless":false,"potions_floor_spawned":[1,4,7,11,12,21],"killed_by":"Slavers","ascension_level":20}}