{"host":"pjjzz70vl4t83ifx","time":1614043346,"event":{"mods":["AchievementEnabler","BaseMod","Card Forge","Colored Map","Colored Powertips","Highlight Path","Infinite Spire","Minty Spire (QoL Compilation)","Permanent Neow","Practice Mode","Rare Cards Sparkle","Relic Stats","StSLib","Synergy Search"],"gold_per_floor":[119,132,132,150,150,150,150],"floor_reached":6,"language":"ENG","playtime":189,"items_purged":[],"score":63,"play_id":"c874b0a7-77c1-4a25-8cd3-6057548db429","local_time":"20210222172226","is_ascension_mode":true,"campfire_choices":[],"circlet_count":0,"master_deck":["AscendersBane","Strike_R+1","Strike_R","Strike_R","Strike_R","Strike_R+1","Defend_R","Defend_R","Defend_R","Defend_R","Bash","Shrug It Off","Spot Weakness","Heavy Blade"],"relics":["Burning Blood","Hammer of Thor","Seething Fire","Anvil of the Gods","Ginger","GremlinMask"],"acts_visited":["Exordium"],"potions_floor_usage":[6],"damage_taken":[{"damage":9,"enemies":"2 Louse","floor":1,"turns":3},{"damage":6,"enemies":"Cultist","floor":2,"turns":3},{"damage":14,"enemies":"Jaw Worm","floor":4,"turns":4},{"damage":37,"enemies":"3 Sentries","floor":6,"turns":8}],"seed_played":"5623892311501985618","potions_obtained":[{"floor":1,"key":"Explosive Potion"}],"is_trial":false,"path_per_floor":["M","M","?","M","?","E"],"character_chosen":"IRONCLAD","items_purchased":[],"campfire_rested":0,"item_purchase_floors":[],"current_hp_per_floor":[65,65,45,37,37,0,0],"gold":150,"neow_bonus":"ONE_RARE_RELIC","is_daily":false,"chose_seed":false,"campfire_upgraded":0,"win_rate":0.0,"timestamp":1614043346,"path_taken":["M","M","?","M","?","E"],"items_purchased_type":[],"build_version":"2020-12-22","purchased_purges":0,"victory":false,"max_hp_per_floor":[68,68,68,68,68,68,68],"relic_stats":{"counters":[4,18],"Ginger":[1],"obtain_stats":[{"Anvil of the Gods":0,"GremlinMask":5,"Hammer of Thor":0,"Seething Fire":0,"Ginger":0,"Burning Blood":0},{"Anvil of the Gods":0,"GremlinMask":3,"Hammer of Thor":0,"Seething Fire":0,"Ginger":0,"Burning Blood":0},{"Anvil of the Gods":0,"GremlinMask":10,"Hammer of Thor":0,"Seething Fire":0,"Ginger":0,"Burning Blood":0}],"Burning Blood":18},"card_choices":[{"not_picked":["Battle Trance","Clothesline"],"picked":"Shrug It Off","floor":1},{"not_picked":["Rupture","Shrug It Off"],"picked":"Spot Weakness","floor":2},{"not_picked":["Havoc","Body Slam"],"picked":"Heavy Blade","floor":4}],"player_experience":267083,"relics_obtained":[],"event_choices":[{"damage_healed":0,"gold_gain":0,"player_choice":"Entered Light","damage_taken":20,"max_hp_gain":0,"max_hp_loss":0,"event_name":"Shining Light","floor":3,"gold_loss":0,"cards_upgraded":["Strike_R","Strike_R"]},{"damage_healed":0,"gold_gain":0,"player_choice":"Trade","damage_taken":0,"relics_obtained":["GremlinMask"],"max_hp_gain":0,"max_hp_loss":0,"event_name":"FaceTrader","floor":5,"gold_loss":0}],"is_beta":false,"boss_relics":[],"items_purged_floors":[],"is_endless":false,"potions_floor_spawned":[1],"killed_by":"3 Sentries","ascension_level":15}}