{"host":"gjwzgdilc53yxmt0","time":1614055456,"event":{"mods":["2.2 Compatiblity","BaseMod","Bestiary","Highlight Path","Minty Spire (QoL Compilation)","Relic Stats","StSLib","ojb\u0027s Info Mod"],"gold_per_floor":[110,127,138,158,53,53,81,81,81,95,45,45,57,85,85,159,159,178,178,191,191,202,202,231,231,278,278,278,309,329,4,4,80,80,96,96,112,24,44,74,92,136,136,196,238,261,43,86,86,86,86,86,86,53,89,89],"floor_reached":57,"language":"ENG","playtime":5089,"items_purged":["Strike_P","Writhe"],"score":3215,"play_id":"d12f7d46-2a79-4d7f-9b3d-973aaf0b768d","local_time":"20210222234416","is_ascension_mode":true,"campfire_choices":[{"data":"Eruption","floor":6.0,"key":"SMITH"},{"data":"Vigilance","floor":8.0,"key":"SMITH"},{"data":"Omniscience","floor":15.0,"key":"SMITH"},{"data":"MentalFortress","floor":23.0,"key":"SMITH"},{"data":"Wireheading","floor":25.0,"key":"SMITH"},{"data":"Halt","floor":32.0,"key":"SMITH"},{"floor":49.0,"key":"RECALL"},{"data":"TalkToTheHand","floor":53.0,"key":"SMITH"}],"circlet_count":0,"master_deck":["AscendersBane","Defend_P","Defend_P","Defend_P","Eruption+1","Vigilance+1","FlurryOfBlows","FlurryOfBlows","Omniscience+1","WheelKick","FlurryOfBlows","EmptyFist","Wireheading+1","SashWhip","Vault","Omniscience","MentalFortress+1","Bite","Bite","Bite","Bite","Bite","Halt+1","Crescendo+1","EmptyBody+1","FlurryOfBlows","Omniscience+1","ThirdEye+1","MentalFortress+1","FearNoEvil+1","DeceiveReality+1","TalkToTheHand","Halt+1","SpiritShield+1","DevaForm","TalkToTheHand+1","FlurryOfBlows","Tantrum+1","InnerPeace+1","Vengeance+1","TalkToTheHand","Tantrum","Evaluate+1","Perseverance+1"],"relics":["PureWater","Smiling Mask","Yang","TeardropLocket","Gremlin Horn","Coffee Dripper","Pear","Toxic Egg 2","Juzu Bracelet","CaptainsWheel","OrangePellets","Philosopher\u0027s Stone","Question Card","CeramicFish","The Courier","Pocketwatch","White Beast Statue","DollysMirror","Darkstone Periapt","Bag of Marbles"],"acts_visited":["Exordium","TheCity","TheBeyond","TheEnding"],"potions_floor_usage":[56,56],"damage_taken":[{"damage":0.0,"enemies":"Cultist","floor":1.0,"turns":3.0},{"damage":4.0,"enemies":"Jaw Worm","floor":2.0,"turns":4.0},{"damage":9.0,"enemies":"2 Louse","floor":3.0,"turns":2.0},{"damage":11.0,"enemies":"Blue Slaver","floor":4.0,"turns":3.0},{"damage":0.0,"enemies":"Gremlin Nob","floor":7.0,"turns":2.0},{"damage":0.0,"enemies":"Red Slaver","floor":10.0,"turns":2.0},{"damage":0.0,"enemies":"Large Slime","floor":13.0,"turns":2.0},{"damage":6.0,"enemies":"Lagavulin","floor":14.0,"turns":4.0},{"damage":0.0,"enemies":"Hexaghost","floor":16.0,"turns":7.0},{"damage":0.0,"enemies":"Spheric Guardian","floor":18.0,"turns":1.0},{"damage":0.0,"enemies":"Chosen","floor":20.0,"turns":4.0},{"damage":0.0,"enemies":"Centurion and Healer","floor":22.0,"turns":4.0},{"damage":11.0,"enemies":"Slavers","floor":24.0,"turns":4.0},{"damage":0.0,"enemies":"Book of Stabbing","floor":29.0,"turns":4.0},{"damage":7.0,"enemies":"Cultist and Chosen","floor":30.0,"turns":5.0},{"damage":34.0,"enemies":"Collector","floor":33.0,"turns":14.0},{"damage":0.0,"enemies":"3 Shapes","floor":35.0,"turns":5.0},{"damage":5.0,"enemies":"3 Darklings","floor":37.0,"turns":4.0},{"damage":20.0,"enemies":"Jaw Worm Horde","floor":39.0,"turns":4.0},{"damage":0.0,"enemies":"Nemesis","floor":40.0,"turns":11.0},{"damage":22.0,"enemies":"Spire Growth","floor":41.0,"turns":7.0},{"damage":0.0,"enemies":"Giant Head","floor":42.0,"turns":8.0},{"damage":3.0,"enemies":"2 Orb Walkers","floor":44.0,"turns":6.0},{"damage":0.0,"enemies":"Reptomancer","floor":45.0,"turns":11.0},{"damage":9.0,"enemies":"3 Darklings","floor":46.0,"turns":4.0},{"damage":18.0,"enemies":"Nemesis","floor":48.0,"turns":5.0},{"damage":26.0,"enemies":"Donu and Deca","floor":50.0,"turns":22.0},{"damage":27.0,"enemies":"Time Eater","floor":51.0,"turns":12.0},{"damage":4,"enemies":"Shield and Spear","floor":55,"turns":6},{"damage":1,"enemies":"The Heart","floor":56,"turns":11}],"seed_played":"-5877766823117271142","potions_obtained":[{"floor":4.0,"key":"Dexterity Potion"},{"floor":10.0,"key":"SmokeBomb"},{"floor":13.0,"key":"PowerPotion"},{"floor":20.0,"key":"SteroidPotion"},{"floor":24.0,"key":"SpeedPotion"},{"floor":29.0,"key":"StancePotion"},{"floor":33.0,"key":"Weak Potion"},{"floor":35.0,"key":"Ambrosia"},{"floor":46.0,"key":"Ancient Potion"},{"floor":48.0,"key":"Strength Potion"}],"is_trial":false,"path_per_floor":["M","M","M","M","$","R","E","R","T","M","$","?","M","E","R","B",null,"M","?","M","?","M","R","E","R","T","?","T","E","M","$","R","B",null,"M","?","M","$","M","E","M","E","T","?","E","M","$","E","R","B","B",null,"R","$","E","B",null],"character_chosen":"WATCHER","items_purchased":["FlurryOfBlows","Strength Potion","OrangePellets","EmptyBody+1","FlurryOfBlows","DeceiveReality+1","InnerPeace+1","Vengeance+1","DollysMirror","Evaluate+1"],"campfire_rested":0,"item_purchase_floors":[5,5,31,31,31,38,47,47,47,54],"current_hp_per_floor":[61,57,48,37,37,37,37,37,37,37,37,37,37,31,31,31,54,54,43,43,43,43,43,50,50,50,50,50,53,48,48,48,45,51,53,53,53,53,39,53,41,53,53,53,53,48,48,32,32,53,38,49,49,49,53,53],"gold":89,"neow_bonus":"REMOVE_TWO","is_daily":false,"chose_seed":false,"campfire_upgraded":7,"win_rate":0.0,"timestamp":1614055456,"path_taken":["M","M","M","M","$","R","E","R","T","M","?","?","?","E","R","BOSS","M","?","M","?","?","R","E","R","T","?","?","E","M","$","R","BOSS","M","?","M","?","M","E","M","E","T","?","E","M","$","E","R","BOSS","BOSS","R","$","E","BOSS"],"items_purchased_type":["Card","Potion","Relic","Card","Card","Card","Card","Card","Relic","Card"],"build_version":"2020-12-22","purchased_purges":2,"victory":true,"max_hp_per_floor":[62,62,62,62,62,62,62,62,62,62,62,62,62,62,62,62,62,62,43,43,43,43,43,53,53,53,53,53,53,53,53,53,53,53,53,53,53,53,53,53,53,53,53,53,53,53,53,53,53,53,53,53,53,53,53,53],"relic_stats":{"Darkstone Periapt":0,"OrangePellets":[49],"Gremlin Horn":[26,26],"counters":[30,181],"CeramicFish":90,"Yang":[745],"Juzu Bracelet":0,"Smiling Mask":75,"Question Card":7,"obtain_stats":[{"Darkstone Periapt":48,"Pear":24,"Gremlin Horn":14,"CeramicFish":42,"Yang":9,"The Courier":43,"Juzu Bracelet":28,"TeardropLocket":12,"Smiling Mask":7,"Question Card":40,"White Beast Statue":45,"OrangePellets":31,"CaptainsWheel":29,"DollysMirror":47,"Philosopher\u0027s Stone":34,"Coffee Dripper":17,"Bag of Marbles":55,"PureWater":0,"Toxic Egg 2":27,"Pocketwatch":44},{"Darkstone Periapt":26,"Pear":13,"Gremlin Horn":8,"CeramicFish":22,"Yang":5,"The Courier":22,"Juzu Bracelet":13,"TeardropLocket":6,"Smiling Mask":5,"Question Card":20,"White Beast Statue":24,"OrangePellets":15,"CaptainsWheel":14,"DollysMirror":25,"Philosopher\u0027s Stone":16,"Coffee Dripper":9,"Bag of Marbles":29,"PureWater":0,"Toxic Egg 2":13,"Pocketwatch":23},{"Darkstone Periapt":130,"Pear":42,"Gremlin Horn":22,"CeramicFish":104,"Yang":14,"The Courier":104,"Juzu Bracelet":42,"TeardropLocket":16,"Smiling Mask":14,"Question Card":89,"White Beast Statue":121,"OrangePellets":51,"CaptainsWheel":46,"DollysMirror":125,"Philosopher\u0027s Stone":65,"Coffee Dripper":29,"Bag of Marbles":170,"PureWater":0,"Toxic Egg 2":42,"Pocketwatch":110}],"Pocketwatch":[34]},"card_choices":[{"not_picked":["Crescendo","WindmillStrike"],"picked":"FlurryOfBlows","floor":1.0},{"not_picked":["Halt","FlyingSleeves"],"picked":"FlurryOfBlows","floor":2.0},{"not_picked":["FlyingSleeves","PathToVictory"],"picked":"Omniscience","floor":3.0},{"not_picked":["Protect","SashWhip"],"picked":"WheelKick","floor":4.0},{"not_picked":["Protect","ThirdEye"],"picked":"EmptyFist","floor":7.0},{"not_picked":["Collect","SashWhip"],"picked":"Wireheading","floor":10.0},{"not_picked":["ReachHeaven","LikeWater"],"picked":"SashWhip","floor":13.0},{"not_picked":["Protect","Perseverance"],"picked":"Vault","floor":14.0},{"not_picked":["ConjureBlade","DevaForm"],"picked":"Omniscience","floor":16.0},{"not_picked":["Halt","Consecrate"],"picked":"MentalFortress","floor":18.0},{"not_picked":["Consecrate","ForeignInfluence"],"picked":"Halt","floor":20.0},{"not_picked":["WreathOfFlame","CrushJoints","SashWhip"],"picked":"SKIP","floor":22.0},{"not_picked":["Sanctity","Study","BattleHymn"],"picked":"SKIP","floor":24.0},{"not_picked":["SashWhip","PathToVictory+1"],"picked":"Crescendo+1","floor":29.0},{"not_picked":["MasterReality","WindmillStrike","FollowUp"],"picked":"SKIP","floor":30.0},{"not_picked":["Scrawl+1","DevaForm"],"picked":"Omniscience+1","floor":33.0},{"not_picked":["Consecrate","FollowUp"],"picked":"ThirdEye+1","floor":35.0},{"not_picked":["Crescendo+1","SashWhip"],"picked":"FearNoEvil+1","floor":37.0},{"not_picked":["Nirvana","Prostrate+1"],"picked":"TalkToTheHand","floor":39.0},{"not_picked":["FollowUp","CrushJoints"],"picked":"Halt+1","floor":40.0},{"not_picked":["CrushJoints","Consecrate","ForeignInfluence+1"],"picked":"SpiritShield+1","floor":41.0},{"not_picked":["Omniscience+1","InnerPeace+1","Study+1"],"picked":"DevaForm","floor":42.0},{"not_picked":["BowlingBash","CarveReality","Indignation+1"],"picked":"TalkToTheHand","floor":44.0},{"not_picked":["FlyingSleeves","CrushJoints","FollowUp"],"picked":"FlurryOfBlows","floor":45.0},{"not_picked":["Omniscience+1","Halt+1","Worship+1"],"picked":"Tantrum+1","floor":46.0},{"not_picked":["Consecrate","JustLucky+1","EmptyFist"],"picked":"Tantrum","floor":48.0},{"not_picked":["JustLucky+1","PathToVictory+1","Weave"],"picked":"Perseverance+1","floor":55}],"player_experience":4987994,"relics_obtained":[{"floor":7.0,"key":"Smiling Mask"},{"floor":9.0,"key":"Yang"},{"floor":14.0,"key":"Gremlin Horn"},{"floor":24.0,"key":"Pear"},{"floor":28.0,"key":"Juzu Bracelet"},{"floor":29.0,"key":"CaptainsWheel"},{"floor":40.0,"key":"Question Card"},{"floor":42.0,"key":"CeramicFish"},{"floor":43.0,"key":"The Courier"},{"floor":44.0,"key":"Pocketwatch"},{"floor":45.0,"key":"White Beast Statue"},{"floor":48.0,"key":"Darkstone Periapt"},{"floor":55,"key":"Bag of Marbles"}],"event_choices":[{"damage_healed":0.0,"max_hp_gain":0.0,"max_hp_loss":0.0,"gold_gain":0.0,"event_name":"WeMeetAgain","player_choice":"Gave Potion","floor":12.0,"gold_loss":0.0,"damage_taken":0.0,"relics_obtained":["TeardropLocket"]},{"damage_healed":0.0,"max_hp_gain":0.0,"max_hp_loss":19.0,"gold_gain":0.0,"event_name":"Vampires","player_choice":"Became a vampire","floor":19.0,"gold_loss":0.0,"damage_taken":0.0,"cards_obtained":["Bite","Bite","Bite","Bite","Bite"]},{"damage_healed":0.0,"max_hp_gain":0.0,"max_hp_loss":0.0,"gold_gain":0.0,"event_name":"N\u0027loth","player_choice":"Ignored","floor":21.0,"gold_loss":0.0,"damage_taken":0.0},{"damage_healed":0.0,"max_hp_gain":0.0,"max_hp_loss":0.0,"gold_gain":0.0,"event_name":"The Mausoleum","player_choice":"Opened","floor":27.0,"gold_loss":0.0,"damage_taken":0.0,"relics_obtained":["Toxic Egg 2"],"cards_obtained":["Writhe"]},{"damage_healed":0.0,"max_hp_gain":0.0,"max_hp_loss":0.0,"gold_gain":0.0,"event_name":"Duplicator","player_choice":"Copied","floor":36.0,"gold_loss":0.0,"damage_taken":0.0,"cards_obtained":["MentalFortress"]},{"damage_healed":0.0,"max_hp_gain":0.0,"max_hp_loss":0.0,"gold_gain":0.0,"event_name":"Mysterious Sphere","player_choice":"Fight","floor":44.0,"gold_loss":0.0,"damage_taken":0.0}],"is_beta":false,"boss_relics":[{"not_picked":["Ectoplasm","Astrolabe"],"picked":"Coffee Dripper"},{"not_picked":["Empty Cage","Busted Crown"],"picked":"Philosopher\u0027s Stone"}],"items_purged_floors":[11,31],"is_endless":false,"potions_floor_spawned":[4,10,13,20,24,29,33,35,40,41,45,46,48,55],"ascension_level":20}}