{"host":"lg1piimdyocafd6j","time":1614092947,"event":{"mods":["AchievementEnabler","BaseMod","Better Third Choice","BetterRewards","Colored Map","Colored Powertips","Downfall","Minty Spire (QoL Compilation)","Quick Restart","Rare Cards Sparkle","Remove Card Discount Mod","Shop Mod","StSLib","SuperFastMode"],"gold_per_floor":[119,135,114,114,128,153,153,183,210,223,223,234,292,304,304,399,399,417,432,315,315,331,358,376,376,376,376,387,387,403,418,418,523,523,533,533,450,460,471,471,483,499,524,524,524,539,539,552,552,552,552,552,245,245,245],"floor_reached":54,"language":"ENG","playtime":3444,"items_purged":["Strike_B","Dualcast","Strike_B","Strike_B","Strike_B","Zap","Defend_B","Defend_B","Defend_B","Defend_B","Discovery","Amplify","Reinforced Body"],"score":675,"play_id":"758fbf6b-44d5-4150-9902-95da4f7b9d18","local_time":"20210223160907","is_ascension_mode":false,"campfire_choices":[{"data":"Redo","floor":7,"key":"SMITH"},{"floor":11,"key":"REST"},{"floor":15,"key":"REST"},{"data":"Redo","floor":25,"key":"SMITH"},{"floor":27,"key":"RECALL"},{"data":"Redo","floor":29,"key":"SMITH"},{"floor":32,"key":"REST"},{"data":"Leap","floor":40,"key":"SMITH"},{"data":"Conserve Battery","floor":44,"key":"SMITH"},{"data":"Auto Shields","floor":47,"key":"SMITH"},{"data":"Reinforced Body","floor":49,"key":"SMITH"},{"data":"Conserve Battery","floor":52,"key":"SMITH"}],"circlet_count":0,"master_deck":["Redo+1","Darkness+1","Lockon","Conserve Battery+1","Conserve Battery+1","Reinforced Body+1","Auto Shields+1","Leap+1","Leap+1","Defragment","Redo+1","Redo+1","Conserve Battery+1"],"relics":["Membership Card","Bottled Lightning","MerchantsRug","Lantern","Bag of Marbles","Regal Pillow","Strawberry","SlaversCollar","DataDisk","Tiny Chest","Bird Faced Urn","Oddly Smooth Stone","Dream Catcher","Pantograph","Mercury Hourglass","Art of War","Toolbox"],"acts_visited":["Exordium","TheCity","TheBeyond","TheEnding"],"potions_floor_usage":[33,33],"damage_taken":[{"damage":0,"enemies":"Small Slimes","floor":1,"turns":6},{"damage":0,"enemies":"Cultist","floor":2,"turns":4},{"damage":4,"enemies":"Jaw Worm","floor":5,"turns":4},{"damage":13,"enemies":"3 Sentries","floor":6,"turns":9},{"damage":50,"enemies":"Gremlin Nob","floor":8,"turns":5},{"damage":2,"enemies":"2 Fungi Beasts","floor":10,"turns":4},{"damage":12,"enemies":"Lots of Slimes","floor":12,"turns":6},{"damage":7,"enemies":"3 Sentries","floor":13,"turns":8},{"damage":1,"enemies":"Exordium Thugs","floor":14,"turns":4},{"damage":13,"enemies":"Hexaghost","floor":16,"turns":7},{"damage":7,"enemies":"Spheric Guardian","floor":18,"turns":4},{"damage":0,"enemies":"Chosen","floor":19,"turns":3},{"damage":2,"enemies":"Centurion and Healer","floor":22,"turns":7},{"damage":18,"enemies":"Gremlin Leader","floor":23,"turns":7},{"damage":1,"enemies":"Snecko","floor":24,"turns":5},{"damage":8,"enemies":"Snake Plant","floor":28,"turns":3},{"damage":9,"enemies":"Sentry and Sphere","floor":30,"turns":6},{"damage":10,"enemies":"Centurion and Healer","floor":31,"turns":5},{"damage":29,"enemies":"Automaton","floor":33,"turns":11},{"damage":10,"enemies":"3 Darklings","floor":35,"turns":10},{"damage":11,"enemies":"3 Shapes","floor":38,"turns":3},{"damage":0,"enemies":"Writhing Mass","floor":39,"turns":5},{"damage":0,"enemies":"Maw","floor":41,"turns":7},{"damage":10,"enemies":"Sphere and 2 Shapes","floor":42,"turns":8},{"damage":3,"enemies":"Spire Growth","floor":46,"turns":5},{"damage":0,"enemies":"Jaw Worm Horde","floor":48,"turns":6},{"damage":20,"enemies":"Time Eater","floor":50,"turns":9},{"damage":25,"enemies":"Shield and Spear","floor":54,"turns":8}],"seed_played":"-555111129470496725","potions_obtained":[{"floor":6,"key":"Dexterity Potion"},{"floor":8,"key":"Ancient Potion"},{"floor":14,"key":"DistilledChaos"},{"floor":23,"key":"SkillPotion"},{"floor":28,"key":"EssenceOfSteel"},{"floor":41,"key":"Dexterity Potion"}],"is_trial":false,"path_per_floor":["M","M","$","?","M","E","R","E","T","M","R","M","?","M","R","B",null,"M","M","$","?","M","E","M","R","T","R","M","R","M","M","R","B",null,"M","?","$","M","M","R","M","M","T","R","T","M","R","M","R","B",null,"R","$","E"],"character_chosen":"DEFECT","items_purchased":["Membership Card","Redo","Darkness","Lockon","Bottled Lightning","MerchantsRug","Conserve Battery","Discovery","Reinforced Body","DataDisk","Defragment","Oddly Smooth Stone","Mercury Hourglass","Art of War","Toolbox","SteroidPotion"],"campfire_rested":3,"item_purchase_floors":[0,0,0,0,0,0,0,0,3,20,20,37,53,53,53,53],"current_hp_per_floor":[75,75,75,75,71,58,58,8,8,6,43,31,31,30,69,56,82,75,75,75,75,73,55,54,54,54,54,48,48,41,33,72,45,82,74,74,74,65,67,67,69,61,61,61,61,60,60,62,62,62,82,82,82,57,57],"gold":245,"neow_bonus":"","is_daily":false,"chose_seed":false,"campfire_upgraded":8,"win_rate":0.0,"timestamp":1614092947,"path_taken":["M","M","$","?","M","E","R","E","T","?","R","M","?","M","R","BOSS","M","M","$","?","?","E","M","R","T","R","M","R","M","M","R","BOSS","M","?","$","M","?","R","M","M","T","R","?","?","R","M","R","BOSS","R","$","E"],"items_purchased_type":["Relic","Card","Card","Card","Relic","Relic","Card","Card","Card","Relic","Card","Relic","Relic","Relic","Relic","Potion"],"build_version":"2020-12-22","purchased_purges":13,"victory":false,"max_hp_per_floor":[75,75,75,75,75,75,75,75,75,75,75,75,82,82,82,82,82,82,82,82,82,82,82,82,82,82,82,82,82,82,82,82,82,82,82,82,82,82,82,82,82,82,82,82,82,82,82,82,82,82,82,82,82,82,82],"card_choices":[{"not_picked":["Cold Snap","Go for the Eyes"],"picked":"Conserve Battery","floor":1},{"not_picked":["Rebound","Doom and Gloom","Barrage"],"picked":"SKIP","floor":2},{"not_picked":["Beam Cell","Hologram","Undo"],"picked":"SKIP","floor":5},{"not_picked":["Undo","Streamline"],"picked":"Auto Shields","floor":6},{"not_picked":["Amplify","Compile Driver","Scrape"],"picked":"SKIP","floor":8},{"not_picked":["Compile Driver","Scrape"],"picked":"Amplify","floor":8},{"not_picked":["Beam Cell","Reprogram","Steam Power"],"picked":"SKIP","floor":10},{"not_picked":["Rip and Tear","Stack"],"picked":"Leap","floor":12},{"not_picked":["Chill","Barrage","Capacitor"],"picked":"SKIP","floor":14},{"not_picked":["White Noise","Turbo+1","Coolheaded"],"picked":"SKIP","floor":18},{"not_picked":["Defragment","Coolheaded+1"],"picked":"Leap","floor":19},{"not_picked":["Glacier","Reinforced Body+1"],"picked":"Redo","floor":22},{"not_picked":["Undo","Cold Snap","Compile Driver"],"picked":"SKIP","floor":23},{"not_picked":["Cold Snap","Barrage"],"picked":"Redo","floor":24},{"not_picked":["Beam Cell+1","Turbo"],"picked":"Reinforced Body","floor":28},{"not_picked":["BootSequence","Steam"],"picked":"Conserve Battery+1","floor":30},{"not_picked":["Sunder+1","Coolheaded","Aggregate"],"picked":"SKIP","floor":31},{"not_picked":["Glacier","Gash+1","Beam Cell+1"],"picked":"SKIP","floor":35},{"not_picked":["FTL+1","Turbo","Steam"],"picked":"SKIP","floor":38},{"not_picked":["Force Field","Go for the Eyes+1","Reprogram+1"],"picked":"SKIP","floor":39},{"not_picked":["Streamline+1","Storm","Beam Cell"],"picked":"SKIP","floor":41},{"not_picked":["Coolheaded","Skim","Blizzard"],"picked":"SKIP","floor":42},{"not_picked":["Steam+1","Coolheaded","Barrage+1"],"picked":"SKIP","floor":46},{"not_picked":["Double Energy+1","Rebound+1","Turbo"],"picked":"SKIP","floor":48}],"player_experience":195358,"relics_obtained":[{"floor":6,"key":"Lantern"},{"floor":8,"key":"Bag of Marbles"},{"floor":9,"key":"Regal Pillow"},{"floor":13,"key":"Strawberry"},{"floor":23,"key":"Bird Faced Urn"},{"floor":43,"key":"Dream Catcher"},{"floor":45,"key":"Pantograph"}],"event_choices":[{"damage_healed":0,"gold_gain":0,"player_choice":"Upgraded","damage_taken":0,"max_hp_gain":0,"max_hp_loss":0,"event_name":"Upgrade Shrine","floor":4,"gold_loss":0,"cards_upgraded":["Darkness"]},{"damage_healed":0,"gold_gain":0,"player_choice":"Searched \u00271\u0027 times","damage_taken":0,"max_hp_gain":0,"max_hp_loss":0,"event_name":"Dead Adventurer","floor":13,"gold_loss":0},{"damage_healed":0,"gold_gain":0,"player_choice":"Gave Potion","damage_taken":0,"relics_obtained":["Tiny Chest"],"max_hp_gain":0,"max_hp_loss":0,"event_name":"WeMeetAgain","floor":21,"gold_loss":0},{"damage_healed":0,"gold_gain":0,"player_choice":"Forge","damage_taken":0,"max_hp_gain":0,"max_hp_loss":0,"event_name":"Accursed Blacksmith","floor":36,"gold_loss":0,"cards_upgraded":["Leap"]}],"is_beta":false,"boss_relics":[{"not_picked":["Pandora\u0027s Box","Sozu"],"picked":"SlaversCollar"},{"not_picked":["Runic Dome","bronze:MakeshiftBattery","Empty Cage"]}],"items_purged_floors":[0,0,0,0,0,0,3,3,20,20,20,37,37],"is_endless":false,"potions_floor_spawned":[6,8,14,16,23,28,31,41,46],"killed_by":"Shield and Spear","ascension_level":0}}