{"host":"l15sdf2mmi0nobpi","time":1614079636,"event":{"mods":["BaseMod","Highlight Path","Minty Spire (QoL Compilation)","Quick Restart","StSLib","TestMod","【功能Mod】Neow奖励"],"gold_per_floor":[114,114,514,525,525,550,550,578,601,601,601],"floor_reached":10,"language":"ZHS","playtime":232,"items_purged":[],"score":198,"play_id":"7118ac76-e330-4532-9f4e-e96a1a93ba52","local_time":"20210223192716","is_ascension_mode":true,"campfire_choices":[{"data":"Sword Boomerang","floor":7,"key":"SMITH"}],"circlet_count":0,"master_deck":["AscendersBane","Strike_R","Strike_R+1","Strike_R","Strike_R+1","Strike_R","Defend_R","Defend_R","Defend_R","Defend_R","Bash","Sword Boomerang+1","Battle Trance","Second Wind"],"relics":["Burning Blood","testmod-LifeArmor","NeowsBlessing","Omamori","Blood Vial"],"acts_visited":["Exordium"],"potions_floor_usage":[8],"damage_taken":[{"damage":0,"enemies":"Cultist","floor":1,"turns":1},{"damage":0,"enemies":"Jaw Worm","floor":4,"turns":1},{"damage":0,"enemies":"Gremlin Nob","floor":6,"turns":1},{"damage":33,"enemies":"Lagavulin","floor":8,"turns":7},{"damage":35,"enemies":"3 Sentries","floor":10,"turns":6}],"seed_played":"9010050189522920125","potions_obtained":[{"floor":1,"key":"BlessingOfTheForge"},{"floor":8,"key":"FearPotion"}],"is_trial":false,"path_per_floor":["M","?","?","M","?","E","R","E","T","E"],"character_chosen":"IRONCLAD","items_purchased":[],"campfire_rested":0,"item_purchase_floors":[],"current_hp_per_floor":[74,79,79,80,56,62,62,35,35,2,2],"gold":601,"neow_bonus":"THREE_ENEMY_KILL","is_daily":false,"chose_seed":false,"campfire_upgraded":1,"win_rate":0.0,"timestamp":1614079636,"path_taken":["M","?","?","M","?","E","R","E","T","E"],"items_purchased_type":[],"build_version":"2020-12-22","purchased_purges":0,"victory":false,"max_hp_per_floor":[75,80,80,80,80,80,80,80,80,80,80],"card_choices":[{"not_picked":["Ghostly Armor","Clothesline"],"picked":"Sword Boomerang","floor":1},{"not_picked":["Heavy Blade","Warcry"],"picked":"Battle Trance","floor":4},{"not_picked":["Warcry","Thunderclap","Sentinel"],"picked":"SKIP","floor":6},{"not_picked":["True Grit","Sever Soul"],"picked":"Second Wind","floor":8}],"player_experience":589183,"relics_obtained":[{"floor":6,"key":"Omamori"},{"floor":8,"key":"Blood Vial"}],"event_choices":[{"damage_healed":0,"gold_gain":0,"player_choice":"Donut","damage_taken":0,"max_hp_gain":5,"max_hp_loss":0,"event_name":"Big Fish","floor":2,"gold_loss":0},{"damage_healed":0,"gold_gain":400,"player_choice":"Sell","damage_taken":0,"max_hp_gain":0,"max_hp_loss":0,"event_name":"恩洛斯的盘子","floor":3,"relics_lost":["testmod-TestBox"],"gold_loss":0},{"damage_healed":0,"gold_gain":0,"player_choice":"Entered Light","damage_taken":24,"max_hp_gain":0,"max_hp_loss":0,"event_name":"Shining Light","floor":5,"gold_loss":0,"cards_upgraded":["Strike_R","Strike_R"]}],"is_beta":false,"boss_relics":[],"items_purged_floors":[],"is_endless":false,"potions_floor_spawned":[1,8],"killed_by":"3 Sentries","ascension_level":20}}