{"host":"rg29p8m4aqjozpzt","time":1614106637,"event":{"mods":["100% Spire Juice","Aspiration","Bartender","BaseMod","Beaked The Cultist","Better Altar","Better Match","Better Sensory Stone","Better Skull","Better Third Choice","BetterRewards","Chen","Colored Powertips","Conspire","Downfall","Friendly Minions","Hermit","Hubris","JesterMod","Magitek Elite","Minty Spire (QoL Compilation)","Permanent Neow","Prisma Mod","QueenMod","Quick Restart","Relic Filter","Reorder Act Four","Shade Mod","StSLib","SuperFastMode","The Alterego","The Marked","The Runesmith","Unceasing Turn Reminder"],"gold_per_floor":[99,118,174,174,192,192,192,192,204,104,116,291,291,291,308,320,422,422,422,432,44,64,79,79,79,79,79,98,118,151,36,66,84,186,186,86,100,116,134,144,144,144,44,64,64,79,79,112,124,139,139,139,165,165,40,42,42],"floor_reached":58,"language":"ENG","playtime":6352,"items_purged":["bronze:Strike","bronze:Goto+1","bronze:Safeguard"],"score":1175,"play_id":"06b8996c-323c-4130-9805-9ead9106a32f","local_time":"20210223195717","is_ascension_mode":false,"campfire_choices":[{"data":"bronze:Replicate","floor":1.0,"key":"SMITH"},{"data":"bronze:CutThrough","floor":6.0,"key":"SMITH"},{"floor":7.0,"key":"RECALL"},{"data":"bronze:FollowUp","floor":10.0,"key":"SMITH"},{"data":"bronze:OilSpill","floor":13.0,"key":"SMITH"},{"data":"bronze:AlphaBuild","floor":19.0,"key":"SMITH"},{"data":"bronze:Goto","floor":27.0,"key":"SMITH"},{"data":"bronze:SpaghettiCode","floor":36,"key":"SMITH"},{"data":"bronze:Deprecate","floor":41,"key":"SMITH"},{"data":"bronze:GetLatest","floor":43,"key":"SMITH"},{"data":"bronze:Boost","floor":45,"key":"SMITH"},{"data":"bronze:Fortify","floor":47,"key":"SMITH"},{"floor":54,"key":"REST"}],"circlet_count":0,"master_deck":["bronze:Strike+1","bronze:Strike+1","bronze:Defend","bronze:Defend","bronze:Defend","bronze:Defend","bronze:Replicate+1","bronze:Refactor","bronze:CutThrough+1","bronze:FollowUp+1","bronze:OilSpill+1","bronze:FineTuning","bronze:Boost+1","bronze:AlphaBuild+1","bronze:FineTuning","bronze:Fortify+1","bronze:Deprecate+1","bronze:Repulsor+1","bronze:Terminator+1","bronze:GetLatest+1","bronze:Refactor","bronze:Repair","bronze:SpaghettiCode+1","bronze:FollowUp+1","bronze:FineTuning+1","bronze:Turbo+1","bronze:Frontload+1","bronze:ForceShield","bronze:GetLatest+1","bronze:Assembly","Parasite","bronze:WildBeam+1","bronze:CutThrough+1","bronze:Shell+1"],"relics":["bronze:BronzeCore","hubris:Metronome","bronze:CableSpool","downfall:HeartBlessingRed","aspiration:MobileForge","ClockworkSouvenir","Whetstone","MutagenicStrength","Bronze Scales","Ancient Tea Set","Torii","Gem_Box","downfall:HeartBlessingGreen","downfall:HeartBlessingBlue","Guard_Bracelet","conspire:Boomerang"],"acts_visited":["Exordium","TheCity","TheBeyond","TheEnding"],"potions_floor_usage":[57,57],"damage_taken":[{"damage":6.0,"enemies":"Jaw Worm","floor":2.0,"turns":3.0},{"damage":26.0,"enemies":"3 Sentries","floor":3.0,"turns":8.0},{"damage":1.0,"enemies":"2 Louse","floor":5.0,"turns":3.0},{"damage":0.0,"enemies":"Small Slimes","floor":9.0,"turns":3.0},{"damage":0.0,"enemies":"Gremlin Gang","floor":11.0,"turns":2.0},{"damage":2.0,"enemies":"Blue Slaver","floor":15.0,"turns":2.0},{"damage":0.0,"enemies":"2 Fungi Beasts","floor":16.0,"turns":2.0},{"damage":12.0,"enemies":"IC_STATUS_ARCHETYPE","floor":17.0,"turns":4.0},{"damage":19.0,"enemies":"Shell Parasite","floor":20.0,"turns":5.0},{"damage":0.0,"enemies":"downfall:FleeingMerchant","floor":21.0,"turns":4.0},{"damage":29.0,"enemies":"3 Byrds","floor":22.0,"turns":6.0},{"damage":0.0,"enemies":"3 Cultists","floor":23.0,"turns":4.0},{"damage":0.0,"enemies":"Shelled Parasite and Fungi","floor":28.0,"turns":1.0},{"damage":0.0,"enemies":"Chosen and Byrds","floor":29.0,"turns":2.0},{"damage":0.0,"enemies":"Gremlin Leader","floor":30.0,"turns":3.0},{"damage":0.0,"enemies":"downfall:FleeingMerchant","floor":31.0,"turns":4.0},{"damage":5.0,"enemies":"Book of Stabbing","floor":32.0,"turns":3.0},{"damage":0.0,"enemies":"Cultist and Chosen","floor":33.0,"turns":3.0},{"damage":16.0,"enemies":"SI_MIRROR_ARCHETYPE","floor":34.0,"turns":11.0},{"damage":0,"enemies":"Orb Walker","floor":37,"turns":2},{"damage":0,"enemies":"3 Shapes","floor":38,"turns":3},{"damage":32,"enemies":"Transient","floor":39,"turns":5},{"damage":3,"enemies":"Sphere and 2 Shapes","floor":40,"turns":1},{"damage":0,"enemies":"Maw","floor":44,"turns":7},{"damage":7,"enemies":"Jaw Worm Horde","floor":46,"turns":5},{"damage":25,"enemies":"Nemesis","floor":48,"turns":5},{"damage":3,"enemies":"Writhing Mass","floor":49,"turns":5},{"damage":7,"enemies":"4 Shapes","floor":50,"turns":5},{"damage":12,"enemies":"DF_ARCHETYPE_ORBS","floor":51,"turns":9},{"damage":66,"enemies":"downfall:CharBossMerchant","floor":53,"turns":9},{"damage":29,"enemies":"downfall:NeowBoss","floor":56,"turns":27},{"damage":29,"enemies":"downfall:NeowBossFinal","floor":57,"turns":7}],"seed_played":"-4098184618967067717","potions_obtained":[{"floor":5.0,"key":"ColorlessPotion"},{"floor":9.0,"key":"Block Potion"},{"floor":11.0,"key":"SteroidPotion"},{"floor":26.0,"key":"GamblersBrew"},{"floor":28.0,"key":"FairyPotion"},{"floor":29.0,"key":"Ancient Potion"},{"floor":30.0,"key":"Ancient Potion"}],"is_trial":false,"path_per_floor":["R","M","?","?","M","R","R","T","M","R","M","?","R","?","M","M","B",null,"R","M","$","M","M","?","T","?","R","M","M","E","$","E","M","B",null,"R","M","M","M","M","R","T","R","M","R","M","R","E","M","M","B",null,"E","R","$","B","B",null],"character_chosen":"THE_AUTOMATON","items_purchased":["ClockworkSouvenir","Whetstone"],"campfire_rested":1,"item_purchase_floors":[21,21],"current_hp_per_floor":[70,64,38,38,37,37,37,37,37,37,37,37,37,37,35,35,23,70,70,51,51,22,22,22,22,22,22,22,22,22,22,17,17,8,70,70,70,70,46,43,43,43,53,60,60,60,60,45,49,49,44,80,14,38,38,19,24],"gold":42,"neow_bonus":"THREE_CARDS","is_daily":false,"chose_seed":false,"campfire_upgraded":11,"win_rate":0.0,"timestamp":1614106637,"path_taken":["R","M","?","?","M","R","R","T","M","R","M","?","R","?","M","M","BOSS","R","M","?","?","M","?","T","?","R","M","M","E","$","E","M","BOSS","R","M","?","M","M","R","T","R","M","R","M","R","E","M","M","BOSS","E","R","$","BOSS","BOSS"],"items_purchased_type":["Relic","Relic"],"build_version":"2020-12-22","purchased_purges":3,"victory":true,"max_hp_per_floor":[70,70,70,70,70,70,70,70,70,70,70,70,70,70,70,70,70,70,70,70,70,70,70,70,70,70,70,70,70,70,70,70,70,70,70,70,70,70,70,70,70,70,80,80,80,80,80,80,80,80,80,80,80,80,80,80,80],"card_choices":[{"not_picked":["bronze:FineTuning","bronze:Constructor"],"picked":"bronze:Refactor","floor":0.0},{"not_picked":["bronze:WhirlingStrike","bronze:DelayedGuard"],"picked":"bronze:CutThrough","floor":2.0},{"not_picked":["bronze:BugBarrage","bronze:Constructor","bronze:DelayedSlice"],"picked":"SKIP","floor":5.0},{"not_picked":["bronze:HyperBeam","bronze:Overheat"],"picked":"bronze:FollowUp","floor":9.0},{"not_picked":["bronze:Deprecate","bronze:FineTuning"],"picked":"bronze:OilSpill","floor":11.0},{"not_picked":["bronze:WhirlingStrike","bronze:Deprecate"],"picked":"bronze:FineTuning","floor":15.0},{"not_picked":["bronze:Constructor","bronze:BitShift"],"picked":"bronze:Boost","floor":16.0},{"not_picked":["bronze:Virus","bronze:HyperBeam"],"picked":"bronze:AlphaBuild","floor":17.0},{"not_picked":["bronze:Terminator+1","bronze:CutThrough"],"picked":"bronze:FineTuning","floor":20.0},{"not_picked":["bronze:Optimize","bronze:AlphaBuild"],"picked":"bronze:Fortify","floor":21.0},{"not_picked":["bronze:Fortify","bronze:Branch+1","bronze:ItsAFeature"],"picked":"SKIP","floor":22.0},{"not_picked":["bronze:DelayedSlice","bronze:BugBarrage"],"picked":"bronze:Safeguard","floor":23.0},{"not_picked":["bronze:BitShift","bronze:GetLatest"],"picked":"bronze:Deprecate","floor":28.0},{"not_picked":["bronze:WhirlingStrike+1","bronze:CloningBeam"],"picked":"bronze:Repulsor+1","floor":29.0},{"not_picked":["bronze:Shield","bronze:Overload"],"picked":"bronze:Terminator+1","floor":30.0},{"not_picked":["bronze:BronzeArmor","bronze:DelayedSlice"],"picked":"bronze:GetLatest","floor":31.0},{"not_picked":["bronze:BitShift+1","bronze:DigitalCarnage"],"picked":"bronze:Refactor","floor":32.0},{"not_picked":["bronze:Iterate","bronze:Separator"],"picked":"bronze:Repair","floor":33.0},{"not_picked":["bronze:ShipIt","bronze:RecursiveStrike"],"picked":"bronze:SpaghettiCode","floor":34.0},{"not_picked":["bronze:Overheat","bronze:WildBeam"],"picked":"bronze:FollowUp+1","floor":37},{"not_picked":["bronze:BugBarrage+1","bronze:DelayedGuard"],"picked":"bronze:FineTuning+1","floor":38},{"not_picked":["bronze:Branch+1","bronze:BugBarrage"],"picked":"bronze:Turbo+1","floor":39},{"not_picked":["bronze:BronzeArmor+1","bronze:Allocate"],"picked":"bronze:Frontload+1","floor":40},{"not_picked":["bronze:FineTuning","bronze:Constructor+1"],"picked":"bronze:ForceShield","floor":44},{"not_picked":["bronze:DelayedSlice","bronze:Refactor"],"picked":"bronze:GetLatest+1","floor":46},{"not_picked":["bronze:Shield","bronze:Invalidate+1"],"picked":"bronze:Assembly","floor":48},{"not_picked":["bronze:Turbo","bronze:BuggyMess"],"picked":"bronze:WildBeam+1","floor":49},{"not_picked":["bronze:Backtrace","bronze:BitShift+1"],"picked":"bronze:CutThrough+1","floor":50},{"not_picked":["bronze:FollowUp","bronze:Terminator"],"picked":"bronze:Shell+1","floor":53}],"player_experience":1590301,"relics_obtained":[{"floor":8.0,"key":"bronze:CableSpool"},{"floor":25.0,"key":"Bronze Scales"},{"floor":30.0,"key":"Ancient Tea Set"},{"floor":32.0,"key":"Torii"},{"floor":48,"key":"Guard_Bracelet"},{"floor":53,"key":"conspire:Boomerang"}],"event_choices":[{"damage_healed":0.0,"max_hp_gain":0.0,"max_hp_loss":0.0,"gold_gain":0.0,"event_name":"Drug Dealer","player_choice":"Inject Mutagens","floor":24.0,"gold_loss":0.0,"damage_taken":0.0,"relics_obtained":["MutagenicStrength"]},{"damage_healed":0.0,"max_hp_gain":0.0,"max_hp_loss":0.0,"gold_gain":0.0,"event_name":"Lab","player_choice":"Got Potions","floor":26.0,"gold_loss":0.0,"damage_taken":0.0}],"is_beta":false,"boss_relics":[{"not_picked":["hubris:Backtick","conspire:RunicOctahedron"],"picked":"aspiration:MobileForge"},{"not_picked":["hubris:RunicObelisk","Coffee Dripper"],"picked":"Gem_Box"}],"items_purged_floors":[21,31,55],"is_endless":false,"potions_floor_spawned":[5,9,11,22,28,29,30,40,44,50],"ascension_level":0}}