{"host":"f5n4tidiz2n5sooh","time":1614079662,"event":{"mods":["BaseMod","Colored Map","Minty Spire (QoL Compilation)","Relic Stats","StSLib"],"gold_per_floor":[109,128,139,214,214,214,214],"floor_reached":6,"language":"ENG","playtime":1867,"items_purged":[],"score":72,"play_id":"f120ddd9-d1c9-4f00-9f83-fdbcfa056a02","local_time":"20210223052742","is_ascension_mode":true,"campfire_choices":[],"circlet_count":0,"master_deck":["AscendersBane","Strike_R","Strike_R","Strike_R","Strike_R","Strike_R+1","Defend_R+1","Defend_R","Defend_R","Defend_R","Bash","Pommel Strike","Armaments"],"relics":["Mark of Pain"],"acts_visited":["Exordium"],"potions_floor_usage":[3,6],"damage_taken":[{"damage":9,"enemies":"2 Louse","floor":1,"turns":4},{"damage":2,"enemies":"Jaw Worm","floor":2,"turns":3},{"damage":0,"enemies":"Small Slimes","floor":3,"turns":2},{"damage":41,"enemies":"Lagavulin","floor":6,"turns":6}],"seed_played":"-1086468018388796152","potions_obtained":[{"floor":1,"key":"Dexterity Potion"},{"floor":2,"key":"Fire Potion"}],"is_trial":false,"path_per_floor":["M","M","M","?","?","E"],"character_chosen":"IRONCLAD","items_purchased":[],"campfire_rested":0,"item_purchase_floors":[],"current_hp_per_floor":[59,57,57,46,23,0,0],"gold":214,"neow_bonus":"BOSS_RELIC","is_daily":false,"chose_seed":false,"campfire_upgraded":0,"win_rate":0.0,"timestamp":1614079662,"path_taken":["M","M","M","?","?","E"],"items_purchased_type":[],"build_version":"2020-12-22","purchased_purges":0,"victory":false,"max_hp_per_floor":[75,75,75,75,75,75,75],"relic_stats":{"counters":[4,15],"obtain_stats":[{"Mark of Pain":0,"Burning Blood":0},{"Mark of Pain":0,"Burning Blood":0},{"Mark of Pain":0,"Burning Blood":0}]},"card_choices":[{"not_picked":["Anger","Seeing Red","Ghostly Armor"],"picked":"SKIP","floor":1},{"not_picked":["Dual Wield","Headbutt"],"picked":"Pommel Strike","floor":2},{"not_picked":["Perfected Strike","Body Slam"],"picked":"Armaments","floor":3}],"player_experience":2078843,"relics_obtained":[],"event_choices":[{"damage_healed":0,"gold_gain":75,"player_choice":"Gather Gold","damage_taken":11,"max_hp_gain":0,"max_hp_loss":0,"event_name":"World of Goop","floor":4,"gold_loss":0},{"damage_healed":0,"gold_gain":0,"player_choice":"Entered Light","damage_taken":23,"max_hp_gain":0,"max_hp_loss":0,"event_name":"Shining Light","floor":5,"gold_loss":0,"cards_upgraded":["Defend_R","Strike_R"]}],"is_beta":false,"boss_relics":[],"items_purged_floors":[],"is_endless":false,"potions_floor_spawned":[1,2],"killed_by":"Lagavulin","ascension_level":20}}