{"host":"zs3tguvuxkh90jf4","time":1614052519,"event":{"mods":["AchievementEnabler","BaseMod","Better Silent Start","Better-Laid Plans","BetterRewards","Block Reminder","Colored Map","Colored Powertips","Gold Saver","Minty Spire (QoL Compilation)","Shop Mod","StSLib","Transform Curses"],"gold_per_floor":[2897,2942,2922,1913,1958,2057,2019,2121,2133,2244,1519,1519,1519,1489,1489,1798,1798,1852,1852,991,291,291,390,390,480,480,440,329,428,473,563,563,872,872,926,1262,1362,1416,780,879,978,1128,1153,1153,1207,1216,391,490,490,490],"floor_reached":51,"language":"ENG","playtime":2002,"items_purged":["Headbutt","Iron Wave","Body Slam","Heavy Blade","Pommel Strike","Entrench"],"score":1121,"play_id":"cc61a822-d987-4854-97a3-ab51e94ba26f","local_time":"20210222195519","daily_mods":["Draft","Flight","Midas"],"is_ascension_mode":false,"campfire_choices":[{"floor":12,"key":"REST"},{"floor":15,"key":"REST"},{"floor":32,"key":"REST"},{"data":"1","floor":49,"key":"LIFT"}],"circlet_count":0,"master_deck":["Entrench+1","Body Slam+1","Flame Barrier","Shockwave+1","Thunderclap+1","Pommel Strike","Cleave","Perfected Strike","Perfected Strike+1","Juggernaut","Flex","Spot Weakness","Fire Breathing","Whirlwind+1","Flash of Steel+1","Iron Wave+1","Offering+1","Heavy Blade+1","Body Slam+1","Uppercut+1","Shrug It Off+1","Demon Form","Thunderclap+1","Armaments+1","Impervious+1","Flash of Steel+1","Shrug It Off+1","Infernal Blade+1","Body Slam+1","Impervious+1","Apotheosis+1","Intimidate+1"],"relics":["Burning Blood","CeramicFish","Ginger","Strange Spoon","MerchantsRug","InkBottle","Centennial Puzzle","Molten Egg 2","ClockworkSouvenir","Happy Flower","Ancient Tea Set","Snecko Eye","Calipers","Charon\u0027s Ashes","FossilizedHelix","Paper Frog","Vajra","Brimstone","Enchiridion","Akabeko","Bird Faced Urn","Toxic Egg 2","Whetstone","Dream Catcher","SlaversCollar","Pantograph","Omamori","Singing Bowl","Red Skull","Girya","Anchor","Potion Belt","Lee\u0027s Waffle","Nunchaku","Thread and Needle"],"acts_visited":["Exordium","TheCity","TheBeyond"],"potions_floor_usage":[6,6,8,16,31,31,33,50,50,50],"damage_taken":[{"damage":0,"enemies":"Jaw Worm","floor":1,"turns":3},{"damage":0,"enemies":"Cultist","floor":2,"turns":2},{"damage":10,"enemies":"2 Louse","floor":5,"turns":3},{"damage":24,"enemies":"Gremlin Nob","floor":6,"turns":4},{"damage":31,"enemies":"3 Sentries","floor":8,"turns":4},{"damage":13,"enemies":"Lagavulin","floor":10,"turns":6},{"damage":52,"enemies":"Hexaghost","floor":16,"turns":6},{"damage":10,"enemies":"Chosen","floor":18,"turns":3},{"damage":21,"enemies":"Gremlin Leader","floor":23,"turns":3},{"damage":0,"enemies":"Slavers","floor":25,"turns":2},{"damage":10,"enemies":"Book of Stabbing","floor":29,"turns":2},{"damage":5,"enemies":"Shell Parasite","floor":30,"turns":3},{"damage":0,"enemies":"Slavers","floor":31,"turns":3},{"damage":0,"enemies":"Collector","floor":33,"turns":4},{"damage":0,"enemies":"Orb Walker","floor":35,"turns":2},{"damage":8,"enemies":"2 Orb Walkers","floor":36,"turns":2},{"damage":23,"enemies":"3 Darklings","floor":38,"turns":3},{"damage":0,"enemies":"Reptomancer","floor":40,"turns":3},{"damage":14,"enemies":"Nemesis","floor":41,"turns":3},{"damage":0,"enemies":"Mind Bloom Boss Battle","floor":42,"turns":4},{"damage":0,"enemies":"Writhing Mass","floor":45,"turns":2},{"damage":0,"enemies":"Giant Head","floor":48,"turns":3},{"damage":8,"enemies":"Awakened One","floor":50,"turns":5}],"seed_played":"-7386017133472573341","potions_obtained":[{"floor":1,"key":"DistilledChaos"},{"floor":2,"key":"Dexterity Potion"},{"floor":3,"key":"Dexterity Potion"},{"floor":8,"key":"Fruit Juice"},{"floor":23,"key":"Swift Potion"},{"floor":31,"key":"SpeedPotion"},{"floor":35,"key":"SteroidPotion"},{"floor":38,"key":"Ancient Potion"},{"floor":40,"key":"PowerPotion"},{"floor":48,"key":"BloodPotion"}],"is_trial":false,"path_per_floor":["M","M","?","$","M","E","?","E","T","E","$","R","?","?","R","B",null,"M","?","$","$","?","E","?","E","T","?","$","E","M","E","R","B",null,"M","?","?","M","$","E","E","?","T","?","M","?","$","E","R","B",null],"character_chosen":"IRONCLAD","items_purchased":["CeramicFish","Ginger","Strange Spoon","Juggernaut","MerchantsRug","Flex","ClockworkSouvenir","Happy Flower","Ancient Tea Set","Whirlwind+1","Flash of Steel+1","Iron Wave+1","Charon\u0027s Ashes","FossilizedHelix","Body Slam+1","Fire Potion","Energy Potion","Paper Frog","Vajra","Brimstone","Whetstone","Pantograph","Omamori","Flash of Steel+1","Potion Belt","Lee\u0027s Waffle","Apotheosis+1","Nunchaku"],"campfire_rested":3,"item_purchase_floors":[4,4,4,4,4,4,11,11,11,11,11,11,20,20,20,20,20,21,21,21,28,39,39,39,47,47,47,47],"current_hp_per_floor":[80,80,80,80,76,58,58,38,38,31,31,56,56,56,81,35,85,81,81,81,81,65,50,50,56,56,56,56,56,59,69,85,85,85,85,83,83,70,70,80,76,87,87,83,83,83,90,90,90,88],"gold":490,"neow_bonus":"","is_daily":true,"chose_seed":false,"campfire_upgraded":0,"win_rate":0.0,"timestamp":1614052519,"path_taken":["M","M","?","$","?","E","?","E","T","E","$","R","?","?","R","BOSS","M","?","$","$","?","E","?","E","T","?","$","E","?","E","R","BOSS","M","?","?","?","$","E","E","?","T","?","M","?","$","E","R","BOSS"],"items_purchased_type":["Relic","Relic","Relic","Card","Relic","Card","Relic","Relic","Relic","Card","Card","Card","Relic","Relic","Card","Potion","Potion","Relic","Relic","Relic","Relic","Relic","Relic","Card","Relic","Relic","Card","Relic"],"build_version":"2020-12-22","purchased_purges":6,"victory":true,"max_hp_per_floor":[80,80,80,80,80,80,80,85,85,85,85,85,85,85,85,85,85,85,85,85,85,85,85,85,85,85,85,85,85,85,85,85,85,85,85,85,85,85,85,85,85,87,87,83,83,83,90,90,90,90],"card_choices":[{"not_picked":["Thunderclap","Spot Weakness"],"picked":"Entrench","floor":0},{"not_picked":["True Grit","Battle Trance"],"picked":"Evolve","floor":0},{"not_picked":["Armaments","Iron Wave"],"picked":"Body Slam","floor":0},{"not_picked":["Searing Blow","Shrug It Off"],"picked":"Flame Barrier","floor":0},{"not_picked":["Flex","Heavy Blade"],"picked":"Shockwave","floor":0},{"not_picked":["Clash","Wild Strike"],"picked":"Heavy Blade","floor":0},{"not_picked":["Flex","Infernal Blade"],"picked":"Thunderclap","floor":0},{"not_picked":["Heavy Blade","Iron Wave"],"picked":"Body Slam","floor":0},{"not_picked":["True Grit","Rampage"],"picked":"Pommel Strike","floor":0},{"not_picked":["Pummel","Reckless Charge"],"picked":"Headbutt","floor":0},{"not_picked":["Flex","Body Slam"],"picked":"Cleave","floor":0},{"not_picked":["Anger","Heavy Blade"],"picked":"Perfected Strike","floor":0},{"not_picked":["Heavy Blade","Warcry"],"picked":"Iron Wave","floor":0},{"not_picked":["Uppercut","Battle Trance"],"picked":"Pommel Strike","floor":0},{"not_picked":["True Grit","Headbutt"],"picked":"Perfected Strike","floor":0},{"not_picked":["Heavy Blade","Anger","Sword Boomerang"],"picked":"SKIP","floor":1},{"not_picked":["Armaments","Shrug It Off"],"picked":"Entrench","floor":2},{"not_picked":["True Grit","Flex","Battle Trance"],"picked":"SKIP","floor":5},{"not_picked":["Shrug It Off","Perfected Strike"],"picked":"Spot Weakness","floor":6},{"not_picked":["Intimidate","Flame Barrier","Evolve"],"picked":"SKIP","floor":8},{"not_picked":["Feel No Pain","Headbutt+1"],"picked":"Fire Breathing","floor":10},{"not_picked":["Berserk","Exhume"],"picked":"Offering","floor":16},{"not_picked":["Thunderclap+1","Dropkick+1"],"picked":"Heavy Blade+1","floor":18},{"not_picked":["Whirlwind+1","Clash+1"],"picked":"Uppercut+1","floor":23},{"not_picked":["Armaments","Juggernaut","Twin Strike+1"],"picked":"SKIP","floor":25},{"not_picked":["Seeing Red+1","Clothesline+1"],"picked":"Shrug It Off+1","floor":29},{"not_picked":["Power Through+1","Whirlwind+1","Dropkick+1"],"picked":"SKIP","floor":30},{"not_picked":["Spot Weakness+1","Heavy Blade+1","Wild Strike+1"],"picked":"SKIP","floor":31},{"not_picked":["Fiend Fire+1","Feed+1"],"picked":"Demon Form","floor":33},{"not_picked":["Power Through+1","True Grit+1"],"picked":"Thunderclap+1","floor":35},{"not_picked":["Pommel Strike+1","Havoc+1"],"picked":"Armaments+1","floor":36},{"not_picked":["Clothesline+1","Dark Embrace+1"],"picked":"Impervious+1","floor":38},{"not_picked":["Thunderclap+1","Blood for Blood+1"],"picked":"Shrug It Off+1","floor":40},{"not_picked":["Headbutt+1","Pommel Strike+1"],"picked":"Infernal Blade+1","floor":41},{"not_picked":["Iron Wave+1","Sword Boomerang+1","Hemokinesis+1"],"picked":"Singing Bowl","floor":42},{"not_picked":["Inflame","Sword Boomerang+1"],"picked":"Body Slam+1","floor":45},{"not_picked":["Iron Wave+1","Evolve+1"],"picked":"Intimidate+1","floor":48}],"player_experience":622291,"relics_obtained":[{"floor":6,"key":"MawBank"},{"floor":8,"key":"InkBottle"},{"floor":9,"key":"Centennial Puzzle"},{"floor":10,"key":"Molten Egg 2"},{"floor":22,"key":"Enchiridion"},{"floor":23,"key":"Akabeko"},{"floor":25,"key":"Bird Faced Urn"},{"floor":26,"key":"Toxic Egg 2"},{"floor":29,"key":"Dream Catcher"},{"floor":31,"key":"War Paint"},{"floor":36,"key":"Old Coin"},{"floor":40,"key":"Singing Bowl"},{"floor":41,"key":"Red Skull"},{"floor":42,"key":"Girya"},{"floor":43,"key":"Anchor"},{"floor":48,"key":"Thread and Needle"}],"event_choices":[{"damage_healed":0,"gold_gain":0,"player_choice":"Bought 1 Potion","damage_taken":0,"max_hp_gain":0,"max_hp_loss":0,"event_name":"The Woman in Blue","floor":3,"gold_loss":0},{"cards_removed":["Evolve"],"damage_healed":0,"gold_gain":0,"player_choice":"Card Removal","damage_taken":0,"max_hp_gain":0,"max_hp_loss":0,"event_name":"The Cleric","floor":7,"gold_loss":50},{"damage_healed":0,"gold_gain":0,"player_choice":"Grow","damage_taken":0,"max_hp_gain":0,"max_hp_loss":0,"event_name":"Living Wall","floor":13,"gold_loss":0,"cards_upgraded":["Entrench"]},{"damage_healed":0,"gold_gain":0,"player_choice":"Left Gold","damage_taken":0,"max_hp_gain":0,"max_hp_loss":0,"event_name":"World of Goop","floor":14,"gold_loss":30},{"damage_healed":0,"gold_gain":0,"player_choice":"Opened","damage_taken":0,"relics_obtained":["Calipers"],"max_hp_gain":0,"max_hp_loss":0,"event_name":"The Mausoleum","floor":19,"gold_loss":0},{"damage_healed":0,"gold_gain":0,"player_choice":"Obtained Book","damage_taken":16,"max_hp_gain":0,"max_hp_loss":0,"event_name":"Cursed Tome","floor":22,"gold_loss":0},{"damage_healed":0,"gold_gain":0,"player_choice":"Ignored","damage_taken":0,"max_hp_gain":0,"max_hp_loss":0,"event_name":"Ghosts","floor":24,"gold_loss":0},{"damage_healed":0,"gold_gain":0,"player_choice":"Upgrade","damage_taken":0,"max_hp_gain":0,"max_hp_loss":0,"event_name":"Designer","floor":27,"gold_loss":40,"cards_upgraded":["Body Slam"]},{"damage_healed":0,"gold_gain":0,"player_choice":"Fight","damage_taken":0,"max_hp_gain":0,"max_hp_loss":0,"event_name":"Mysterious Sphere","floor":36,"gold_loss":0},{"damage_healed":0,"gold_gain":100,"player_choice":"Pray","damage_taken":0,"max_hp_gain":0,"max_hp_loss":0,"event_name":"Golden Shrine","floor":37,"gold_loss":0},{"damage_healed":0,"gold_gain":0,"player_choice":"Fight","damage_taken":0,"max_hp_gain":0,"max_hp_loss":0,"event_name":"MindBloom","floor":42,"gold_loss":0},{"damage_healed":0,"gold_gain":0,"player_choice":"Max HP","damage_taken":0,"max_hp_gain":0,"max_hp_loss":4,"event_name":"Winding Halls","floor":44,"gold_loss":0},{"damage_healed":0,"gold_gain":0,"player_choice":"Copied","damage_taken":0,"max_hp_gain":0,"max_hp_loss":0,"event_name":"Duplicator","floor":46,"gold_loss":0,"cards_obtained":["Impervious"]}],"is_beta":false,"boss_relics":[{"not_picked":["Sozu","Astrolabe"],"picked":"Snecko Eye"},{"not_picked":["Black Star","Tiny House"],"picked":"SlaversCollar"}],"items_purged_floors":[4,11,20,21,39,47],"is_endless":false,"potions_floor_spawned":[1,2,8,23,31,35,38,40,48],"ascension_level":0}}