{"host":"z37g2hkgkh2zjyzk","time":1614100478,"event":{"mods":["2.2 Compatiblity","AchievementEnabler","BaseMod","Bestiary","Colored Map","Colored Powertips","Curses Come First","Highlight Path","Keyboard Shortcuts","Minty Spire (QoL Compilation)","Relic Stats","StSLib","SuperFastMode"],"gold_per_floor":[110,185,203,203,220,220,249,249,301,33,33,48,48,66,66,191,191,206,220,235,150,150,150,175,195,222,222,249,249,349,363,363,466,466,482,482,482],"floor_reached":36,"language":"ENG","playtime":2642,"items_purged":["Strike_B"],"score":555,"play_id":"bdeb4555-52d9-47ef-986b-62418b1ef33b","local_time":"20210223181438","is_ascension_mode":true,"campfire_choices":[{"floor":6,"key":"REST"},{"data":"Defragment","floor":11,"key":"SMITH"},{"data":"Go for the Eyes","floor":13,"key":"SMITH"},{"data":"Loop","floor":15,"key":"SMITH"},{"floor":23,"key":"REST"},{"data":"Reboot","floor":27,"key":"SMITH"},{"data":"Amplify","floor":29,"key":"SMITH"},{"data":"Hologram","floor":32,"key":"SMITH"}],"circlet_count":0,"master_deck":["Strike_B","Strike_B","Strike_B","Defend_B","Defend_B","Defend_B","Defend_B","Zap","Dualcast","Conserve Battery","Auto Shields","Defragment+1","Go for the Eyes+1","Loop+1","Amplify+1","Reboot+1","Coolheaded+1","Undo+1","Coolheaded+1","Double Energy+1","Hologram+1","All For One","Hologram+1"],"relics":["SacredBark","Potion Belt","Lantern","Bloody Idol","Art of War","Bronze Scales","Black Star","Strawberry","CaptainsWheel","Regal Pillow","Bag of Marbles","Eternal Feather","Shovel","Symbiotic Virus","Cursed Key"],"acts_visited":["Exordium","TheCity","TheBeyond"],"potions_floor_usage":[7,7,16,18,24,28,30,33,33],"damage_taken":[{"damage":4,"enemies":"Small Slimes","floor":1,"turns":3},{"damage":6,"enemies":"2 Louse","floor":3,"turns":3},{"damage":7,"enemies":"Jaw Worm","floor":5,"turns":4},{"damage":10,"enemies":"Lagavulin","floor":7,"turns":8},{"damage":0,"enemies":"Looter","floor":12,"turns":3},{"damage":0,"enemies":"Large Slime","floor":14,"turns":6},{"damage":6,"enemies":"Hexaghost","floor":16,"turns":10},{"damage":13,"enemies":"Spheric Guardian","floor":18,"turns":5},{"damage":8,"enemies":"3 Byrds","floor":19,"turns":3},{"damage":24,"enemies":"Centurion and Healer","floor":20,"turns":13},{"damage":10,"enemies":"Book of Stabbing","floor":24,"turns":7},{"damage":8,"enemies":"Snake Plant","floor":25,"turns":5},{"damage":34,"enemies":"Slavers","floor":28,"turns":9},{"damage":16,"enemies":"Colosseum Slavers","floor":30,"turns":6},{"damage":27,"enemies":"Colosseum Nobs","floor":30,"turns":8},{"damage":7,"enemies":"Chosen and Byrds","floor":31,"turns":5},{"damage":34,"enemies":"Collector","floor":33,"turns":15},{"damage":22,"enemies":"3 Shapes","floor":35,"turns":4},{"damage":53,"enemies":"2 Orb Walkers","floor":36,"turns":5}],"seed_played":"-1051411258269574731","potions_obtained":[{"floor":1,"key":"Fire Potion"},{"floor":3,"key":"DuplicationPotion"},{"floor":14,"key":"Dexterity Potion"},{"floor":16,"key":"SneckoOil"},{"floor":20,"key":"Weak Potion"},{"floor":25,"key":"Regen Potion"},{"floor":28,"key":"Explosive Potion"},{"floor":31,"key":"PowerPotion"}],"is_trial":false,"path_per_floor":["M","?","M","?","M","R","E","?","T","$","R","M","R","M","R","B",null,"M","M","M","?","?","R","E","M","T","R","E","R","?","M","R","B",null,"M","?"],"character_chosen":"DEFECT","items_purchased":["Bronze Scales","FearPotion"],"campfire_rested":2,"item_purchase_floors":[10,10],"current_hp_per_floor":[64,53,47,40,33,55,45,45,45,45,45,45,45,45,45,39,62,49,41,17,24,24,46,41,38,43,43,66,76,38,36,48,19,62,45,0,0],"gold":482,"neow_bonus":"BOSS_RELIC","is_daily":false,"chose_seed":false,"campfire_upgraded":6,"win_rate":0.0,"timestamp":1614100478,"path_taken":["M","?","M","?","M","R","E","?","T","$","R","M","R","M","R","BOSS","M","M","M","?","?","R","E","M","T","R","E","R","?","M","R","BOSS","M","?"],"items_purchased_type":["Relic","Potion"],"build_version":"2020-12-22","purchased_purges":1,"victory":false,"max_hp_per_floor":[75,75,75,75,75,75,75,69,69,69,69,69,69,69,69,69,69,69,69,69,76,76,76,76,76,76,76,76,76,76,76,76,76,76,76,76,76],"relic_stats":{"Regal Pillow":0,"Shovel":0,"counters":[19,121],"Bloody Idol":40,"Bronze Scales":[459],"Eternal Feather":22,"Art of War":[34],"Black Star":2,"Cursed Key":0,"obtain_stats":[{"Potion Belt":4,"Lantern":7,"Regal Pillow":24,"Golden Idol":8,"SacredBark":0,"Eternal Feather":28,"Cursed Key":34,"CaptainsWheel":24,"Shovel":30,"Bronze Scales":10,"Strawberry":21,"Bloody Idol":22,"Art of War":9,"Black Star":17,"Bag of Marbles":28,"Cracked Core":0,"Symbiotic Virus":30},{"Potion Belt":2,"Lantern":4,"Regal Pillow":11,"Golden Idol":4,"SacredBark":0,"Eternal Feather":13,"Cursed Key":17,"CaptainsWheel":11,"Shovel":15,"Bronze Scales":4,"Strawberry":10,"Bloody Idol":10,"Art of War":4,"Black Star":7,"Bag of Marbles":13,"Cracked Core":0,"Symbiotic Virus":15},{"Potion Belt":6,"Lantern":18,"Regal Pillow":65,"Golden Idol":18,"SacredBark":0,"Eternal Feather":78,"Cursed Key":112,"CaptainsWheel":65,"Shovel":92,"Bronze Scales":18,"Strawberry":58,"Bloody Idol":58,"Art of War":18,"Black Star":37,"Bag of Marbles":78,"Cracked Core":0,"Symbiotic Virus":92}]},"card_choices":[{"not_picked":["Heatsinks","Stack"],"picked":"Conserve Battery","floor":1},{"not_picked":["Sweeping Beam","Hologram"],"picked":"Auto Shields","floor":3},{"not_picked":["Streamline","Reinforced Body"],"picked":"Defragment","floor":5},{"not_picked":["Chaos","Hologram"],"picked":"Go for the Eyes","floor":7},{"not_picked":["Conserve Battery","Skim"],"picked":"Loop","floor":12},{"not_picked":["Leap","Barrage"],"picked":"Amplify","floor":14},{"not_picked":["Creative AI","Thunder Strike"],"picked":"Reboot","floor":16},{"not_picked":["White Noise","Cold Snap+1","Beam Cell"],"picked":"SKIP","floor":18},{"not_picked":["Recycle+1","Compile Driver"],"picked":"Coolheaded+1","floor":19},{"not_picked":["Steam","Hyperbeam"],"picked":"Undo+1","floor":20},{"not_picked":["Redo+1","Blizzard","Fission"],"picked":"SKIP","floor":24},{"not_picked":["Streamline+1","Beam Cell"],"picked":"Coolheaded+1","floor":25},{"not_picked":["Doom and Gloom","Compile Driver"],"picked":"Double Energy+1","floor":28},{"not_picked":["Undo","Leap"],"picked":"Hologram","floor":31},{"not_picked":["Rainbow","Thunder Strike"],"picked":"All For One","floor":33},{"not_picked":["Scrape","Tempest"],"picked":"Hologram+1","floor":35}],"player_experience":224202,"relics_obtained":[{"floor":7,"key":"Lantern"},{"floor":9,"key":"Art of War"},{"floor":24,"key":"CaptainsWheel"},{"floor":24,"key":"Regal Pillow"},{"floor":28,"key":"Bag of Marbles"},{"floor":28,"key":"Eternal Feather"},{"floor":30,"key":"Shovel"},{"floor":30,"key":"Symbiotic Virus"}],"event_choices":[{"damage_healed":0,"gold_gain":75,"player_choice":"Gather Gold","damage_taken":11,"max_hp_gain":0,"max_hp_loss":0,"event_name":"World of Goop","floor":2,"gold_loss":0},{"damage_healed":0,"gold_gain":0,"player_choice":"Success","damage_taken":7,"relics_obtained":["Potion Belt"],"max_hp_gain":0,"max_hp_loss":0,"event_name":"Scrap Ooze","floor":4,"gold_loss":0},{"damage_healed":0,"gold_gain":0,"player_choice":"Lose Max HP","damage_taken":0,"relics_obtained":["Golden Idol"],"max_hp_gain":0,"max_hp_loss":6,"event_name":"Golden Idol","floor":8,"gold_loss":0},{"damage_healed":0,"gold_gain":0,"player_choice":"Obtained Relic","damage_taken":0,"relics_obtained":["Strawberry"],"max_hp_gain":0,"max_hp_loss":0,"event_name":"Addict","floor":21,"gold_loss":85},{"damage_healed":0,"gold_gain":0,"player_choice":"Gave Idol","damage_taken":0,"relics_obtained":["Bloody Idol"],"max_hp_gain":0,"max_hp_loss":0,"event_name":"Forgotten Altar","floor":22,"relics_lost":["Golden Idol"],"gold_loss":0},{"damage_healed":0,"gold_gain":0,"player_choice":"Fight","damage_taken":0,"max_hp_gain":0,"max_hp_loss":0,"event_name":"Colosseum","floor":30,"gold_loss":0},{"damage_healed":0,"gold_gain":0,"player_choice":"Fought Nobs","damage_taken":0,"max_hp_gain":0,"max_hp_loss":0,"event_name":"Colosseum","floor":30,"gold_loss":0},{"damage_healed":0,"gold_gain":0,"player_choice":"Fight","damage_taken":0,"max_hp_gain":0,"max_hp_loss":0,"event_name":"Mysterious Sphere","floor":36,"gold_loss":0}],"is_beta":false,"boss_relics":[{"not_picked":["Calling Bell","Fusion Hammer"],"picked":"Black Star"},{"not_picked":["SlaversCollar","Runic Dome"],"picked":"Cursed Key"}],"items_purged_floors":[10],"is_endless":false,"potions_floor_spawned":[1,3,14,16,20,25,28,31],"killed_by":"2 Orb Walkers","ascension_level":6}}