{"host":"93bjq340p293ukqy","time":1614116601,"event":{"mods":["BaseMod","Hermit","Minty Spire (QoL Compilation)","StSLib","The Cursed"],"gold_per_floor":[109,122,140,154,229,229,84,114,195,195,211,211,245,276,288,300,300],"floor_reached":16,"language":"ENG","playtime":694,"items_purged":[],"score":151,"play_id":"f602e33d-5f49-4b32-9a7a-eb283f714ee1","local_time":"20210223234321","is_ascension_mode":true,"campfire_choices":[{"data":"Flame Barrier","floor":6,"key":"SMITH"},{"floor":12,"key":"REST"},{"floor":15,"key":"REST"}],"circlet_count":0,"master_deck":["Strike_R","Strike_R","Strike_R","Strike_R","Strike_R","Defend_R","Defend_R","Defend_R","Defend_R","Bash","Flame Barrier+1","Evolve","Shrug It Off","Flame Barrier+1","Body Slam+1","Wild Strike","Dual Wield","Power Through"],"relics":["Burning Blood","NeowsBlessing","DollysMirror","Charon\u0027s Ashes","The Courier","MawBank"],"acts_visited":["Exordium"],"potions_floor_usage":[8,13,13],"damage_taken":[{"damage":0,"enemies":"Small Slimes","floor":1,"turns":1},{"damage":0,"enemies":"2 Louse","floor":2,"turns":1},{"damage":0,"enemies":"Cultist","floor":3,"turns":1},{"damage":12,"enemies":"2 Fungi Beasts","floor":4,"turns":5},{"damage":59,"enemies":"Gremlin Nob","floor":8,"turns":7},{"damage":0,"enemies":"Blue Slaver","floor":11,"turns":4},{"damage":16,"enemies":"3 Sentries","floor":13,"turns":6},{"damage":15,"enemies":"Gremlin Gang","floor":14,"turns":7},{"damage":70,"enemies":"The Guardian","floor":16,"turns":12}],"seed_played":"-7045191342380265139","potions_obtained":[{"floor":1,"key":"Regen Potion"},{"floor":3,"key":"Ancient Potion"},{"floor":8,"key":"FearPotion"},{"floor":11,"key":"Weak Potion"}],"is_trial":false,"path_per_floor":["M","M","M","M","?","R","$","E","T","?","M","R","E","M","R","B"],"character_chosen":"IRONCLAD","items_purchased":["DollysMirror"],"campfire_rested":2,"item_purchase_floors":[7],"current_hp_per_floor":[78,80,80,74,63,63,63,22,22,22,28,52,42,33,57,0,0],"gold":300,"neow_bonus":"THREE_ENEMY_KILL","is_daily":false,"chose_seed":false,"campfire_upgraded":1,"win_rate":0.0,"timestamp":1614116601,"path_taken":["M","M","M","M","?","R","$","E","T","?","?","R","E","M","R","BOSS"],"items_purchased_type":["Relic"],"build_version":"2020-12-22","purchased_purges":0,"victory":false,"max_hp_per_floor":[80,80,80,80,80,80,80,80,80,80,80,80,80,80,80,80,80],"card_choices":[{"not_picked":["Shockwave","Uppercut"],"picked":"Flame Barrier","floor":1},{"not_picked":["Whirlwind","Dropkick"],"picked":"Evolve","floor":2},{"not_picked":["Spot Weakness","Rupture","Infernal Blade"],"picked":"SKIP","floor":3},{"not_picked":["Dropkick","Second Wind"],"picked":"Shrug It Off","floor":4},{"not_picked":["Evolve","Spot Weakness"],"picked":"Body Slam","floor":8},{"not_picked":["Thunderclap","Sentinel"],"picked":"Wild Strike","floor":11},{"not_picked":["Dropkick","Uppercut"],"picked":"Dual Wield","floor":13},{"not_picked":["Anger","Perfected Strike"],"picked":"Power Through","floor":14}],"player_experience":279362,"relics_obtained":[{"floor":8,"key":"Charon\u0027s Ashes"},{"floor":9,"key":"The Courier"},{"floor":13,"key":"MawBank"}],"event_choices":[{"damage_healed":0,"gold_gain":75,"player_choice":"Gather Gold","damage_taken":11,"max_hp_gain":0,"max_hp_loss":0,"event_name":"World of Goop","floor":5,"gold_loss":0},{"damage_healed":0,"gold_gain":0,"player_choice":"Upgraded","damage_taken":0,"max_hp_gain":0,"max_hp_loss":0,"event_name":"Upgrade Shrine","floor":10,"gold_loss":0,"cards_upgraded":["Body Slam"]}],"is_beta":false,"boss_relics":[],"items_purged_floors":[],"is_endless":false,"potions_floor_spawned":[1,3,8,11],"killed_by":"The Guardian","ascension_level":7}}