{"host":"8h99olqiwl7u1q5z","time":1614119261,"event":{"mods":["Act Like it!","BaseMod","Colored Powertips","Gensokyo","Hallownest","Highlight Path","Library of Ruina","Library of Ruina Extra","Lobotomy","LobotomyExtend","Marisa£®ÏF”Í°°ƒß¿Ì…≥£©","Minty Spire (QoL Compilation)","Permanent Neow","Quick Restart","Remilia£®¿Ÿ√◊¿Ú—«£©","Replay The Spire","Spicy Shops","StSLib","SuperFastMode","Td1madao Mod","The Bug Knight"],"gold_per_floor":[114,127,144,144,144,179,179,205,250,250,266,284,284,295,295,395,395,407,420,420,420,434,434,434,434,434],"floor_reached":25,"language":"ZHS","playtime":760,"items_purged":[],"score":294,"play_id":"6bc3fe75-bd65-4603-8fd1-73a3af9fc3dd","local_time":"20210224062741","is_ascension_mode":false,"campfire_choices":[{"floor":7.0,"key":"REST"},{"data":"DegradedChain","floor":15.0,"key":"SMITH"},{"data":"DegradedShockwave","floor":23.0,"key":"SMITH"}],"circlet_count":0,"master_deck":["DegradedFairy","DegradedFairy","DegradedFairy","DegradedChain+1","DegradedChain+1","DegradedLock","DegradedPillar","DegradedPillar","DegradedShockwave+1","Wellcheers","Rudolta","Yin","BeautyBeast","HappyTeddy","CrumblingArmor","FieryBird","Mercenary","QueenBee","BlackSwan","Woodsman","GalaxyChild","SingingMachine"],"relics":["PageOfLibrarian","CogitoBucket","LetterFromLob","Yang_Lob","Garlic","Ancient Tea Set","Akabeko","AspirationHeart","Black Star","ChangeAnything"],"acts_visited":["Exordium","TheCity"],"potions_floor_usage":[],"damage_taken":[{"damage":0.0,"enemies":"Small Slimes","floor":1.0,"turns":1.0},{"damage":0.0,"enemies":"Jaw Worm","floor":2.0,"turns":1.0},{"damage":0.0,"enemies":"Cultist","floor":3.0,"turns":2.0},{"damage":3.0,"enemies":"3 Sentries","floor":6.0,"turns":2.0},{"damage":0.0,"enemies":"Lagavulin","floor":8.0,"turns":2.0},{"damage":0.0,"enemies":"3 Louse","floor":11.0,"turns":2.0},{"damage":0.0,"enemies":"Lots of Slimes","floor":12.0,"turns":1.0},{"damage":0.0,"enemies":"Large Slime","floor":14.0,"turns":2.0},{"damage":14.0,"enemies":"Hexaghost","floor":16.0,"turns":5.0},{"damage":0.0,"enemies":"3 Byrds","floor":18.0,"turns":1.0},{"damage":0.0,"enemies":"Chosen","floor":19.0,"turns":3.0},{"damage":5.0,"enemies":"Snecko","floor":20.0,"turns":3.0},{"damage":13.0,"enemies":"Centurion and Healer","floor":21.0,"turns":3.0},{"damage":0.0,"enemies":"Snake Plant","floor":22.0,"turns":2.0},{"damage":0.0,"enemies":"Snecko","floor":24.0,"turns":2.0},{"damage":95,"enemies":"Shelled Parasite and Fungi","floor":25,"turns":35}],"seed_played":"-8829175201789039004","potions_obtained":[{"floor":11.0,"key":"ColorlessPotion"},{"floor":13.0,"key":"Weak Potion"},{"floor":13.0,"key":"FairyPotion"},{"floor":13.0,"key":"LifebloodPotion"}],"is_trial":false,"path_per_floor":["M","M","M","$","?","E","R","E","T","?","M","M","?","M","R","B",null,"M","M","M","M","M","R","M","M"],"character_chosen":"Librarian","items_purchased":[],"campfire_rested":1,"item_purchase_floors":[],"current_hp_per_floor":[60,60,60,60,60,57,84,84,84,84,97,97,97,97,97,83,100,100,100,95,82,88,88,97,86,86],"gold":434,"neow_bonus":"","is_daily":false,"chose_seed":false,"campfire_upgraded":2,"win_rate":0.0,"timestamp":1614119261,"path_taken":["M","M","M","$","?","E","R","E","T","?","?","?","?","M","R","BOSS","M","M","M","M","M","R","M","M"],"items_purchased_type":[],"build_version":"2020-12-22","purchased_purges":0,"victory":false,"max_hp_per_floor":[90,90,90,90,90,90,90,90,90,90,100,100,100,100,100,100,100,100,100,100,100,100,100,100,100,100],"card_choices":[{"not_picked":["MeatLantern","Murderer"],"picked":"Wellcheers","floor":1.0},{"not_picked":["DirtyBlow","EnergyShield","Outburst","Collision","FrontalAssault","CumulusWall","HandleRequest","SnakesPrey","Ripple"],"picked":"SKIP","floor":1.0},{"not_picked":["OSAHOGD","SpiderBud"],"picked":"Rudolta","floor":2.0},{"not_picked":["SharpSwipe","FleetEdge","RhinoRam","RushDown","AutomatedMovement","EndlessBattle","EnergyCycle","BurningFlash","Thirst"],"picked":"SKIP","floor":2.0},{"not_picked":["MHz","Alriune"],"picked":"Yin","floor":3.0},{"not_picked":["GroundSmash","CoordinatedAssault","Quickness","BiteOff","YoureTooSlow","AutonomousRush","WillOfThePrescript","EnergyStrike","Wallop_lor"],"picked":"SKIP","floor":3.0},{"not_picked":["FocusFire","DesperateStruggle","SmokingPipe","GreatSerpentsImpact","Thrust","ForcefulGesture","Track","MirageStorm","IngredientHunt"],"picked":"SKIP","floor":6.0},{"not_picked":["Variant","OSAHOGD"],"picked":"BeautyBeast","floor":8.0},{"not_picked":["DirtyBlow","Rewind","FleetEdge","FierceCharge","JiaoTu","FaintMemories","SilentMist","RagingStormLove","EnergyShield"],"picked":"SKIP","floor":8.0},{"not_picked":["DirtyBlow","Rewind","FleetEdge","FierceCharge","JiaoTu","FaintMemories","SilentMist","RagingStormLove","EnergyShield"],"picked":"SKIP","floor":8.0},{"not_picked":["OldLady","SpiderBud"],"picked":"HappyTeddy","floor":11.0},{"not_picked":["FendThisOffIfYouCan","QuickAttack","ClassAndRespect","EndlessBattle","TendonChords","HiddenBlade","BiAn","DarkCloud","DesperateStruggle"],"picked":"SKIP","floor":11.0},{"not_picked":["Bloodbath","OSAHOGD"],"picked":"CrumblingArmor","floor":12.0},{"not_picked":["SerpentSwordTechnique","QuickSuppression","Multislash","Juggling","EnergyCycle","FleetEdge","Parry","EnergyShield","Creak"],"picked":"SKIP","floor":12.0},{"not_picked":["SerpentSwordTechnique","QuickSuppression","Multislash","Juggling","EnergyCycle","FleetEdge","Parry","EnergyShield","Creak"],"picked":"SKIP","floor":12.0},{"not_picked":["OSAHOGD","VoidDream"],"picked":"FieryBird","floor":14.0},{"not_picked":["GrazeTheGrass","HighKick","FleetFootsteps","CoordinatedAssault","BayonetCombat","FrontalAssault","Parry2","YourShield","ProselytesBlade"],"picked":"SKIP","floor":14.0},{"not_picked":["GrazeTheGrass","HighKick","FleetFootsteps","CoordinatedAssault","BayonetCombat","FrontalAssault","Parry2","YourShield","ProselytesBlade"],"picked":"SKIP","floor":14.0},{"not_picked":["Scorched","ShyLook"],"picked":"Mercenary","floor":16.0},{"not_picked":["UniverseFragment","DespairKnight"],"picked":"QueenBee","floor":18.0},{"not_picked":["Concentration","Faith","FocusFire","SavageMode","DeepDrag","Parry2+1","Gigigig+1","YoureTooSlow+1","StrongStrike"],"picked":"SKIP","floor":18.0},{"not_picked":["LongBird","Variant"],"picked":"BlackSwan","floor":19.0},{"not_picked":["Leap_lor+1","DesperateStruggle+1","WillOfThePrescript","SerpentSwordTechnique+1","NightInTheBackstreets+1","CrackOfDawn","PreemptiveStrike","PinpointShot+1","DestructiveImpact"],"picked":"SKIP","floor":19.0},{"not_picked":["Leap_lor+1","DesperateStruggle+1","WillOfThePrescript","SerpentSwordTechnique+1","NightInTheBackstreets+1","CrackOfDawn","PreemptiveStrike","PinpointShot+1","DestructiveImpact"],"picked":"SKIP","floor":19.0},{"not_picked":["LaLuna","HeroicMonk","DreamingCurrent"],"picked":"Singing Bowl","floor":20.0},{"not_picked":["SearingSword","BiAn","Leap_lor","Faith","FierceCharge","BiXi","SnakesPrey+1","IronWall","Reload"],"picked":"SKIP","floor":20.0},{"not_picked":["SearingSword","BiAn","Leap_lor","Faith","FierceCharge","BiXi","SnakesPrey+1","IronWall","Reload"],"picked":"SKIP","floor":20.0},{"not_picked":["LongBird","HeroicMonk","Bloodbath"],"picked":"Singing Bowl","floor":21.0},{"not_picked":["PunishingBird","Murderer"],"picked":"Woodsman","floor":21.0},{"not_picked":["FeatherShield","WillOfThePrescript","EnergyCycle","UnavoidableGaze","IllEndYou","DefenseOrder","SmokingPipe","QuickAttack","BiAn+1"],"picked":"SKIP","floor":21.0},{"not_picked":["FeatherShield","WillOfThePrescript","EnergyCycle","UnavoidableGaze","IllEndYou","DefenseOrder","SmokingPipe","QuickAttack","BiAn+1"],"picked":"SKIP","floor":21.0},{"not_picked":["GreedKing","MeatLantern"],"picked":"GalaxyChild","floor":22.0},{"not_picked":["UnavoidableGaze","FleetEdge","StructuralAnalysis+1","StayCalm+1","AsThePrescriptOrders","BindingArms+1","ShrineToMusic+1","DeepDrag","FendThisOffIfYouCan"],"picked":"SKIP","floor":22.0},{"not_picked":["FairyFestival","Variant"],"picked":"SingingMachine","floor":24.0},{"not_picked":["SparkingSpear","Creak","ViolentFlame+1","Diversion","FendThisOffIfYouCan","InkOver+1","BladeWhirl+1","ElectricShock","Multislash+1"],"picked":"SKIP","floor":24.0},{"not_picked":["SparkingSpear","Creak","ViolentFlame+1","Diversion","FendThisOffIfYouCan","InkOver+1","BladeWhirl+1","ElectricShock","Multislash+1"],"picked":"SKIP","floor":24.0}],"player_experience":191787,"relics_obtained":[{"floor":1.0,"key":"LetterFromLob"},{"floor":6.0,"key":"Garlic"},{"floor":8.0,"key":"Ancient Tea Set"},{"floor":9.0,"key":"Akabeko"}],"event_choices":[{"damage_healed":0.0,"max_hp_gain":0.0,"max_hp_loss":0.0,"gold_gain":0.0,"event_name":"Liars Game","player_choice":"Ignored","floor":5.0,"gold_loss":0.0,"damage_taken":0.0},{"damage_healed":0.0,"max_hp_gain":0.0,"max_hp_loss":0.0,"gold_gain":0.0,"event_name":"Accursed Blacksmith","player_choice":"Forge","floor":10.0,"gold_loss":0.0,"damage_taken":0.0,"cards_upgraded":["DegradedChain"]},{"damage_healed":0.0,"max_hp_gain":0.0,"max_hp_loss":0.0,"gold_gain":0.0,"event_name":"Lab","player_choice":"Got Potions","floor":13.0,"gold_loss":0.0,"damage_taken":0.0}],"is_beta":false,"boss_relics":[{"not_picked":["Cursed Key","Pandora\u0027s Box"],"picked":"Black Star"}],"items_purged_floors":[],"is_endless":false,"potions_floor_spawned":[8,11,19,22],"killed_by":"Shelled Parasite and Fungi","ascension_level":0}}