{"host":"4gkev1dtxxhiue3x","time":1614068923,"event":{"mods":["AchievementEnabler","BaseMod","Better Altar","Better Match","Better Note","Better Sensory Stone","Better Skull","Better Third Choice","Colored Powertips","Friendly Minions","Hermit","Minty Spire (QoL Compilation)","Relic Stats","Robot Space Explorer","Shop Mod","StSLib","The Disciple","The Hierophant"],"gold_per_floor":[116,116,0,0,0,0,28,28,28,54,71,91,101,129,129,129,129],"floor_reached":16,"language":"ENG","playtime":898,"items_purged":[],"score":185,"play_id":"68f53d78-09a0-4440-9b86-f8e283b0d92c","local_time":"20210223092843","is_ascension_mode":true,"campfire_choices":[{"data":"Enlightenment","floor":6,"key":"SMITH"},{"data":"RobotSpaceExplorer:BigMissile","floor":8,"key":"SMITH"},{"data":"RobotSpaceExplorer:Arsenal","floor":15,"key":"SMITH"}],"circlet_count":0,"master_deck":["RobotSpaceExplorer:Strike","RobotSpaceExplorer:Strike+1","RobotSpaceExplorer:Strike+1","RobotSpaceExplorer:Defend","RobotSpaceExplorer:Defend","RobotSpaceExplorer:Defend","RobotSpaceExplorer:Defend","RobotSpaceExplorer:Scan","RobotSpaceExplorer:MiniLasers","RobotSpaceExplorer:BigMissile+1","RobotSpaceExplorer:SlimeMissile","Enlightenment+1","RobotSpaceExplorer:SurgingShield","RobotSpaceExplorer:Arsenal+1","RobotSpaceExplorer:ScrapMissile","RobotSpaceExplorer:DoubleFind","RobotSpaceExplorer:JunkDive","RobotSpaceExplorer:RigExplosive"],"relics":["RobotSpaceExplorer:RoboCore","NeowsBlessing","Bottled Lightning","Lizard Tail","Orichalcum","RobotSpaceExplorer:PlasmaHourglass"],"acts_visited":["Exordium"],"potions_floor_usage":[],"damage_taken":[{"damage":0,"enemies":"2 Louse","floor":1,"turns":1},{"damage":0,"enemies":"Lagavulin","floor":7,"turns":1},{"damage":0,"enemies":"Gremlin Nob","floor":10,"turns":1},{"damage":0,"enemies":"Small Slimes","floor":11,"turns":2},{"damage":0,"enemies":"Cultist","floor":12,"turns":2},{"damage":0,"enemies":"Large Slime","floor":13,"turns":3},{"damage":8,"enemies":"3 Sentries","floor":14,"turns":6},{"damage":55,"enemies":"The Guardian","floor":16,"turns":12}],"seed_played":"-8707647329540133188","potions_obtained":[{"floor":10,"key":"GamblersBrew"},{"floor":12,"key":"Ancient Potion"},{"floor":13,"key":"BlessingOfTheForge"}],"is_trial":false,"path_per_floor":["M","?","?","?","?","R","E","R","T","E","M","M","M","E","R","B"],"character_chosen":"RobotSpaceExplorer","items_purchased":[],"campfire_rested":0,"item_purchase_floors":[],"current_hp_per_floor":[75,75,81,65,57,57,57,57,57,57,57,57,57,49,49,35,35],"gold":129,"neow_bonus":"THREE_ENEMY_KILL","is_daily":false,"chose_seed":false,"campfire_upgraded":3,"win_rate":0.0,"timestamp":1614068923,"path_taken":["M","?","?","?","?","R","E","R","T","E","?","M","M","E","R","BOSS"],"items_purchased_type":[],"build_version":"2020-12-22","purchased_purges":0,"victory":false,"max_hp_per_floor":[75,75,81,81,81,81,81,81,81,81,81,81,81,81,81,81,81],"relic_stats":{"Lizard Tail":40,"counters":[8,28],"Orichalcum":[30],"obtain_stats":[{"Lizard Tail":9,"NeowsBlessing":0,"RobotSpaceExplorer:PlasmaHourglass":14,"RobotSpaceExplorer:RoboCore":0,"Bottled Lightning":7,"Orichalcum":10},{"Lizard Tail":2,"NeowsBlessing":0,"RobotSpaceExplorer:PlasmaHourglass":7,"RobotSpaceExplorer:RoboCore":0,"Bottled Lightning":2,"Orichalcum":3},{"Lizard Tail":2,"NeowsBlessing":0,"RobotSpaceExplorer:PlasmaHourglass":16,"RobotSpaceExplorer:RoboCore":0,"Bottled Lightning":2,"Orichalcum":3}]},"card_choices":[{"not_picked":["RobotSpaceExplorer:ShockKick","RobotSpaceExplorer:MetalStrike"],"picked":"RobotSpaceExplorer:BigMissile","floor":1},{"not_picked":["RobotSpaceExplorer:MiniDrones","RobotSpaceExplorer:Discharger"],"picked":"RobotSpaceExplorer:SurgingShield","floor":7},{"not_picked":["RobotSpaceExplorer:PowerGlove","RobotSpaceExplorer:Pulsar"],"picked":"RobotSpaceExplorer:Arsenal","floor":10},{"not_picked":["RobotSpaceExplorer:MetalStrike","RobotSpaceExplorer:TurboDodge"],"picked":"RobotSpaceExplorer:ScrapMissile","floor":11},{"not_picked":["RobotSpaceExplorer:StunGrenade","RobotSpaceExplorer:SlimeMissile"],"picked":"RobotSpaceExplorer:DoubleFind","floor":12},{"not_picked":["RobotSpaceExplorer:SurgingStrike","RobotSpaceExplorer:MakeshiftVolley"],"picked":"RobotSpaceExplorer:JunkDive","floor":13},{"not_picked":["RobotSpaceExplorer:PowerCollector","RobotSpaceExplorer:SwiftStep"],"picked":"RobotSpaceExplorer:RigExplosive","floor":14}],"player_experience":255035,"relics_obtained":[{"floor":7,"key":"Bottled Lightning"},{"floor":9,"key":"Lizard Tail"},{"floor":10,"key":"Orichalcum"},{"floor":14,"key":"RobotSpaceExplorer:PlasmaHourglass"}],"event_choices":[{"damage_healed":0,"gold_gain":0,"cards_transformed":["RobotSpaceExplorer:Strike"],"player_choice":"Change","damage_taken":0,"max_hp_gain":0,"max_hp_loss":0,"event_name":"Living Wall","floor":2,"gold_loss":0,"cards_obtained":["RobotSpaceExplorer:SlimeMissile"]},{"damage_healed":0,"gold_gain":0,"player_choice":"RENOUNCE","damage_taken":116,"max_hp_gain":0,"max_hp_loss":0,"event_name":"betterThird:BetterSerpent","floor":3,"gold_loss":116,"cards_obtained":["Enlightenment"]},{"damage_healed":81,"gold_gain":0,"player_choice":"Upgrade","damage_taken":16,"max_hp_gain":0,"max_hp_loss":81,"event_name":"betterThird:BetterShining","floor":4,"gold_loss":0,"cards_upgraded":["RobotSpaceExplorer:Strike","RobotSpaceExplorer:Strike"]},{"damage_healed":0,"gold_gain":0,"player_choice":"Damaged","damage_taken":8,"max_hp_gain":0,"max_hp_loss":0,"event_name":"Wheel of Change","floor":5,"gold_loss":0}],"is_beta":false,"boss_relics":[],"items_purged_floors":[],"is_endless":false,"potions_floor_spawned":[10,12,13],"killed_by":"The Guardian","ascension_level":2}}