{"host":"zxd2l8an9de7z7b9","time":1614058884,"event":{"mods":["100% Spire Juice","2.2 Compatiblity","AchievementEnabler","BaseMod","CapriCore","Colored Map","Colored Powertips","Marisa£¨Ùöéë¡¡Øª×âÞÞ£©","Minty Spire (QoL Compilation)","Rare Cards Sparkle","StSLib","SuperFastMode","Td1madao Mod","everything is the same but u backflip on backflip"],"gold_per_floor":[110,60,160,179,190,190,216,216,216,216,141,159,159,179,179,280,280,298,315,146,164,180,180,180],"floor_reached":23,"language":"KOR","playtime":446,"items_purged":["Defend_R","Defend_R+1"],"score":193,"play_id":"ccf9647e-922e-4367-bacc-125bff61d002","local_time":"20210223144124","is_ascension_mode":false,"campfire_choices":[{"data":"Bash","floor":6.0,"key":"SMITH"},{"data":"Clash","floor":8.0,"key":"SMITH"},{"data":"Defend_R","floor":10.0,"key":"SMITH"},{"data":"Defend_R","floor":15.0,"key":"SMITH"}],"circlet_count":0,"master_deck":["Strike_R","Strike_R","Strike_R","Strike_R","Strike_R+1","Defend_R+1","Bash+1","Clash+1","Dual Wield"],"relics":["Black Blood","NeowsBlessing","Akabeko","Eternal Feather"],"acts_visited":["Exordium","TheCity"],"potions_floor_usage":[],"damage_taken":[{"damage":0.0,"enemies":"2 Louse","floor":1.0,"turns":1.0},{"damage":0.0,"enemies":"Cultist","floor":4.0,"turns":1.0},{"damage":0.0,"enemies":"Jaw Worm","floor":5.0,"turns":1.0},{"damage":14.0,"enemies":"Gremlin Nob","floor":7.0,"turns":4.0},{"damage":0.0,"enemies":"Looter","floor":12.0,"turns":1.0},{"damage":9.0,"enemies":"Gremlin Gang","floor":14.0,"turns":3.0},{"damage":8.0,"enemies":"The Guardian","floor":16.0,"turns":9.0},{"damage":13.0,"enemies":"3 Byrds","floor":18.0,"turns":6.0},{"damage":12.0,"enemies":"2 Thieves","floor":19.0,"turns":4.0},{"damage":13.0,"enemies":"Snake Plant","floor":21.0,"turns":2.0},{"damage":10.0,"enemies":"Cultist and Chosen","floor":22.0,"turns":4.0},{"damage":19,"enemies":"Slavers","floor":23,"turns":2}],"seed_played":"5891321614580127468","potions_obtained":[{"floor":5.0,"key":"Energy Potion"},{"floor":7.0,"key":"EntropicBrew"},{"floor":14.0,"key":"EntropicBrew"},{"floor":16.0,"key":"Fruit Juice"},{"floor":22.0,"key":"Swift Potion"}],"is_trial":false,"path_per_floor":["M","?","?","M","M","R","E","R","T","R","$","M","?","M","R","B",null,"M","M","$","M","M","E"],"character_chosen":"IRONCLAD","items_purchased":["Dual Wield"],"campfire_rested":0,"item_purchase_floors":[20],"current_hp_per_floor":[80,80,80,80,80,80,72,72,72,78,78,80,80,77,80,83,85,84,84,84,83,85,66,66],"gold":180,"neow_bonus":"THREE_ENEMY_KILL","is_daily":false,"chose_seed":false,"campfire_upgraded":4,"win_rate":0.0,"timestamp":1614058884,"path_taken":["M","?","?","M","M","R","E","R","T","R","$","?","?","M","R","BOSS","M","?","$","M","?","E"],"items_purchased_type":["Card"],"build_version":"2020-12-22","purchased_purges":2,"victory":false,"max_hp_per_floor":[80,80,80,80,80,80,80,80,80,80,80,80,80,80,80,85,85,85,85,85,85,85,85,85],"card_choices":[{"not_picked":["Perfected Strike","Warcry"],"picked":"Clash","floor":1.0},{"not_picked":["Searing Blow","Flame Barrier","Iron Wave"],"picked":"SKIP","floor":4.0},{"not_picked":["Entrench","Wild Strike","Carnage"],"picked":"SKIP","floor":5.0},{"not_picked":["Infernal Blade","Iron Wave","Searing Blow"],"picked":"SKIP","floor":7.0},{"not_picked":["Twin Strike","Whirlwind","Thunderclap"],"picked":"SKIP","floor":12.0},{"not_picked":["Anger","Exhume","Wild Strike"],"picked":"SKIP","floor":14.0},{"not_picked":["Cleave","Sever Soul+1","Blood for Blood"],"picked":"SKIP","floor":18.0},{"not_picked":["Feel No Pain","Anger","Twin Strike+1"],"picked":"SKIP","floor":19.0},{"not_picked":["Clash","Pommel Strike","Wild Strike+1"],"picked":"SKIP","floor":21.0},{"not_picked":["Ghostly Armor","Fire Breathing","Carnage"],"picked":"SKIP","floor":22.0}],"player_experience":451404,"relics_obtained":[{"floor":7.0,"key":"Akabeko"},{"floor":9.0,"key":"Eternal Feather"}],"event_choices":[{"cards_removed":["Defend_R"],"damage_healed":0.0,"max_hp_gain":0.0,"max_hp_loss":0.0,"gold_gain":0.0,"event_name":"The Cleric","player_choice":"Card Removal","floor":2.0,"gold_loss":50.0,"damage_taken":0.0},{"damage_healed":0.0,"max_hp_gain":0.0,"max_hp_loss":0.0,"gold_gain":100.0,"event_name":"Golden Shrine","player_choice":"Pray","floor":3.0,"gold_loss":0.0,"damage_taken":0.0},{"damage_healed":0.0,"max_hp_gain":0.0,"max_hp_loss":0.0,"gold_gain":0.0,"event_name":"Upgrade Shrine","player_choice":"Upgraded","floor":13.0,"gold_loss":0.0,"damage_taken":0.0,"cards_upgraded":["Strike_R"]}],"is_beta":false,"boss_relics":[{"not_picked":["Busted Crown","Runic Cube"],"picked":"Black Blood"}],"items_purged_floors":[11,20],"is_endless":false,"potions_floor_spawned":[5,7,14,16,22],"killed_by":"Slavers","ascension_level":0}}