{"host":"js2su9tbbk4rmjfl","time":1614124759,"event":{"mods":["AchievementEnabler","BaseMod","Block Reminder","Colored Map","Colored Powertips","Highlight Path","Minty Spire (QoL Compilation)","Relic Stats"],"gold_per_floor":[112,130,150,76,91,91,116,37,62,78,93,93,108,148,148,237,237,253,273,273,273],"floor_reached":20,"language":"ENG","playtime":1291,"items_purged":[],"score":562,"play_id":"930e24fa-2d6c-406a-8179-577b2d91ee64","local_time":"20210224005919","is_ascension_mode":true,"campfire_choices":[{"data":"Inflame","floor":6,"key":"SMITH"},{"data":"Fire Breathing","floor":15,"key":"SMITH"}],"circlet_count":0,"master_deck":["AscendersBane","Bash","Power Through","Inflame+1","Pommel Strike","Shrug It Off","Wild Strike","Fire Breathing+1","Battle Trance","Limit Break","Armaments","Seeing Red","Inflame","Bloodletting","Infernal Blade","Rage","Warcry","Exhume","Clash","Inflame+1"],"relics":["Burning Blood","NeowsBlessing","Juzu Bracelet","Bag of Marbles","Happy Flower","Golden Idol","Darkstone Periapt","Pandora\u0027s Box"],"acts_visited":["Exordium","TheCity"],"potions_floor_usage":[7,7,10],"damage_taken":[{"damage":0,"enemies":"Cultist","floor":1,"turns":1},{"damage":0,"enemies":"Jaw Worm","floor":2,"turns":1},{"damage":0,"enemies":"2 Louse","floor":3,"turns":1},{"damage":9,"enemies":"Red Slaver","floor":5,"turns":5},{"damage":10,"enemies":"Lagavulin","floor":7,"turns":5},{"damage":6,"enemies":"Blue Slaver","floor":10,"turns":4},{"damage":9,"enemies":"Exordium Wildlife","floor":11,"turns":4},{"damage":1,"enemies":"Red Slaver","floor":13,"turns":3},{"damage":32,"enemies":"Gremlin Nob","floor":14,"turns":4},{"damage":23,"enemies":"The Guardian","floor":16,"turns":12},{"damage":24,"enemies":"2 Thieves","floor":18,"turns":4},{"damage":18,"enemies":"3 Byrds","floor":19,"turns":4},{"damage":31,"enemies":"Snecko","floor":20,"turns":6}],"seed_played":"-5735438264156863363","potions_obtained":[{"floor":1,"key":"SteroidPotion"},{"floor":2,"key":"PowerPotion"},{"floor":5,"key":"DistilledChaos"},{"floor":7,"key":"Dexterity Potion"}],"is_trial":false,"path_per_floor":["M","M","M","?","M","R","E","$","T","M","M","?","M","E","R","B",null,"M","M","M"],"character_chosen":"IRONCLAD","items_purchased":["Fire Breathing"],"campfire_rested":0,"item_purchase_floors":[8],"current_hp_per_floor":[74,75,75,75,72,72,68,68,68,68,65,65,68,42,42,25,57,39,27,0,0],"gold":273,"neow_bonus":"THREE_ENEMY_KILL","is_daily":false,"chose_seed":false,"campfire_upgraded":2,"win_rate":0.0,"timestamp":1614124759,"path_taken":["M","?","M","?","M","R","E","?","T","M","M","?","M","E","R","BOSS","M","M","M"],"items_purchased_type":["Card"],"build_version":"2020-12-22","purchased_purges":0,"victory":false,"max_hp_per_floor":[75,75,75,75,75,75,75,75,75,75,75,68,68,68,68,68,68,68,68,68,68],"relic_stats":{"Darkstone Periapt":0,"Happy Flower":[13],"counters":[13,54],"Golden Idol":36,"Pandora\u0027s Box":["Armaments","Seeing Red","Inflame","Bloodletting","Infernal Blade","Rage","Warcry","Exhume","Clash"],"Juzu Bracelet":1,"obtain_stats":[{"Darkstone Periapt":14,"NeowsBlessing":0,"Happy Flower":9,"Golden Idol":12,"Pandora\u0027s Box":17,"Juzu Bracelet":4,"Bag of Marbles":7,"Burning Blood":0},{"Darkstone Periapt":9,"NeowsBlessing":0,"Happy Flower":5,"Golden Idol":7,"Pandora\u0027s Box":10,"Juzu Bracelet":3,"Bag of Marbles":5,"Burning Blood":0},{"Darkstone Periapt":28,"NeowsBlessing":0,"Happy Flower":13,"Golden Idol":21,"Pandora\u0027s Box":40,"Juzu Bracelet":3,"Bag of Marbles":13,"Burning Blood":0}],"Burning Blood":59},"card_choices":[{"not_picked":["Entrench","True Grit"],"picked":"Power Through","floor":1},{"not_picked":["Sword Boomerang","Metallicize"],"picked":"Inflame","floor":2},{"not_picked":["Thunderclap","Wild Strike"],"picked":"Pommel Strike","floor":3},{"not_picked":["Twin Strike","Wild Strike"],"picked":"Shrug It Off","floor":5},{"not_picked":["Exhume","Perfected Strike"],"picked":"Wild Strike","floor":7},{"not_picked":["True Grit","Anger","Body Slam"],"picked":"SKIP","floor":10},{"not_picked":["Blood for Blood","Ghostly Armor","True Grit"],"picked":"SKIP","floor":11},{"not_picked":["Headbutt","Twin Strike","Iron Wave"],"picked":"SKIP","floor":13},{"not_picked":["Pommel Strike","Second Wind"],"picked":"Battle Trance","floor":14},{"not_picked":["Offering","Berserk"],"picked":"Limit Break","floor":16},{"not_picked":["Headbutt","Anger"],"picked":"Inflame+1","floor":18},{"not_picked":["Thunderclap+1","Entrench","Anger"],"picked":"SKIP","floor":19}],"player_experience":901586,"relics_obtained":[{"floor":7,"key":"Bag of Marbles"},{"floor":9,"key":"Happy Flower"},{"floor":14,"key":"Darkstone Periapt"}],"event_choices":[{"damage_healed":0,"gold_gain":0,"player_choice":"Paid Gold","damage_taken":0,"relics_obtained":["Juzu Bracelet"],"max_hp_gain":0,"max_hp_loss":0,"event_name":"WeMeetAgain","floor":4,"gold_loss":74},{"damage_healed":0,"gold_gain":0,"player_choice":"Lose Max HP","damage_taken":0,"relics_obtained":["Golden Idol"],"max_hp_gain":0,"max_hp_loss":7,"event_name":"Golden Idol","floor":12,"gold_loss":0}],"is_beta":false,"boss_relics":[{"not_picked":["Snecko Eye","Runic Cube"],"picked":"Pandora\u0027s Box"}],"items_purged_floors":[],"is_endless":false,"potions_floor_spawned":[1,2,5,7],"killed_by":"Snecko","ascension_level":19}}