{"host":"adt9pv9dmmkchns7","time":1614107542,"event":{"mods":["AchievementEnabler","Aspiration","BaseMod","Beaked The Cultist","Better Third Choice","Curses Come First","Energized Spire","Minty Spire (QoL Compilation)","Permanent Neow","Potionbrewer","Quick Restart","Reliquary","Replay The Spire","Robot Space Explorer","Shade Mod","Spicy Shops","StSLib","The Blackbeard","The Cursed","The Forsaken","The Gatherer","The Necromancer","Wandering Minibosses"],"gold_per_floor":[112,130,55,68,82,82,108,108,186,216,196,208,190,393,393,493,493,509,509,521,532,494,494,494,494],"floor_reached":23,"language":"ENG","playtime":2758,"items_purged":["Pain"],"score":267,"play_id":"71f812bc-dbed-464d-ac61-a85db401fd2a","local_time":"20210223201222","is_ascension_mode":true,"metric_token":1489,"campfire_choices":[{"floor":6,"key":"RECALL"},{"data":"Gatherer:MiningStrike","floor":8,"key":"SMITH"},{"data":"Gatherer:ColorfulGarden","floor":15,"key":"SMITH"}],"circlet_count":0,"master_deck":["Gatherer:Strike_Gatherer","Gatherer:Strike_Gatherer","Gatherer:Strike_Gatherer","Gatherer:Strike_Gatherer","Gatherer:Strike_Gatherer","Gatherer:Defend_Gatherer","Gatherer:Defend_Gatherer","Gatherer:Defend_Gatherer","Gatherer:Defend_Gatherer","Gatherer:Defend_Gatherer","Gatherer:Centralize","Gatherer:FlowerWhip","Gatherer:ColorfulGarden+1","Gatherer:Uplift","Gatherer:Enchant","Gatherer:RecoveryHerb","Gatherer:MiningStrike+1","Gatherer:AromaProtection","Gatherer:BlackTea","Gatherer:FlowerShield","Gatherer:FlowerPower","Gatherer:WoolGloves","Gatherer:CarefulStrike","Gatherer:HeartToFruit","Gatherer:Frenzy","Gatherer:EchoOfNature","Gatherer:Frenzy+1"],"relics":["reliquary:KinkedSpring","aspiration:RitualStick"],"acts_visited":["Exordium","TheCity"],"potions_floor_usage":[7,13,16,16,16,21,22,22,23],"damage_taken":[{"damage":1,"enemies":"Cultist","floor":1,"turns":4},{"damage":3,"enemies":"2 Louse","floor":2,"turns":5},{"damage":0,"enemies":"Small Slimes","floor":4,"turns":3},{"damage":0,"enemies":"2 Fungi Beasts","floor":5,"turns":4},{"damage":5,"enemies":"Lagavulin","floor":7,"turns":7},{"damage":6,"enemies":"3 Sentries","floor":10,"turns":11},{"damage":16,"enemies":"Looter","floor":11,"turns":5},{"damage":0,"enemies":"Large Slime","floor":12,"turns":5},{"damage":5,"enemies":"Exordium Wildlife","floor":13,"turns":7},{"damage":8,"enemies":"Fading Forest","floor":16,"turns":11},{"damage":5,"enemies":"Spheric Guardian","floor":18,"turns":6},{"damage":0,"enemies":"Chosen","floor":20,"turns":4},{"damage":0,"enemies":"Centurion and Healer","floor":21,"turns":10},{"damage":52,"enemies":"3 Cultists","floor":22,"turns":7},{"damage":35,"enemies":"Slavers","floor":23,"turns":1}],"seed_played":"3150966008490927561","potions_obtained":[{"floor":1,"key":"FearPotion"},{"floor":5,"key":"Ancient Potion"},{"floor":11,"key":"PowerPotion"},{"floor":12,"key":"Poison Potion"},{"floor":13,"key":"potionbrewer:ToxicPotion"},{"floor":16,"key":"LiquidBronze"},{"floor":18,"key":"SteroidPotion"},{"floor":21,"key":"Toxic Potion"},{"floor":22,"key":"BlessingOfTheForge"}],"is_trial":false,"path_per_floor":["M","M","$","M","M","R","E","R","T","E","M","M","M","?","R","B",null,"M","?","M","M","M","E"],"character_chosen":"THE_GATHERER","items_purchased":[],"campfire_rested":0,"item_purchase_floors":[],"current_hp_per_floor":[71,68,68,68,68,68,64,64,64,60,46,49,47,29,29,34,72,70,55,58,63,14,0,0,0],"gold":494,"neow_bonus":"THREE_RARE_CARDS","is_daily":false,"chose_seed":false,"campfire_upgraded":2,"win_rate":0.0,"timestamp":1614107542,"path_taken":["M","M","$","M","M","R","E","R","T","E","M","M","?","?","R","BOSS","M","?","M","M","M","E"],"items_purchased_type":[],"build_version":"2020-12-22","purchased_purges":1,"victory":false,"max_hp_per_floor":[72,72,72,72,72,72,72,72,72,72,72,72,72,72,72,72,72,75,75,78,81,84,84,84,84],"card_choices":[{"not_picked":["Gatherer:GrowBook","Gatherer:LuckyClover"],"picked":"Gatherer:ColorfulGarden","floor":0},{"not_picked":["Gatherer:SmartManeuver","Gatherer:CarefulStrike"],"picked":"Gatherer:Uplift","floor":1},{"not_picked":["Gatherer:Pollute","Gatherer:SaveValuables"],"picked":"Gatherer:Enchant","floor":2},{"not_picked":["Gatherer:GatherMaterial","Gatherer:Convert"],"picked":"Gatherer:RecoveryHerb","floor":4},{"not_picked":["Gatherer:Snatch","Gatherer:CarefulStrike"],"picked":"Gatherer:MiningStrike","floor":5},{"not_picked":["Gatherer:SmartManeuver","Gatherer:WoolGloves"],"picked":"Gatherer:AromaProtection","floor":7},{"not_picked":["Gatherer:UpgradeBag","Gatherer:Frenzy"],"picked":"Gatherer:BlackTea","floor":10},{"not_picked":["Gatherer:DrugPower","Gatherer:WoolGloves"],"picked":"Gatherer:FlowerShield","floor":11},{"not_picked":["Gatherer:Herbalism","Gatherer:RecoveryHerb"],"picked":"Gatherer:FlowerPower","floor":12},{"not_picked":["Gatherer:Herbalism","Gatherer:Duplicator"],"picked":"Gatherer:WoolGloves","floor":13},{"not_picked":["Gatherer:Polymorphism","Gatherer:BambuSword"],"picked":"Gatherer:CarefulStrike","floor":14},{"not_picked":["Gatherer:LuckyClover","Gatherer:FinishingStrike"],"picked":"Gatherer:HeartToFruit","floor":16},{"not_picked":["Gatherer:Snatch","Gatherer:PotentialSlash"],"picked":"Gatherer:Frenzy","floor":18},{"not_picked":["Gatherer:ScrollOfWall+1","Gatherer:Transmute+1"],"picked":"Gatherer:EchoOfNature","floor":20},{"not_picked":["Gatherer:FragileHammer","Gatherer:QuickSynthesis"],"picked":"Gatherer:Frenzy+1","floor":21},{"not_picked":["Gatherer:DrugPower","Gatherer:RecipeChange+1","Gatherer:Herbalism"],"picked":"SKIP","floor":22}],"player_experience":1004756,"relics_obtained":[{"floor":7,"key":"Replay:PocketPolymizer"},{"floor":10,"key":"reliquary:RosewoodLute"}],"event_choices":[],"is_beta":false,"boss_relics":[{"not_picked":["Snecko Eye","SacredBark"],"picked":"reliquary:KinkedSpring"}],"items_purged_floors":[3],"is_endless":false,"potions_floor_spawned":[1,5,11,12,13,16,18,21,22],"killed_by":"Slavers","ascension_level":3}}