{"host":"bx54wbx1b8s5cm4v","time":1614040771,"event":{"mods":["BaseMod","GifTheSpireLib","Hubris","Minty Spire (QoL Compilation)","StSLib"],"gold_per_floor":[115,115,190,190,207,207,233,247,292,38,53,69,79,79,79,183,233,248,261,117,192,212,212,212,242,242,0,0,0],"floor_reached":28,"language":"ENG","playtime":1075,"items_purged":["Defend_G"],"score":274,"play_id":"9ff78328-4317-40d6-8553-9a40cc0fbc19","local_time":"20210222213931","is_ascension_mode":true,"campfire_choices":[{"data":"Survivor","floor":6,"key":"SMITH"},{"floor":15,"key":"REST"},{"data":"Accuracy","floor":23,"key":"SMITH"}],"circlet_count":0,"master_deck":["Strike_G","Strike_G","Strike_G","Strike_G","Strike_G","Defend_G","Defend_G","Defend_G","Defend_G","Survivor+1","Neutralize","Terror+1","Dagger Spray","Acrobatics+1","Acrobatics","Cloak And Dagger+1","Backflip","Endless Agony","Blade Dance","Unload","Cloak And Dagger","Eviscerate","Accuracy+1","Blade Dance","PiercingWail+1"],"relics":["Ring of the Snake","Centennial Puzzle","hubris:MysteriousPyramids","MealTicket","Question Card","Tiny House","PreservedInsect","Meat on the Bone"],"acts_visited":["Exordium","TheCity"],"potions_floor_usage":[7,7],"damage_taken":[{"damage":1,"enemies":"2 Louse","floor":1,"turns":3},{"damage":0,"enemies":"Jaw Worm","floor":5,"turns":3},{"damage":19,"enemies":"Lagavulin","floor":7,"turns":6},{"damage":0,"enemies":"Cultist","floor":8,"turns":3},{"damage":5,"enemies":"Gremlin Gang","floor":11,"turns":5},{"damage":1,"enemies":"Exordium Wildlife","floor":12,"turns":3},{"damage":3,"enemies":"Lots of Slimes","floor":13,"turns":4},{"damage":44,"enemies":"The Guardian","floor":16,"turns":18},{"damage":21,"enemies":"Shell Parasite","floor":18,"turns":6},{"damage":8,"enemies":"2 Thieves","floor":19,"turns":5},{"damage":15,"enemies":"Shelled Parasite and Fungi","floor":22,"turns":3},{"damage":36,"enemies":"Book of Stabbing","floor":25,"turns":5},{"damage":8,"enemies":"Snake Plant","floor":28,"turns":1}],"seed_played":"8987996811882258181","potions_obtained":[{"floor":1,"key":"AttackPotion"},{"floor":5,"key":"SteroidPotion"},{"floor":11,"key":"Fire Potion"},{"floor":16,"key":"Dexterity Potion"},{"floor":17,"key":"SneckoOil"},{"floor":22,"key":"FearPotion"}],"is_trial":false,"path_per_floor":["M","?","?","?","M","R","E","M","T","$","M","M","M","?","R","B",null,"M","M","$","?","M","R","?","E","T","?","M"],"character_chosen":"THE_SILENT","items_purchased":["Question Card","Accuracy"],"campfire_rested":1,"item_purchase_floors":[10,20],"current_hp_per_floor":[69,69,58,33,33,33,14,14,14,29,24,23,20,25,47,3,80,59,51,66,58,43,43,43,7,7,7,0,0],"gold":0,"neow_bonus":"THREE_CARDS","is_daily":false,"chose_seed":false,"campfire_upgraded":2,"win_rate":0.0,"timestamp":1614040771,"path_taken":["M","?","?","?","M","R","E","M","T","?","?","M","?","?","R","BOSS","M","M","$","?","?","R","?","E","T","?","M"],"items_purchased_type":["Relic","Card"],"build_version":"2020-12-22","purchased_purges":1,"victory":false,"max_hp_per_floor":[70,70,70,70,70,70,70,70,70,70,70,70,70,75,75,75,80,80,80,80,80,80,80,80,80,80,80,80,80],"card_choices":[{"not_picked":["Skewer","Bane"],"picked":"Terror","floor":0},{"not_picked":["Deadly Poison","Slice"],"picked":"Dagger Spray","floor":1},{"not_picked":["Catalyst","Dagger Throw"],"picked":"Acrobatics","floor":5},{"not_picked":["Noxious Fumes","Tools of the Trade"],"picked":"Acrobatics","floor":7},{"not_picked":["Blur","Heel Hook"],"picked":"Cloak And Dagger","floor":8},{"not_picked":["Deadly Poison","Eviscerate","Deflect"],"picked":"Backflip","floor":11},{"not_picked":["Acrobatics","Outmaneuver","Deadly Poison"],"picked":"Endless Agony","floor":12},{"not_picked":["Backflip","Flying Knee","Dagger Spray"],"picked":"Blade Dance","floor":13},{"not_picked":["Glass Knife","Phantasmal Killer","Tools of the Trade"],"picked":"Unload","floor":16},{"not_picked":["Dagger Throw","hubris:SlightOfHand","Deflect"],"picked":"Cloak And Dagger","floor":17},{"not_picked":["hubris:SlightOfHand","Sucker Punch","Slice+1","Malaise"],"picked":"SKIP","floor":18},{"not_picked":["Dodge and Roll","Bane+1","Quick Slash"],"picked":"Eviscerate","floor":19},{"not_picked":["Sucker Punch","Well Laid Plans","Heel Hook"],"picked":"Blade Dance","floor":22},{"not_picked":["Calculated Gamble+1","Burst","Dagger Throw"],"picked":"PiercingWail+1","floor":25}],"player_experience":56118,"relics_obtained":[{"floor":7,"key":"hubris:MysteriousPyramids"},{"floor":9,"key":"MealTicket"},{"floor":25,"key":"PreservedInsect"},{"floor":26,"key":"Meat on the Bone"}],"event_choices":[{"damage_healed":0,"gold_gain":0,"player_choice":"Grow","damage_taken":0,"max_hp_gain":0,"max_hp_loss":0,"event_name":"Living Wall","floor":2,"gold_loss":0,"cards_upgraded":["Terror"]},{"damage_healed":0,"gold_gain":75,"player_choice":"Gather Gold","damage_taken":11,"max_hp_gain":0,"max_hp_loss":0,"event_name":"World of Goop","floor":3,"gold_loss":0},{"damage_healed":0,"gold_gain":0,"player_choice":"Success","damage_taken":25,"relics_obtained":["Centennial Puzzle"],"max_hp_gain":0,"max_hp_loss":0,"event_name":"Scrap Ooze","floor":4,"gold_loss":0},{"damage_healed":0,"gold_gain":0,"player_choice":"Donut","damage_taken":0,"max_hp_gain":5,"max_hp_loss":0,"event_name":"Big Fish","floor":14,"gold_loss":0},{"damage_healed":0,"gold_gain":75,"player_choice":"Touch","damage_taken":8,"max_hp_gain":0,"max_hp_loss":0,"event_name":"FaceTrader","floor":21,"gold_loss":0},{"damage_healed":0,"gold_gain":0,"player_choice":"Paid Fearfully","damage_taken":0,"max_hp_gain":0,"max_hp_loss":0,"event_name":"Masked Bandits","floor":27,"gold_loss":242}],"is_beta":false,"boss_relics":[{"not_picked":["Astrolabe","hubris:GrandSneckoEye"],"picked":"Tiny House"}],"items_purged_floors":[20],"is_endless":false,"potions_floor_spawned":[1,5,11,16,22],"killed_by":"Snake Plant","ascension_level":3}}