{"host":"8is2j71l4wmybkoi","time":1614084808,"event":{"mods":["AchievementEnabler","BaseMod","Colored Map","DeckTracker","Minty Spire (QoL Compilation)","Rare Cards Sparkle","Relic Stats","StSLib","SuperFastMode"],"gold_per_floor":[109,109,259,270,345,357,376,376,426,426,8,36,36,65,65,138,138,152,13,13,13,13,44,44,75,102,134,154,154,184,198,198,271,271,285,340,340,144,161,161,175,201,276,289,317,317,327,340,340,340,340],"floor_reached":50,"language":"KOR","playtime":2732,"items_purged":["Doubt","Strike_G","Strike_G"],"score":1119,"play_id":"07408cc5-6cfe-44f1-b8d4-da0baaf46d2b","local_time":"20210223215328","is_ascension_mode":true,"campfire_choices":[{"data":"Blade Dance","floor":8.0,"key":"SMITH"},{"floor":10.0,"key":"REST"},{"floor":13.0,"key":"REST"},{"data":"Sadistic Nature","floor":15.0,"key":"SMITH"},{"data":"Catalyst","floor":24.0,"key":"SMITH"},{"data":"Tactician","floor":29.0,"key":"SMITH"},{"floor":32.0,"key":"REST"},{"data":"Well Laid Plans","floor":40.0,"key":"SMITH"},{"floor":49,"key":"RECALL"}],"circlet_count":0,"master_deck":["AscendersBane","Strike_G","Strike_G+1","Defend_G","Defend_G","Defend_G","Defend_G","Defend_G","Survivor","Neutralize","Sadistic Nature+1","Acrobatics","Flechettes","PiercingWail","Blade Dance+1","Bouncing Flask","Eviscerate+1","Reflex","Adrenaline","Cloak And Dagger+1","Masterful Stab","Adrenaline","Catalyst+1","Well Laid Plans+1","Tactician+1","Accuracy","Tactician","Venomology","Catalyst","Backflip","Blade Dance+1","Dodge and Roll+1","PanicButton","Good Instincts","Sucker Punch+1","PiercingWail"],"relics":["Ring of the Serpent","Toy Ornithopter","Oddly Smooth Stone","Bronze Scales","Nunchaku","Regal Pillow","The Courier","Bag of Preparation","Ornamental Fan","MealTicket","Molten Egg 2","HoveringKite","Du-Vu Doll","Membership Card","Whetstone","Singing Bowl","Juzu Bracelet"],"acts_visited":["Exordium","TheCity","TheBeyond"],"potions_floor_usage":[45,47,48,50,50],"damage_taken":[{"damage":0.0,"enemies":"Small Slimes","floor":1.0,"turns":4.0},{"damage":0.0,"enemies":"2 Louse","floor":4.0,"turns":4.0},{"damage":2.0,"enemies":"Jaw Worm","floor":6.0,"turns":4.0},{"damage":0.0,"enemies":"2 Fungi Beasts","floor":7.0,"turns":3.0},{"damage":24.0,"enemies":"Lagavulin","floor":12.0,"turns":5.0},{"damage":17.0,"enemies":"3 Sentries","floor":14.0,"turns":8.0},{"damage":7.0,"enemies":"Hexaghost","floor":16.0,"turns":8.0},{"damage":0.0,"enemies":"Chosen","floor":18.0,"turns":3.0},{"damage":0.0,"enemies":"Gremlin Leader","floor":23.0,"turns":7.0},{"damage":6.0,"enemies":"Slavers","floor":25.0,"turns":4.0},{"damage":24.0,"enemies":"Gremlin Leader","floor":27.0,"turns":7.0},{"damage":4.0,"enemies":"2 Thieves","floor":28.0,"turns":4.0},{"damage":6.0,"enemies":"Slavers","floor":30.0,"turns":5.0},{"damage":9.0,"enemies":"Snecko","floor":31.0,"turns":3.0},{"damage":54.0,"enemies":"Automaton","floor":33.0,"turns":10.0},{"damage":0.0,"enemies":"3 Darklings","floor":35.0,"turns":6.0},{"damage":23.0,"enemies":"2 Orb Walkers","floor":36.0,"turns":5.0},{"damage":4.0,"enemies":"3 Shapes","floor":39.0,"turns":4.0},{"damage":1.0,"enemies":"Spire Growth","floor":41.0,"turns":3.0},{"damage":8.0,"enemies":"Reptomancer","floor":42.0,"turns":5.0},{"damage":7.0,"enemies":"Sphere and 2 Shapes","floor":44.0,"turns":4.0},{"damage":3,"enemies":"Giant Head","floor":45,"turns":5},{"damage":1,"enemies":"Transient","floor":47,"turns":5},{"damage":20,"enemies":"3 Darklings","floor":48,"turns":5},{"damage":62,"enemies":"Awakened One","floor":50,"turns":11}],"seed_played":"-1041769313039551213","potions_obtained":[{"floor":1.0,"key":"SkillPotion"},{"floor":7.0,"key":"Dexterity Potion"},{"floor":12.0,"key":"Dexterity Potion"},{"floor":27.0,"key":"Energy Potion"},{"floor":28.0,"key":"EntropicBrew"},{"floor":30.0,"key":"Dexterity Potion"},{"floor":41.0,"key":"Fire Potion"},{"floor":42.0,"key":"CultistPotion"},{"floor":44,"key":"Swift Potion"},{"floor":47,"key":"Poison Potion"}],"is_trial":false,"path_per_floor":["M","?","?","M","?","M","M","R","T","R","$","E","R","E","R","B",null,"M","$","?","$","?","E","R","E","T","E","M","R","E","M","R","B",null,"M","?","?","$","M","R","M","E","T","M","E","?","M","M","R","B"],"character_chosen":"THE_SILENT","items_purchased":["Bouncing Flask","Bronze Scales","Nunchaku","DistilledChaos","Membership Card","Backflip"],"campfire_rested":3,"item_purchase_floors":[11,11,11,19,38,38],"current_hp_per_floor":[44,33,33,33,22,20,20,20,20,39,39,20,54,42,42,40,60,60,60,60,60,60,65,65,59,59,35,31,31,30,21,55,21,55,55,48,48,63,59,59,63,63,63,60,62,54,58,43,43,0,0],"gold":340,"neow_bonus":"RANDOM_COLORLESS_2","is_daily":false,"chose_seed":false,"campfire_upgraded":5,"win_rate":0.0,"timestamp":1614084808,"path_taken":["M","?","?","M","?","M","?","R","T","R","$","E","R","E","R","BOSS","M","$","?","?","?","E","R","E","T","E","M","R","E","?","R","BOSS","M","?","?","$","M","R","M","E","T","M","E","?","M","M","R","BOSS"],"items_purchased_type":["Card","Relic","Relic","Potion","Relic","Card"],"build_version":"2020-12-22","purchased_purges":3,"victory":false,"max_hp_per_floor":[66,66,66,66,66,66,66,66,66,66,66,66,66,66,66,66,66,66,66,66,66,66,66,66,66,66,66,66,66,66,66,66,66,66,66,66,66,66,66,66,66,66,66,66,66,68,68,68,68,68,68],"relic_stats":{"Regal Pillow":30,"Singing Bowl":2,"counters":[25,132],"HoveringKite":[27],"Bag of Preparation":[32],"Juzu Bracelet":0,"Whetstone":["Eviscerate","Strike_G"],"Nunchaku":[36],"Ornamental Fan":[256],"Bronze Scales":[321],"MealTicket":15,"obtain_stats":[{"Regal Pillow":12,"Singing Bowl":43,"Oddly Smooth Stone":9,"HoveringKite":34,"The Courier":14,"Bag of Preparation":23,"Juzu Bracelet":45,"Whetstone":42,"Du-Vu Doll":36,"Nunchaku":11,"Ornamental Fan":25,"Bronze Scales":11,"MealTicket":27,"Molten Egg 2":30,"Membership Card":38,"Toy Ornithopter":2,"Ring of the Serpent":17,"Ring of the Snake":0},{"Regal Pillow":5,"Singing Bowl":20,"Oddly Smooth Stone":4,"HoveringKite":15,"The Courier":6,"Bag of Preparation":9,"Juzu Bracelet":22,"Whetstone":20,"Du-Vu Doll":17,"Nunchaku":4,"Ornamental Fan":10,"Bronze Scales":4,"MealTicket":11,"Molten Egg 2":13,"Membership Card":17,"Toy Ornithopter":1,"Ring of the Serpent":7,"Ring of the Snake":0},{"Regal Pillow":20,"Singing Bowl":102,"Oddly Smooth Stone":15,"HoveringKite":79,"The Courier":28,"Bag of Preparation":46,"Juzu Bracelet":111,"Whetstone":102,"Du-Vu Doll":90,"Nunchaku":15,"Ornamental Fan":50,"Bronze Scales":15,"MealTicket":57,"Molten Egg 2":66,"Membership Card":90,"Toy Ornithopter":4,"Ring of the Serpent":36,"Ring of the Snake":0}],"Toy Ornithopter":103},"card_choices":[{"not_picked":["Secret Weapon","Transmutation"],"picked":"Sadistic Nature","floor":0.0},{"not_picked":["Concentrate","Underhanded Strike"],"picked":"Acrobatics","floor":1.0},{"not_picked":["Riddle With Holes","Slice"],"picked":"Flechettes","floor":4.0},{"not_picked":["Setup","Sucker Punch"],"picked":"PiercingWail","floor":6.0},{"not_picked":["Flying Knee","Choke"],"picked":"Blade Dance","floor":7.0},{"not_picked":["Expertise","Blade Dance"],"picked":"Eviscerate","floor":12.0},{"not_picked":["Expertise","Outmaneuver"],"picked":"Reflex","floor":14.0},{"not_picked":["A Thousand Cuts","Envenom"],"picked":"Adrenaline","floor":16.0},{"not_picked":["Flying Knee+1","PiercingWail"],"picked":"Cloak And Dagger+1","floor":18.0},{"not_picked":["Expertise","Blade Dance"],"picked":"Catalyst","floor":23.0},{"not_picked":["Setup","Flying Knee"],"picked":"Unload","floor":25.0},{"not_picked":["Cloak And Dagger","Die Die Die"],"picked":"Well Laid Plans","floor":27.0},{"not_picked":["Dagger Throw","Eviscerate"],"picked":"Tactician","floor":28.0},{"not_picked":["Dagger Throw+1","Flechettes+1"],"picked":"Accuracy","floor":30.0},{"not_picked":["Riddle With Holes+1","All Out Attack+1"],"picked":"Tactician","floor":31.0},{"not_picked":["Phantasmal Killer","Bullet Time"],"picked":"Venomology","floor":33.0},{"not_picked":["Riddle With Holes+1","Cloak And Dagger","Underhanded Strike+1"],"picked":"SKIP","floor":35.0},{"not_picked":["Leg Sweep","Flechettes+1"],"picked":"Catalyst","floor":36.0},{"not_picked":["Outmaneuver","Cloak And Dagger+1","Dagger Spray+1"],"picked":"SKIP","floor":39.0},{"not_picked":["Doppelganger","Distraction","Predator+1"],"picked":"SKIP","floor":41.0},{"not_picked":["Deadly Poison","Masterful Stab+1","Sucker Punch+1"],"picked":"SKIP","floor":42.0},{"not_picked":["Heel Hook+1","Endless Agony+1"],"picked":"Blade Dance+1","floor":44},{"not_picked":["Underhanded Strike+1","Skewer+1"],"picked":"Dodge and Roll+1","floor":45},{"not_picked":["Secret Weapon","Transmutation"],"picked":"PanicButton","floor":46},{"not_picked":["Mind Blast+1","Swift Strike+1"],"picked":"Good Instincts","floor":46},{"not_picked":["Madness","Violence","Magnetism"],"picked":"Singing Bowl","floor":46},{"not_picked":["Accuracy","Flechettes+1"],"picked":"Sucker Punch+1","floor":47},{"not_picked":["Dagger Spray+1","Expertise"],"picked":"PiercingWail","floor":48}],"player_experience":1322486,"relics_obtained":[{"floor":9.0,"key":"Oddly Smooth Stone"},{"floor":12.0,"key":"Regal Pillow"},{"floor":14.0,"key":"The Courier"},{"floor":23.0,"key":"Bag of Preparation"},{"floor":25.0,"key":"Ornamental Fan"},{"floor":27.0,"key":"MealTicket"},{"floor":30.0,"key":"Molten Egg 2"},{"floor":36.0,"key":"Du-Vu Doll"},{"floor":42.0,"key":"Whetstone"},{"floor":43.0,"key":"Singing Bowl"},{"floor":45,"key":"Juzu Bracelet"}],"event_choices":[{"damage_healed":0.0,"max_hp_gain":0.0,"max_hp_loss":0.0,"gold_gain":0.0,"event_name":"Scrap Ooze","player_choice":"Success","floor":2.0,"gold_loss":0.0,"damage_taken":11.0,"relics_obtained":["Toy Ornithopter"]},{"damage_healed":0.0,"max_hp_gain":0.0,"max_hp_loss":0.0,"gold_gain":150.0,"event_name":"Liars Game","player_choice":"AGREE","floor":3.0,"gold_loss":0.0,"damage_taken":0.0,"cards_obtained":["Doubt"]},{"damage_healed":0.0,"max_hp_gain":0.0,"max_hp_loss":0.0,"gold_gain":75.0,"event_name":"World of Goop","player_choice":"Gather Gold","floor":5.0,"gold_loss":0.0,"damage_taken":11.0},{"damage_healed":0.0,"max_hp_gain":0.0,"max_hp_loss":0.0,"gold_gain":0.0,"cards_transformed":["Strike_G"],"event_name":"Transmorgrifier","player_choice":"Transformed","floor":20.0,"gold_loss":0.0,"damage_taken":0.0,"cards_obtained":["Masterful Stab"]},{"damage_healed":0.0,"max_hp_gain":0.0,"max_hp_loss":0.0,"gold_gain":0.0,"event_name":"Duplicator","player_choice":"Copied","floor":22.0,"gold_loss":0.0,"damage_taken":0.0,"cards_obtained":["Adrenaline"]},{"damage_healed":0.0,"max_hp_gain":0.0,"max_hp_loss":0.0,"gold_gain":0.0,"event_name":"Mysterious Sphere","player_choice":"Fight","floor":36.0,"gold_loss":0.0,"damage_taken":0.0},{"cards_removed":["Unload"],"damage_healed":0.0,"max_hp_gain":0.0,"max_hp_loss":0.0,"gold_gain":0.0,"event_name":"Falling","player_choice":"Removed Attack","floor":37.0,"gold_loss":0.0,"damage_taken":0.0},{"damage_healed":0,"gold_gain":0,"player_choice":"Memory 3","damage_taken":10,"max_hp_gain":0,"max_hp_loss":0,"event_name":"SensoryStone","floor":46,"gold_loss":0}],"is_beta":false,"boss_relics":[{"not_picked":["Ectoplasm","Tiny House"],"picked":"Ring of the Serpent"},{"not_picked":["Fusion Hammer","SlaversCollar"],"picked":"HoveringKite"}],"items_purged_floors":[11,19,38],"is_endless":false,"potions_floor_spawned":[1,7,12,27,28,30,41,42,44,45,47],"killed_by":"Awakened One","ascension_level":15}}