{"host":"zwfzlkwql9nyrw94","time":1614112899,"event":{"mods":["AchievementEnabler","BaseMod","Colored Map","Filter the Spire","Grow up Mod","Highlight Path","Minty Spire (QoL Compilation)","Remove Card Discount Mod"],"gold_per_floor":[119,132,82,74,149,149,177,197,197,222,222,222,236,252,252,252,252],"floor_reached":16,"language":"ENG","playtime":621,"items_purged":["Defend_B","Strike_B","Defend_B","Strike_B"],"score":155,"play_id":"b5182120-4c62-4e54-b606-b4ccf3d6a8f3","local_time":"20210223144139","is_ascension_mode":true,"campfire_choices":[{"data":"Dualcast","floor":6,"key":"SMITH"},{"data":"Zap","floor":11,"key":"SMITH"},{"data":"Strike_B","floor":15,"key":"SMITH"}],"circlet_count":0,"master_deck":["Strike_B+1","Defend_B","Defend_B","Zap+1","Dualcast+1"],"relics":["Cursed Key","Boot","Odd Mushroom","Letter Opener"],"acts_visited":["Exordium"],"potions_floor_usage":[16,16],"damage_taken":[{"damage":7,"enemies":"Small Slimes","floor":1,"turns":3},{"damage":11,"enemies":"Jaw Worm","floor":2,"turns":3},{"damage":82,"enemies":"Gremlin Nob","floor":7,"turns":5},{"damage":0,"enemies":"2 Louse","floor":8,"turns":2},{"damage":17,"enemies":"The Mushroom Lair","floor":10,"turns":5},{"damage":0,"enemies":"Gremlin Gang","floor":13,"turns":3},{"damage":6,"enemies":"Large Slime","floor":14,"turns":4},{"damage":76,"enemies":"Hexaghost","floor":16,"turns":11}],"seed_played":"2402768499087235816","potions_obtained":[{"floor":8,"key":"Dexterity Potion"},{"floor":13,"key":"SpeedPotion"}],"is_trial":false,"path_per_floor":["M","M","?","$","?","R","E","M","T","?","R","?","M","M","R","B"],"character_chosen":"DEFECT","items_purchased":[],"campfire_rested":0,"item_purchase_floors":[],"current_hp_per_floor":[88,87,97,107,106,116,44,54,64,57,67,52,62,66,76,0,0],"gold":252,"neow_bonus":"BOSS_RELIC","is_daily":false,"chose_seed":false,"campfire_upgraded":3,"win_rate":0.0,"timestamp":1614112899,"path_taken":["M","M","?","$","?","R","E","M","T","?","R","?","?","M","R","BOSS"],"items_purchased_type":[],"build_version":"2020-12-22","purchased_purges":4,"victory":false,"max_hp_per_floor":[95,105,115,125,135,145,155,165,175,185,195,205,215,225,235,235,235],"card_choices":[{"not_picked":["Leap","Sweeping Beam","Auto Shields"],"picked":"SKIP","floor":1},{"not_picked":["Gash","Hologram","Go for the Eyes"],"picked":"SKIP","floor":2},{"not_picked":["Turbo","Steam Power","Auto Shields"],"picked":"SKIP","floor":7},{"not_picked":["Auto Shields","Streamline","Leap"],"picked":"SKIP","floor":8},{"not_picked":["Compile Driver","Heatsinks","Conserve Battery"],"picked":"SKIP","floor":13},{"not_picked":["Stack","Compile Driver","Turbo"],"picked":"SKIP","floor":14}],"player_experience":233526,"relics_obtained":[{"floor":7,"key":"Boot"},{"floor":10,"key":"Odd Mushroom"}],"event_choices":[{"cards_removed":["Strike_B"],"damage_healed":0,"gold_gain":0,"player_choice":"Card Removal","damage_taken":0,"max_hp_gain":0,"max_hp_loss":0,"event_name":"The Cleric","floor":3,"gold_loss":50},{"damage_healed":0,"gold_gain":75,"player_choice":"Gather Gold","damage_taken":11,"max_hp_gain":0,"max_hp_loss":0,"event_name":"World of Goop","floor":5,"gold_loss":0},{"damage_healed":0,"gold_gain":0,"player_choice":"Fought Mushrooms","damage_taken":0,"max_hp_gain":0,"max_hp_loss":0,"event_name":"Mushrooms","floor":10,"gold_loss":0},{"damage_healed":0,"gold_gain":0,"player_choice":"Success","damage_taken":25,"relics_obtained":["Letter Opener"],"max_hp_gain":0,"max_hp_loss":0,"event_name":"Scrap Ooze","floor":12,"gold_loss":0}],"is_beta":false,"boss_relics":[],"items_purged_floors":[4,4,4,4],"is_endless":false,"potions_floor_spawned":[8,13],"killed_by":"Hexaghost","ascension_level":1}}