{"host":"ydg0vn0pu4pubmdt","time":1614113218,"event":{"mods":["AchievementEnabler","BaseMod","Colored Map","Minty Spire (QoL Compilation)","Quick Restart","SuperFastMode"],"gold_per_floor":[118,135,150,165,179,204,204,215,215,53,64,82,82,40,40,40,40],"floor_reached":16,"language":"KOR","playtime":363,"items_purged":["Strike_R"],"score":212,"play_id":"25ec6b37-fd16-4b59-8409-32f4150d524e","local_time":"20210224054658","is_ascension_mode":true,"campfire_choices":[{"data":"Blood for Blood","floor":7,"key":"SMITH"},{"data":"Feel No Pain","floor":15,"key":"SMITH"}],"circlet_count":0,"master_deck":["AscendersBane","Strike_R","Strike_R","Strike_R","Strike_R","Defend_R","Defend_R","Defend_R","Defend_R","Bash","Battle Trance","Second Wind","Blood for Blood+1","Disarm","Uppercut","Feel No Pain+1","Pommel Strike","Shrug It Off","Burning Pact"],"relics":["Burning Blood","Torii","Oddly Smooth Stone","Ornamental Fan"],"acts_visited":["Exordium"],"potions_floor_usage":[6,16],"damage_taken":[{"damage":2.0,"enemies":"Cultist","floor":1.0,"turns":4.0},{"damage":2.0,"enemies":"2 Louse","floor":2.0,"turns":4.0},{"damage":9.0,"enemies":"Small Slimes","floor":3.0,"turns":3.0},{"damage":9.0,"enemies":"Blue Slaver","floor":4.0,"turns":5.0},{"damage":1.0,"enemies":"Exordium Wildlife","floor":5.0,"turns":3.0},{"damage":35,"enemies":"Lagavulin","floor":6,"turns":6},{"damage":14,"enemies":"3 Louse","floor":8,"turns":3},{"damage":1,"enemies":"Red Slaver","floor":11,"turns":4},{"damage":13,"enemies":"Gremlin Gang","floor":12,"turns":5},{"damage":35,"enemies":"Slime Boss","floor":16,"turns":9}],"seed_played":"-6843354604436337319","potions_obtained":[{"floor":1.0,"key":"LiquidMemories"},{"floor":2.0,"key":"BlessingOfTheForge"},{"floor":4.0,"key":"SteroidPotion"},{"floor":8,"key":"Swift Potion"}],"is_trial":false,"path_per_floor":["M","M","M","M","M","E","R","M","T","$","M","M","?","$","R","B"],"character_chosen":"IRONCLAD","items_purchased":["Feel No Pain","Burning Pact"],"campfire_rested":0,"item_purchase_floors":[10,14],"current_hp_per_floor":[68,68,65,62,67,38,38,30,30,30,35,28,33,33,33,0,0],"gold":40,"neow_bonus":"ONE_RARE_RELIC","is_daily":false,"chose_seed":false,"campfire_upgraded":2,"win_rate":0.0,"timestamp":1614113218,"path_taken":["M","M","M","M","?","E","R","M","T","?","M","?","?","$","R","BOSS"],"items_purchased_type":["Card","Card"],"build_version":"2020-12-22","purchased_purges":1,"victory":false,"max_hp_per_floor":[68,68,68,68,68,68,68,68,68,68,68,68,73,73,73,73,73],"card_choices":[{"not_picked":["Power Through","Dual Wield"],"picked":"Battle Trance","floor":1.0},{"not_picked":["Metallicize","True Grit","Cleave"],"picked":"SKIP","floor":2.0},{"not_picked":["Armaments","Double Tap"],"picked":"Second Wind","floor":3.0},{"not_picked":["Spot Weakness","Reckless Charge"],"picked":"Blood for Blood","floor":4.0},{"not_picked":["Inflame","Flex","Clothesline"],"picked":"SKIP","floor":5.0},{"not_picked":["Havoc","Limit Break"],"picked":"Disarm","floor":6},{"not_picked":["Perfected Strike","Clash"],"picked":"Uppercut","floor":8},{"not_picked":["Warcry","Havoc"],"picked":"Pommel Strike","floor":11},{"not_picked":["Headbutt","Twin Strike"],"picked":"Shrug It Off","floor":12}],"player_experience":629000,"relics_obtained":[{"floor":6,"key":"Oddly Smooth Stone"},{"floor":9,"key":"Ornamental Fan"}],"event_choices":[{"damage_healed":0,"gold_gain":0,"player_choice":"Donut","damage_taken":0,"max_hp_gain":5,"max_hp_loss":0,"event_name":"Big Fish","floor":13,"gold_loss":0}],"is_beta":false,"boss_relics":[],"items_purged_floors":[10],"is_endless":false,"potions_floor_spawned":[1,2,4,8,11],"killed_by":"Slime Boss","ascension_level":20}}