{"host":"p8bnstsjdxjza4jm","time":1614059562,"event":{"mods":["BaseMod","Colored Powertips","Minty Spire (QoL Compilation)","Quick Restart","StSLib","Together in Spire"],"gold_per_floor":[111,111,36,48,48,88,88,88,88,119,133,83,97,97,97,228,228,251,270,92,92,10,27,47,21,21,21,32,48,48,63,63,63,63],"floor_reached":33,"language":"KOR","playtime":2302,"items_purged":["Strike_B","Defend_B"],"score":335,"play_id":"7728839d-4c7c-41f4-b4b8-e935d56b20f8","local_time":"20210223145242","is_ascension_mode":true,"campfire_choices":[{"data":"Go for the Eyes","floor":7,"key":"SMITH"},{"floor":15,"key":"REST"},{"data":"Gash","floor":27,"key":"SMITH"},{"floor":30,"key":"REST"},{"floor":32,"key":"REST"}],"circlet_count":0,"master_deck":["Strike_B","Defend_B+1","Defend_B","Defend_B","Zap","Dualcast","Go for the Eyes+1","Go for the Eyes+1","FTL","Gash","Steam","Gash+1","Reboot","FTL","Melter","Scrape+1","Gash","Gash","Streamline","Go for the Eyes"],"relics":["Cracked Core","NeowsBlessing","Bloody Idol","InkBottle","Potion Belt","Ornamental Fan","Empty Cage","Cables"],"acts_visited":["Exordium","TheCity"],"potions_floor_usage":[16,16,16,23,31,33],"damage_taken":[{"damage":0.0,"enemies":"Small Slimes","floor":1.0,"turns":1.0},{"damage":0,"enemies":"Cultist","floor":4,"turns":1},{"damage":0,"enemies":"Gremlin Nob","floor":6,"turns":1},{"damage":8,"enemies":"Lagavulin","floor":10,"turns":6},{"damage":0,"enemies":"2 Louse","floor":11,"turns":2},{"damage":3,"enemies":"Blue Slaver","floor":13,"turns":3},{"damage":25,"enemies":"Hexaghost","floor":16,"turns":9},{"damage":10,"enemies":"3 Byrds","floor":18,"turns":5},{"damage":18,"enemies":"Spheric Guardian","floor":19,"turns":4},{"damage":8,"enemies":"Snake Plant","floor":23,"turns":4},{"damage":18,"enemies":"Cultist and Chosen","floor":24,"turns":6},{"damage":12,"enemies":"Snecko","floor":28,"turns":4},{"damage":11,"enemies":"Snake Plant","floor":29,"turns":3},{"damage":0,"enemies":"Centurion and Healer","floor":31,"turns":3},{"damage":93,"enemies":"Collector","floor":33,"turns":6}],"seed_played":"8418350614356475217","potions_obtained":[{"floor":1.0,"key":"BlessingOfTheForge"},{"floor":2.0,"key":"ColorlessPotion"},{"floor":2.0,"key":"Strength Potion"},{"floor":11,"key":"Regen Potion"},{"floor":18,"key":"EssenceOfSteel"},{"floor":31,"key":"DistilledChaos"}],"is_trial":false,"path_per_floor":["M","?","$","M","?","E","R","?","T","E","M","$","M","$","R","B",null,"M","M","$","?","$","M","M","$","T","R","M","M","R","M","R","B"],"character_chosen":"DEFECT","items_purchased":["Steam","FTL","Melter","Gash"],"campfire_rested":3,"item_purchase_floors":[12,20,22,25],"current_hp_per_floor":[75,75,75,75,57,57,57,42,42,34,34,34,31,31,53,42,75,65,47,47,47,47,44,31,31,31,31,24,18,40,45,67,0,0],"gold":63,"neow_bonus":"THREE_ENEMY_KILL","is_daily":false,"chose_seed":false,"campfire_upgraded":2,"win_rate":0.0,"timestamp":1614059562,"path_taken":["M","?","$","?","?","E","R","?","T","E","M","$","M","$","R","BOSS","M","M","$","?","$","M","M","?","T","R","M","?","R","M","R","BOSS"],"items_purchased_type":["Card","Card","Card","Card"],"build_version":"2020-12-22","purchased_purges":2,"victory":false,"max_hp_per_floor":[75,75,75,75,75,75,75,75,75,75,75,75,75,75,75,75,75,75,75,75,75,75,75,75,75,75,75,75,75,75,75,75,75,75],"card_choices":[{"not_picked":["Rip and Tear","Sweeping Beam"],"picked":"Go for the Eyes","floor":1.0},{"not_picked":["Rebound","Chaos"],"picked":"Go for the Eyes","floor":4},{"not_picked":["Ball Lightning","Darkness"],"picked":"FTL","floor":6},{"not_picked":["Lockon","Rebound","Cold Snap"],"picked":"SKIP","floor":10},{"not_picked":["Beam Cell","Ball Lightning"],"picked":"Gash","floor":11},{"not_picked":["Conserve Battery","Defragment"],"picked":"Gash","floor":13},{"not_picked":["Seek","Meteor Strike"],"picked":"Reboot","floor":16},{"not_picked":["Stack","Reinforced Body+1","Static Discharge"],"picked":"SKIP","floor":18},{"not_picked":["Rebound","Barrage","Hologram+1"],"picked":"SKIP","floor":19},{"not_picked":["Blizzard","Sweeping Beam","Melter"],"picked":"SKIP","floor":23},{"not_picked":["Sweeping Beam","Coolheaded+1"],"picked":"Scrape+1","floor":24},{"not_picked":["Self Repair","Turbo+1"],"picked":"Gash","floor":28},{"not_picked":["Reinforced Body","Redo"],"picked":"Streamline","floor":29},{"not_picked":["Redo+1","Lockon"],"picked":"Go for the Eyes","floor":31}],"player_experience":121348,"relics_obtained":[{"floor":6,"key":"InkBottle"},{"floor":9,"key":"Potion Belt"},{"floor":10,"key":"Ornamental Fan"},{"floor":26,"key":"Cables"}],"event_choices":[{"damage_healed":0.0,"max_hp_gain":0.0,"max_hp_loss":0.0,"gold_gain":0.0,"event_name":"Lab","player_choice":"Got Potions","floor":2.0,"gold_loss":0.0,"damage_taken":0.0},{"damage_healed":0,"gold_gain":0,"player_choice":"Take Damage","damage_taken":18,"relics_obtained":["Golden Idol"],"max_hp_gain":0,"max_hp_loss":0,"event_name":"Golden Idol","floor":5,"gold_loss":0},{"damage_healed":0,"gold_gain":0,"player_choice":"Entered Light","damage_taken":15,"max_hp_gain":0,"max_hp_loss":0,"event_name":"Shining Light","floor":8,"gold_loss":0,"cards_upgraded":["Go for the Eyes","Defend_B"]},{"damage_healed":0,"gold_gain":0,"player_choice":"Gave Idol","damage_taken":0,"relics_obtained":["Bloody Idol"],"max_hp_gain":0,"max_hp_loss":0,"event_name":"Forgotten Altar","floor":21,"relics_lost":["Golden Idol"],"gold_loss":0}],"is_beta":false,"boss_relics":[{"not_picked":["Astrolabe","Velvet Choker"],"picked":"Empty Cage"}],"items_purged_floors":[3,20],"is_endless":false,"potions_floor_spawned":[1,11,18,31],"killed_by":"Collector","ascension_level":2}}