{"host":"fvux6yoihym3ucic","time":1614092663,"event":{"mods":["BaseMod","Curses Come First","Downfall","Energized Spire","Infinite Spire","Minty Spire (QoL Compilation)","Rare Cards Sparkle","Replay The Spire","Spire Arcade","StSLib"],"gold_per_floor":[117,42,62,62,73,73,104,104,129,129,129,156,156,167,167,267,267,287,287,287,306,231,262,262,274,325,336,85,97,97,197,197,296,296,312,312,56,82,92,92,92],"floor_reached":40,"language":"ENG","playtime":1370,"items_purged":["Defend_R","downfall:Bewildered"],"score":462,"play_id":"def6dee4-fe6d-427d-9e22-bcdd55849380","local_time":"20210223100423","is_ascension_mode":false,"campfire_choices":[{"data":"Clash","floor":6,"key":"SMITH"},{"data":"Clash","floor":10,"key":"SMITH"},{"floor":13,"key":"REST"},{"floor":15,"key":"RECALL"},{"floor":24,"key":"REST"},{"data":"infinitespire:OneForAll","floor":30,"key":"SMITH"},{"data":"Clash","floor":32,"key":"SMITH"}],"circlet_count":0,"master_deck":["Strike_R","Strike_R","Strike_R","Strike_R","Strike_R","Defend_R","Defend_R","Bash+1","Clash+1","Clash+1","Impervious","infinitespire:OneForAll+1","Clash+1","Clash"],"relics":["Black Blood","Orichalcum","Ring of Searing","Ring of Peace","Singing Bowl","Black Star","sneckomod:BabySnecko","MutagenicStrength","FossilizedHelix","Regal Pillow","Replay:Rubber Ducky","ReplayTheSpireMod:Ninjato","Unceasing Top","Mummified Hand","ReplayTheSpireMod:TigerMarble","Toy Ornithopter"],"acts_visited":["Exordium","TheCity","TheBeyond"],"potions_floor_usage":[7,12,14,18,31,33,40,40,40,40],"damage_taken":[{"damage":2,"enemies":"2 Louse","floor":1,"turns":3},{"damage":10,"enemies":"Small Slimes","floor":3,"turns":3},{"damage":0,"enemies":"Cultist","floor":5,"turns":2},{"damage":30,"enemies":"Lagavulin","floor":7,"turns":3},{"damage":22,"enemies":"Replay:BlueRogue","floor":12,"turns":5},{"damage":0,"enemies":"Large Slime","floor":14,"turns":2},{"damage":25,"enemies":"Fading Forest","floor":16,"turns":11},{"damage":23,"enemies":"3 Byrds","floor":18,"turns":5},{"damage":16,"enemies":"2 Thieves","floor":21,"turns":4},{"damage":59,"enemies":"Nightmare","floor":23,"turns":7},{"damage":15,"enemies":"Snake Plant","floor":25,"turns":5},{"damage":0,"enemies":"Snecko","floor":27,"turns":5},{"damage":0,"enemies":"Chosen and Byrds","floor":29,"turns":4},{"damage":0,"enemies":"Colosseum Slavers","floor":31,"turns":3},{"damage":0,"enemies":"Colosseum Nobs","floor":31,"turns":5},{"damage":49,"enemies":"Champ","floor":33,"turns":6},{"damage":23,"enemies":"Orb Walker","floor":35,"turns":4},{"damage":18,"enemies":"3 Shapes","floor":39,"turns":5},{"damage":111,"enemies":"Nightmare","floor":40,"turns":5}],"seed_played":"-2709278186263009286","potions_obtained":[{"floor":3,"key":"Death Potion"},{"floor":7,"key":"ColorlessPotion"},{"floor":12,"key":"Fire Potion"},{"floor":16,"key":"hexamod:SoulburnPotion"},{"floor":25,"key":"Explosive Potion"},{"floor":27,"key":"GamblersBrew"},{"floor":29,"key":"bronze:BurnAndBuffPotion"},{"floor":36,"key":"EntropicBrew"},{"floor":36,"key":"FearPotion"},{"floor":36,"key":"AttackPotion"}],"is_trial":false,"path_per_floor":["M","$","M","?","M","R","E","?","T","R","?","E","R","M","R","B",null,"M","?","?","M","?","NM","R","M","T","M","$","M","R","?","R","B",null,"M","?","$","T","M","NM"],"character_chosen":"IRONCLAD","items_purchased":["ReplayTheSpireMod:Ninjato","ReplayTheSpireMod:TigerMarble"],"campfire_rested":2,"item_purchase_floors":[28,37],"current_hp_per_floor":[88,88,84,77,83,83,59,59,59,59,59,45,72,80,80,61,92,75,75,75,67,67,16,59,52,52,58,58,66,66,80,80,39,104,93,93,93,93,89,0,0],"gold":92,"neow_bonus":"TEN_PERCENT_HP_BONUS","is_daily":false,"chose_seed":false,"campfire_upgraded":4,"win_rate":0.0,"timestamp":1614092663,"path_taken":["M","$","M","?","M","R","E","?","T","R","?","E","R","?","R","BOSS","M","?","?","M","?","NM","R","M","T","M","?","?","R","?","R","BOSS","M","?","?","?","M","NM"],"items_purchased_type":["Relic","Relic"],"build_version":"2020-12-22","purchased_purges":2,"victory":false,"max_hp_per_floor":[88,88,88,88,88,88,88,88,88,88,88,90,90,92,92,92,92,92,92,92,94,94,96,96,98,98,98,98,100,100,102,102,104,104,104,104,104,104,106,106,106],"card_choices":[{"not_picked":["Cleave","ReplayTheSpireMod:Strike From Hell"],"picked":"Clash","floor":1},{"not_picked":["Anger","Twin Strike","Clothesline"],"picked":"SKIP","floor":3},{"not_picked":["Whirlwind","Sever Soul"],"picked":"Clash","floor":5},{"not_picked":["Searing Blow","Metallicize","Thunderclap"],"picked":"SKIP","floor":7},{"not_picked":["ReplayTheSpireMod:Strike From Hell","Headbutt","Whirlwind"],"picked":"Singing Bowl","floor":12},{"not_picked":["Flex","Headbutt","True Grit"],"picked":"Singing Bowl","floor":14},{"not_picked":["Barricade","Fiend Fire"],"picked":"Impervious","floor":16},{"not_picked":["Headbutt","Wild Strike"],"picked":"infinitespire:OneForAll","floor":18},{"not_picked":["Disarm","Power Through+1","Rupture"],"picked":"Singing Bowl","floor":21},{"not_picked":["Dropkick","Anger","Blood for Blood"],"picked":"Singing Bowl","floor":23},{"not_picked":["Wild Strike","Brutality","Blood for Blood+1"],"picked":"Singing Bowl","floor":25},{"not_picked":["Cleave","Uppercut+1"],"picked":"Clash","floor":27},{"not_picked":["Rupture","ReplayTheSpireMod:Muscle Training+1","Cleave+1"],"picked":"Singing Bowl","floor":29},{"not_picked":["Flame Barrier","Pommel Strike+1","Cleave"],"picked":"Singing Bowl","floor":31},{"not_picked":["Eclipse","Exhume","Bludgeon"],"picked":"Singing Bowl","floor":33},{"not_picked":["Body Slam+1","Pommel Strike+1"],"picked":"Clash","floor":35},{"not_picked":["Body Slam+1","Flex","Dual Wield+1"],"picked":"Singing Bowl","floor":39}],"player_experience":42513,"relics_obtained":[{"floor":7,"key":"Orichalcum"},{"floor":8,"key":"Ring of Searing"},{"floor":8,"key":"Ring of Peace"},{"floor":12,"key":"Singing Bowl"},{"floor":23,"key":"FossilizedHelix"},{"floor":23,"key":"Regal Pillow"},{"floor":26,"key":"Replay:Rubber Ducky"},{"floor":31,"key":"Unceasing Top"},{"floor":31,"key":"Mummified Hand"},{"floor":38,"key":"Toy Ornithopter"}],"event_choices":[{"cards_removed":["Defend_R"],"damage_healed":0,"gold_gain":0,"player_choice":"Card Removal","damage_taken":7,"max_hp_gain":0,"max_hp_loss":0,"event_name":"Golden Wing","floor":4,"gold_loss":0},{"damage_healed":0,"gold_gain":0,"player_choice":"Upgraded","damage_taken":0,"max_hp_gain":0,"max_hp_loss":0,"event_name":"Upgrade Shrine","floor":11,"gold_loss":0,"cards_upgraded":["Bash"]},{"damage_healed":0,"gold_gain":0,"player_choice":"Inject Mutagens","damage_taken":0,"relics_obtained":["MutagenicStrength"],"max_hp_gain":0,"max_hp_loss":0,"event_name":"Drug Dealer","floor":20,"gold_loss":0},{"cards_removed":["Voices"],"damage_healed":0,"gold_gain":0,"player_choice":"Gave Gold","damage_taken":0,"max_hp_gain":0,"max_hp_loss":0,"event_name":"Beggar","floor":22,"gold_loss":75},{"damage_healed":0,"gold_gain":0,"player_choice":"Fight","damage_taken":0,"max_hp_gain":0,"max_hp_loss":0,"event_name":"Colosseum","floor":31,"gold_loss":0},{"damage_healed":0,"gold_gain":0,"player_choice":"Fought Nobs","damage_taken":0,"max_hp_gain":0,"max_hp_loss":0,"event_name":"Colosseum","floor":31,"gold_loss":0},{"damage_healed":0,"gold_gain":0,"player_choice":"Got Potions","damage_taken":0,"max_hp_gain":0,"max_hp_loss":0,"event_name":"Lab","floor":36,"gold_loss":0}],"is_beta":false,"boss_relics":[{"not_picked":["energizedSpire:SpiderWeb","Runic Pyramid"],"picked":"Black Star"},{"not_picked":["Philosopher\u0027s Stone","Fusion Hammer"],"picked":"Black Blood"}],"items_purged_floors":[2,37],"is_endless":false,"potions_floor_spawned":[3,7,12,16,25,27,29,31],"killed_by":"Nightmare","ascension_level":0}}