{"host":"gf8hyl7jhl0is674","time":1614055628,"event":{"mods":["2.2 Compatiblity","Act Like it!","Astrologer","BaseMod","CapriCore","Colored Map","Gensokyo","Minty Spire (QoL Compilation)","Permanent Neow","Relic Sorter","StSLib","The Alterego","The Blue Laboratory","The Fake Hero","Unceasing Turn Reminder","Waifu the Spire"],"gold_per_floor":[519,519,519,537,551,551,551,551],"floor_reached":7,"language":"ENG","playtime":283,"items_purged":[],"score":41,"play_id":"78aba1e4-89c0-4613-a4cf-fd5ca95d3c0e","local_time":"20210222214708","is_ascension_mode":false,"campfire_choices":[{"data":"luka_mod:TouchFluffyTail","floor":6,"key":"SMITH"}],"circlet_count":0,"master_deck":["luka_mod:StrikeLukaOne","luka_mod:StrikeLukaTwo","luka_mod:StrikeLukaThree","luka_mod:StrikeLukaFour","luka_mod:StrikeLukaFive","luka_mod:StrikeLukaSix","luka_mod:Salt","luka_mod:Guard","luka_mod:Edging","luka_mod:FlailWildly","luka_mod:Meditation","luka_mod:Salamander","luka_mod:SmallBody","luka_mod:TouchFluffyTail+1"],"relics":["luka_mod:KeepsakeRing"],"acts_visited":["Exordium"],"potions_floor_usage":[],"damage_taken":[{"damage":0,"enemies":"2 Louse","floor":1,"turns":2},{"damage":5,"enemies":"Small Slimes","floor":4,"turns":2},{"damage":0,"enemies":"Cultist","floor":5,"turns":2},{"damage":36,"enemies":"3 Sentries","floor":7,"turns":4}],"seed_played":"5239711668147537267","potions_obtained":[{"floor":1,"key":"blueLaboratory:TrueEctoplasm"}],"is_trial":false,"path_per_floor":["M","?","?","M","M","R","E"],"character_chosen":"LUKA_CLASS","items_purchased":[],"campfire_rested":0,"item_purchase_floors":[],"current_hp_per_floor":[40,33,33,28,28,28,0,0],"gold":551,"neow_bonus":"REMOVE_CARD","is_daily":false,"chose_seed":false,"campfire_upgraded":1,"win_rate":0.0,"timestamp":1614055628,"path_taken":["M","?","?","?","M","R","E"],"items_purchased_type":[],"build_version":"2020-12-22","purchased_purges":0,"victory":false,"max_hp_per_floor":[40,40,40,40,40,40,40,40],"card_choices":[{"not_picked":["luka_mod:BladeOfRagingFire","luka_mod:HeroicStrike"],"picked":"luka_mod:Salamander","floor":1},{"not_picked":["luka_mod:DemonDecapitation","luka_mod:StrikeLuka"],"picked":"luka_mod:SmallBody","floor":4},{"not_picked":["luka_mod:Overexert","luka_mod:DemonSkullBeheading"],"picked":"luka_mod:TouchFluffyTail","floor":5}],"player_experience":369341,"relics_obtained":[],"event_choices":[{"cards_removed":["luka_mod:Surrender"],"damage_healed":0,"gold_gain":0,"player_choice":"Card Removal","damage_taken":7,"max_hp_gain":0,"max_hp_loss":0,"event_name":"Golden Wing","floor":2,"gold_loss":0},{"damage_healed":0,"gold_gain":0,"player_choice":"Ignored","damage_taken":0,"max_hp_gain":0,"max_hp_loss":0,"event_name":"NoteForYourself","floor":3,"gold_loss":0}],"is_beta":false,"boss_relics":[],"items_purged_floors":[],"is_endless":false,"potions_floor_spawned":[1],"killed_by":"3 Sentries","ascension_level":0}}