{"host":"0y1696yaafq19vki","time":1614089658,"event":{"mods":["BaseMod","Colored Map","Conspire","Minty Spire (QoL Compilation)","Replay The Spire","StSLib"],"gold_per_floor":[110,130,144,1,19,47,59,59,59,77,89,99,110,124,124,225,225,238,258,258,258],"floor_reached":20,"language":"ENG","playtime":2703,"items_purged":[],"score":184,"play_id":"a564283c-60db-45c3-8c02-c21c82e7a2e2","local_time":"20210223141418","is_ascension_mode":false,"campfire_choices":[{"data":"Eclipse","floor":15,"key":"SMITH"}],"circlet_count":0,"master_deck":["Strike_R","Strike_R","Strike_R","Defend_R","Defend_R","Defend_R","Bash","Headbutt","Spot Weakness","ReplayTheSpireMod:Strike From Hell","Clothesline","Anger","ReplayTheSpireMod:Limb From Limb","Iron Wave","Burning Pact","Eclipse+1","Armaments","Armaments","Double Tap","Dropkick+1","Whirlwind+1","Rage+1","Massacre","Replay:Undeath\u0027s Touch"],"relics":["Burning Blood","Pet Ghost","Bag of Preparation","Eternal Feather","Astrolabe"],"acts_visited":["Exordium","TheCity"],"potions_floor_usage":[],"damage_taken":[{"damage":1,"enemies":"conspire:RoseBush","floor":1,"turns":3},{"damage":6,"enemies":"Jaw Worm","floor":2,"turns":4},{"damage":4,"enemies":"Cultist","floor":3,"turns":4},{"damage":21,"enemies":"conspire:2 RoseBushes","floor":5,"turns":6},{"damage":9,"enemies":"Replay:BlueRogue","floor":6,"turns":6},{"damage":1,"enemies":"Exordium Wildlife","floor":7,"turns":3},{"damage":9,"enemies":"Blue Slaver","floor":10,"turns":2},{"damage":7,"enemies":"Looter","floor":11,"turns":3},{"damage":8,"enemies":"Exordium Thugs","floor":12,"turns":3},{"damage":13,"enemies":"conspire:2 RoseBushes","floor":13,"turns":3},{"damage":0,"enemies":"Gremlin Gang","floor":14,"turns":2},{"damage":17,"enemies":"Fading Forest","floor":16,"turns":11},{"damage":30,"enemies":"Shell Parasite","floor":18,"turns":7},{"damage":26,"enemies":"2 Thieves","floor":19,"turns":4},{"damage":44,"enemies":"Shelled Parasite and Fungi","floor":20,"turns":6}],"seed_played":"4400842820002466842","potions_obtained":[{"floor":5,"key":"Venom Potion"},{"floor":6,"key":"BloodPotion"},{"floor":7,"key":"Ancient Potion"}],"is_trial":false,"path_per_floor":["M","M","M","$","M","E","M","?","T","M","M","M","M","M","R","B",null,"M","M","M"],"character_chosen":"IRONCLAD","items_purchased":["Pet Ghost"],"campfire_rested":0,"item_purchase_floors":[4],"current_hp_per_floor":[88,88,88,88,73,70,75,75,75,72,71,69,62,68,80,69,88,64,44,0,0],"gold":258,"neow_bonus":"TEN_PERCENT_HP_BONUS","is_daily":false,"chose_seed":false,"campfire_upgraded":1,"win_rate":0.0,"timestamp":1614089658,"path_taken":["M","M","M","$","M","E","M","?","T","M","M","M","M","M","R","BOSS","M","M","M"],"items_purchased_type":["Relic"],"build_version":"2020-12-22","purchased_purges":0,"victory":false,"max_hp_per_floor":[88,88,88,88,88,88,88,88,88,88,88,88,88,88,88,88,88,88,88,88,88],"card_choices":[{"not_picked":["Run Through","Hemokinesis"],"picked":"Headbutt","floor":1},{"not_picked":["Carnage","Headbutt"],"picked":"Spot Weakness","floor":2},{"not_picked":["Blood for Blood","Ghostly Armor"],"picked":"ReplayTheSpireMod:Strike From Hell","floor":3},{"not_picked":["Corruption","Warcry"],"picked":"Clothesline","floor":5},{"not_picked":["Spot Weakness","True Grit"],"picked":"Anger","floor":6},{"not_picked":["Combust","Pommel Strike"],"picked":"ReplayTheSpireMod:Limb From Limb","floor":7},{"not_picked":["True Grit","Perfected Strike"],"picked":"Burning Pact","floor":10},{"not_picked":["Anger","Clash"],"picked":"Eclipse","floor":11},{"not_picked":["Fire Breathing","Clothesline"],"picked":"Cleave","floor":12},{"not_picked":["Shrug It Off","Run Through"],"picked":"Armaments","floor":13},{"not_picked":["Metallicize","Life Link"],"picked":"Armaments","floor":14},{"not_picked":["Fiend Fire","Berserk"],"picked":"Double Tap","floor":16},{"not_picked":["Bloodletting","Anger"],"picked":"Massacre","floor":18},{"not_picked":["Cleave","Fire Breathing"],"picked":"Replay:Undeath\u0027s Touch","floor":19}],"player_experience":50805,"relics_obtained":[{"floor":6,"key":"Bag of Preparation"},{"floor":9,"key":"Eternal Feather"}],"event_choices":[{"cards_removed":["Strike_R"],"damage_healed":0,"gold_gain":0,"player_choice":"Took Card","damage_taken":0,"max_hp_gain":0,"max_hp_loss":0,"event_name":"NoteForYourself","floor":8,"gold_loss":0,"cards_obtained":["Iron Wave"]}],"is_beta":false,"boss_relics":[{"not_picked":["Velvet Choker","Fusion Hammer"],"picked":"Astrolabe"}],"items_purged_floors":[],"is_endless":false,"potions_floor_spawned":[5,6,7,10,14,18,19],"killed_by":"Shelled Parasite and Fungi","ascension_level":0}}