{"host":"8lno9xwgef3sjccz","time":1614120525,"event":{"mods":["AchievementEnabler","BaseMod","Minty Spire (QoL Compilation)","Relic Stats","StSLib"],"gold_per_floor":[117,132,407,417,430,458,458,493,493,493,512,7,7,24,24,24,24],"floor_reached":16,"language":"ENG","playtime":540,"items_purged":["Defend_R"],"score":118,"play_id":"b2669eab-1788-45fa-b1e2-e838b57c0dc3","local_time":"20210223174845","is_ascension_mode":true,"campfire_choices":[{"data":"Perfected Strike","floor":7,"key":"SMITH"},{"data":"1","floor":10,"key":"LIFT"},{"data":"2","floor":13,"key":"LIFT"},{"floor":15,"key":"REST"}],"circlet_count":0,"master_deck":["Strike_R","Strike_R","Strike_R","Strike_R","Strike_R","Defend_R","Defend_R","Defend_R","Bash","Rampage","Shrug It Off","Regret","Clothesline","Armaments","Perfected Strike+1","Shrug It Off","Spot Weakness","Perfected Strike+1"],"relics":["Burning Blood","NeowsBlessing","Bottled Flame","Self Forming Clay","Girya","Anchor","DollysMirror"],"acts_visited":["Exordium"],"potions_floor_usage":[6,8,8,14,14],"damage_taken":[{"damage":0,"enemies":"Jaw Worm","floor":1,"turns":1},{"damage":0,"enemies":"Cultist","floor":2,"turns":1},{"damage":0,"enemies":"Small Slimes","floor":4,"turns":1},{"damage":18,"enemies":"Red Slaver","floor":5,"turns":3},{"damage":32,"enemies":"Lagavulin","floor":6,"turns":7},{"damage":27,"enemies":"3 Sentries","floor":8,"turns":7},{"damage":9,"enemies":"Large Slime","floor":11,"turns":5},{"damage":14,"enemies":"Exordium Thugs","floor":14,"turns":4},{"damage":36,"enemies":"Slime Boss","floor":16,"turns":9}],"seed_played":"-9139977516622409328","potions_obtained":[{"floor":1,"key":"FearPotion"},{"floor":2,"key":"Fire Potion"},{"floor":5,"key":"SkillPotion"},{"floor":6,"key":"Dexterity Potion"}],"is_trial":false,"path_per_floor":["M","M","?","M","M","E","R","E","T","R","M","$","R","M","R","B"],"character_chosen":"IRONCLAD","items_purchased":["Spot Weakness","Anchor","DollysMirror","Dexterity Potion"],"campfire_rested":1,"item_purchase_floors":[12,12,12,12],"current_hp_per_floor":[80,80,80,80,68,42,42,21,21,21,18,18,18,10,34,0,0],"gold":24,"neow_bonus":"THREE_ENEMY_KILL","is_daily":false,"chose_seed":false,"campfire_upgraded":1,"win_rate":0.0,"timestamp":1614120525,"path_taken":["M","M","?","?","M","E","R","E","T","R","M","?","R","?","R","BOSS"],"items_purchased_type":["Card","Relic","Relic","Potion"],"build_version":"2020-12-22","purchased_purges":1,"victory":false,"max_hp_per_floor":[80,80,80,80,80,80,80,80,80,80,80,80,80,80,80,80,80],"relic_stats":{"counters":[9,38],"Self Forming Clay":[27],"obtain_stats":[{"Girya":9,"Bottled Flame":6,"Anchor":12,"NeowsBlessing":0,"Self Forming Clay":8,"DollysMirror":12,"Burning Blood":0},{"Girya":6,"Bottled Flame":5,"Anchor":7,"NeowsBlessing":0,"Self Forming Clay":6,"DollysMirror":7,"Burning Blood":0},{"Girya":20,"Bottled Flame":13,"Anchor":25,"NeowsBlessing":0,"Self Forming Clay":20,"DollysMirror":25,"Burning Blood":0}],"Burning Blood":30},"card_choices":[{"not_picked":["Inflame","Heavy Blade"],"picked":"Rampage","floor":1},{"not_picked":["Second Wind","Metallicize"],"picked":"Shrug It Off","floor":2},{"not_picked":["Havoc","Wild Strike"],"picked":"Clothesline","floor":4},{"not_picked":["Anger","Havoc"],"picked":"Armaments","floor":5},{"not_picked":["Twin Strike","Shrug It Off"],"picked":"Perfected Strike","floor":6},{"not_picked":["Clothesline","Rage","Anger"],"picked":"SKIP","floor":8},{"not_picked":["Dark Embrace","Flame Barrier"],"picked":"Shrug It Off","floor":11},{"not_picked":["Wild Strike","Reckless Charge","Shrug It Off"],"picked":"SKIP","floor":14}],"player_experience":144137,"relics_obtained":[{"floor":6,"key":"Bottled Flame"},{"floor":8,"key":"Self Forming Clay"},{"floor":9,"key":"Girya"}],"event_choices":[{"damage_healed":0,"gold_gain":275,"player_choice":"Desecrate","damage_taken":0,"max_hp_gain":0,"max_hp_loss":0,"event_name":"Golden Shrine","floor":3,"gold_loss":0,"cards_obtained":["Regret"]}],"is_beta":false,"boss_relics":[],"items_purged_floors":[12],"is_endless":false,"potions_floor_spawned":[1,2,5,6],"killed_by":"Slime Boss","ascension_level":1}}