{"host":"gk9qdtkqd8dwfeg2","time":1614060648,"event":{"mods":["Act Like it!","Aspiration","BaseMod","Colored Powertips","Gensokyo","Minty Spire (QoL Compilation)","Quick Restart","Reimu£®≤©¿ˆ¡È√Œ£©","Remilia£®¿Ÿ√◊¿Ú—«£©","Replay The Spire","Shop Mod","StSLib","TestMod","The Servant 0.9.4","Waifu the Spire","Youmu£®ªÍ∆«—˝√Œ£©","°æ“≈ŒÔø®≈∆°øREMEMod"],"gold_per_floor":[111,32,32,32,48,75,91,91,114,114,124,124,143,174,174,174,174],"floor_reached":16,"language":"ZHS","playtime":263,"items_purged":[],"score":300,"play_id":"135ed314-8af0-4eca-b21f-d61f2657b08f","local_time":"20210223141048","is_ascension_mode":true,"campfire_choices":[{"data":"Eruption","floor":8,"key":"SMITH"},{"data":"TheWorld","floor":15,"key":"SMITH"}],"circlet_count":0,"master_deck":["AscendersBane","Strike_P","Strike_P","Defend_P","Defend_P","Defend_P","Eruption+1","Vigilance","TheWorld+1","Crescendo","BattleHymn","Conclude","InnerPeace","Quick Slash","Calculated Gamble","Masterful Stab","FearNoEvil","BowlingBash","Omniscience+1"],"relics":["PureWater","testmod-TestBox","REME_ComplimentaryCards","testmod-HeartOfDaVinci","NeowsBlessing","Golden Egg","PreservedInsect","Divine Protection"],"acts_visited":["Exordium"],"potions_floor_usage":[14],"damage_taken":[{"damage":0.0,"enemies":"Gensokyo:Gryphon","floor":1.0,"turns":1.0},{"damage":0.0,"enemies":"Gensokyo:Python","floor":5.0,"turns":1.0},{"damage":0.0,"enemies":"Gensokyo:Mamizou","floor":6.0,"turns":1.0},{"damage":9.0,"enemies":"Gensokyo:3_Fairies","floor":7.0,"turns":3.0},{"damage":6,"enemies":"Gensokyo:CorruptedTreant","floor":11,"turns":2},{"damage":6,"enemies":"Gensokyo:Kitsune","floor":13,"turns":2},{"damage":0,"enemies":"Gensokyo:Aya","floor":14,"turns":2},{"damage":15,"enemies":"Gensokyo:Kokoro","floor":16,"turns":4}],"seed_played":"855040264207553471","potions_obtained":[{"floor":7.0,"key":"Elixir"},{"floor":13,"key":"PowerPotion"},{"floor":14,"key":"Weak Potion"}],"is_trial":false,"path_per_floor":["M","$","?","?","M","E","M","R","T","?","M","T","M","E","R","B"],"character_chosen":"WATCHER","items_purchased":["BattleHymn"],"campfire_rested":0,"item_purchase_floors":[2],"current_hp_per_floor":[61,61,61,53,53,53,44,44,44,44,38,38,32,32,32,17,17],"gold":174,"neow_bonus":"THREE_ENEMY_KILL","is_daily":false,"chose_seed":false,"campfire_upgraded":2,"win_rate":0.0,"timestamp":1614060648,"path_taken":["M","$","?","?","M","E","M","R","T","?","?","?","M","E","R","BOSS"],"items_purchased_type":["Card"],"build_version":"2020-12-22","purchased_purges":0,"victory":false,"max_hp_per_floor":[68,68,68,68,68,68,68,68,68,68,68,68,68,68,68,68,68],"card_choices":[{"not_picked":["SashWhip","REME_Repentance"],"picked":"Crescendo","floor":1.0},{"not_picked":["WaveOfTheHand","FollowUp"],"picked":"Conclude","floor":5.0},{"not_picked":["Protect","ClearTheMind","BattleHymn"],"picked":"SKIP","floor":6.0},{"not_picked":["ReachHeaven","CrushJoints"],"picked":"InnerPeace","floor":7.0},{"not_picked":["Pray","BowlingBash"],"picked":"FearNoEvil","floor":11},{"not_picked":["FlyingSleeves","Nirvana"],"picked":"BowlingBash","floor":13},{"not_picked":["Consecrate","FearNoEvil"],"picked":"Omniscience","floor":14}],"player_experience":824030,"relics_obtained":[{"floor":6.0,"key":"Golden Egg"},{"floor":9,"key":"PreservedInsect"},{"floor":14,"key":"Divine Protection"}],"event_choices":[],"is_beta":false,"boss_relics":[],"items_purged_floors":[],"is_endless":false,"potions_floor_spawned":[7,13,14],"killed_by":"Gensokyo:Kokoro","ascension_level":20}}