{"host":"hemqwg9ve6welna9","time":1614051497,"event":{"mods":["2.2 Compatiblity","AchievementEnabler","Act Like it!","BaseMod","Beaked The Cultist","Bestiary","Better Match","Better Note","Better Third Choice","BetterRewards","Conspire","Curses Come First","Dio Mod","Downfall","Gremlin Mod","Hermit","Highlight Path","Hubris","Melee Mod","Minty Spire (QoL Compilation)","Permanent Neow","Potionbrewer","Quick Restart","Rare Cards Sparkle","Relic Stats","Reliquary","Robot Space Explorer","Ruina","SOS???????","Shop Mod","StSLib","SuperFastMode","Td1madao Mod","The Bug Knight","The Cursed","The Disciple","The Forsaken","The Hierophant","The Jungle","The Marked","The Runesmith","The Senshi","The Servant 0.9.4","The Wild Card","TheBandit","TheVacant","UnlockEverythingMod","everything is the same but u backflip on backflip"],"gold_per_floor":[116,37,37,37,55,55,70,70,70,70,84,63,81,93,93,192,192,205,205,130,130,143,143,154,154,178,207,207,232,232,8,8,105,105,115,115,132,132,157,157,182,209,285,285,295,325,344,357,357,357,357,357,21,46,46],"floor_reached":56,"language":"ENG","playtime":3077,"items_purged":[],"score":1333,"play_id":"dd96322a-bc99-4c2e-9382-332644e68ba7","local_time":"20210222213817","is_ascension_mode":false,"campfire_choices":[{"data":"beaked:FeelMyPain","floor":6.0,"key":"SMITH"},{"data":"beaked:Overexert","floor":8.0,"key":"SMITH"},{"data":"beaked:SacrificialScars","floor":10.0,"key":"SMITH"},{"data":"beaked:SacrificialDive","floor":15.0,"key":"SMITH"},{"data":"beaked:FeelMyPain","floor":23.0,"key":"SMITH"},{"data":"beaked:MimicWarrior","floor":25.0,"key":"SMITH"},{"data":"beaked:LiftOff","floor":28.0,"key":"SMITH"},{"floor":32.0,"key":"RECALL"},{"data":"beaked:Evade","floor":40.0,"key":"SMITH"},{"data":"beaked:FeelMyPain","floor":44.0,"key":"SMITH"},{"data":"Discovery","floor":49.0,"key":"SMITH"},{"data":"Madness","floor":52.0,"key":"SMITH"}],"circlet_count":0,"master_deck":["beaked:Strike_Y+1","beaked:Strike_Y+1","beaked:Strike_Y+1","beaked:Strike_Y+1","beaked:Strike_Y+1","beaked:Strike_Y+1","beaked:Defend_Y+1","beaked:Defend_Y+1","beaked:Defend_Y+1","beaked:Ceremony","beaked:Ceremony","beaked:Ceremony","beaked:FeelMyPain+1","beaked:Windmill","beaked:Overexert+1","beaked:Evade+1","beaked:MimicWarrior+1","beaked:WarriorEssence","beaked:SacrificialScars+1","beaked:BloodRitual","beaked:Insight","beaked:SacrificialDive+1","beaked:ScreechingChant","beaked:FeelMyPain+1","beaked:DigDeep","beaked:Tweet","beaked:LiftOff+1","beaked:DesperateSwing+1","beaked:SurvivalInstinct","beaked:BraceForImpact","beaked:Daydream","beaked:Replenish","beaked:HuntressEssence","beaked:FakeOut","beaked:Overpower","beaked:Caw","beaked:FeelMyPain+1","Mind Blast","Discovery+1","Trip","beaked:Overexert","Madness+1","Madness","beaked:BloodForTheGods","beaked:Insight","beaked:Poke+1","beaked:HuntressSpirit+1","beaked:FeelMyPain+1","beaked:Roost","beaked:Tweet"],"relics":["beaked:MendingPlumage","ClockworkSouvenir","Pocketwatch","hubris:Potato","potionbrewer:ToyAutogyro","hubris:Reverence","betterThird:SlimedRelic","hubris:Backtick","Ice Cream","Lantern","hubris:GlazedTorus","hubris:SlimyHat","potionbrewer:BoosterPack","hubris:ScarierMask","hubris:CrystalStatue","Thread and Needle","reliquary:PrincelyHelmet","reliquary:RoseTintedGlasses","Runesmith:Nanobots","Nunchaku"],"acts_visited":["Exordium","TheCity","TheBeyond","TheEnding"],"potions_floor_usage":[55],"damage_taken":[{"damage":1.0,"enemies":"Cultist","floor":1.0,"turns":3.0},{"damage":8.0,"enemies":"Jaw Worm","floor":5.0,"turns":3.0},{"damage":10.0,"enemies":"2 Louse","floor":7.0,"turns":4.0},{"damage":21.0,"enemies":"Blue Slaver","floor":11.0,"turns":4.0},{"damage":4.0,"enemies":"Exordium Wildlife","floor":13.0,"turns":3.0},{"damage":5.0,"enemies":"Looter","floor":14.0,"turns":3.0},{"damage":22.0,"enemies":"Hexaghost","floor":16.0,"turns":6.0},{"damage":20.0,"enemies":"Spheric Guardian","floor":18.0,"turns":4.0},{"damage":12.0,"enemies":"Shell Parasite","floor":22.0,"turns":3.0},{"damage":19.0,"enemies":"Centurion and Healer","floor":24.0,"turns":5.0},{"damage":27.0,"enemies":"Gremlin Leader","floor":27.0,"turns":4.0},{"damage":51.0,"enemies":"Slavers","floor":29.0,"turns":6.0},{"damage":4.0,"enemies":"Automaton","floor":33.0,"turns":5.0},{"damage":25.0,"enemies":"3 Darklings","floor":35.0,"turns":5.0},{"damage":10.0,"enemies":"Orb Walker","floor":37.0,"turns":2.0},{"damage":15.0,"enemies":"conspire:MimicChest","floor":41.0,"turns":6.0},{"damage":36.0,"enemies":"Giant Head","floor":42.0,"turns":7.0},{"damage":0.0,"enemies":"Transient","floor":45.0,"turns":5.0},{"damage":47.0,"enemies":"Nemesis","floor":46.0,"turns":5.0},{"damage":0.0,"enemies":"Jaw Worm Horde","floor":47.0,"turns":4.0},{"damage":0.0,"enemies":"Spire Growth","floor":48.0,"turns":4.0},{"damage":33.0,"enemies":"hubris:GrandSnecko","floor":50.0,"turns":7.0},{"damage":2.0,"enemies":"Shield and Spear","floor":54.0,"turns":4.0},{"damage":130,"enemies":"The Heart","floor":55,"turns":11}],"seed_played":"-1518019563272561678","potions_obtained":[{"floor":14.0,"key":"potionbrewer:DiscountPotion"},{"floor":18.0,"key":"potionbrewer:AcidPotion"},{"floor":24.0,"key":"potionbrewer:ToxicPotion"},{"floor":29.0,"key":"SmokeBomb"},{"floor":37.0,"key":"Block Potion"},{"floor":46.0,"key":"potionbrewer:CleansingPotion"},{"floor":47.0,"key":"potionbrewer:AcidPotion"},{"floor":48.0,"key":"PowerPotion"}],"is_trial":false,"path_per_floor":["M","$","?","?","M","R","M","R","T","R","M","?","M","M","R","B",null,"M","?","?","?","M","R","M","R","T","E","R","E","?","$","R","B",null,"M","?","M","?","T","R","?","E","T","R","M","E","M","M","R","B",null,"R","$","E","B",null],"character_chosen":"BEAKED_THE_CULTIST","items_purchased":["ClockworkSouvenir","Pocketwatch","beaked:FeelMyPain","beaked:Windmill","beaked:Overexert","beaked:MimicWarrior","potionbrewer:BoosterPack","beaked:Overpower","Runesmith:Nanobots","DuplicationPotion"],"campfire_rested":0,"item_purchase_floors":[0,0,0,0,0,2,31,31,53,53],"current_hp_per_floor":[38,38,31,31,34,34,43,43,43,43,41,30,38,44,44,52,56,43,43,43,43,49,49,65,65,65,65,65,28,28,28,28,68,71,62,52,49,40,40,40,69,80,80,80,83,53,89,92,92,78,98,98,98,98,58],"gold":46,"neow_bonus":"","is_daily":false,"chose_seed":false,"campfire_upgraded":11,"win_rate":0.0,"timestamp":1614051497,"path_taken":["M","$","?","?","M","R","M","R","T","R","M","?","M","M","R","BOSS","M","?","?","?","M","R","?","R","T","E","R","E","?","?","R","BOSS","M","?","M","?","?","R","?","E","T","R","M","E","M","?","R","BOSS","R","$","E","BOSS"],"items_purchased_type":["Relic","Relic","Card","Card","Card","Card","Relic","Card","Relic","Potion"],"build_version":"2020-12-22","purchased_purges":0,"victory":true,"max_hp_per_floor":[50,50,50,50,50,50,50,50,50,50,53,53,53,53,53,56,56,59,59,59,59,62,62,65,65,65,65,65,68,68,68,68,71,71,74,74,74,74,74,74,77,80,80,80,83,86,89,92,92,98,98,98,98,98,98],"relic_stats":{"Nunchaku":[0],"counters":[71,344],"obtain_stats":[{"Ice Cream":34,"hubris:CrystalStatue":41,"potionbrewer:AlchemistFlask":0,"reliquary:RedCape":34,"Boot":0,"Sozu":17,"potionbrewer:RamsHorn":29,"theForsaken:HumbleEgg":9,"conspire:DecoderRing":26,"Strawberry":8,"Toxic Egg 2":0,"theSenshi:SailorFukuRelic":0,"potionbrewer:ToyAutogyro":3,"potionbrewer:Torch":12,"Bottled Flame":3,"hubris:BottledHeart":28,"Nloth\u0027s Gift":21,"conspire:BottledYoYo":0,"Meat on the Bone":6,"Pocketwatch":0,"hubris:Reverence":9,"Lantern":26,"reliquary:Boomerang":24,"reliquary:PrincelyHelmet":43,"hubris:SlimyHat":26,"hubris:RunicObelisk":17,"theForsaken:Gavel":8,"conspire:InfiniteJournal":0,"ClockworkSouvenir":0,"reliquary:HotPoker":3,"Nunchaku":11,"hubris:Backtick":34,"hubris:Icosahedron":2,"hubris:ScarierMask":34,"hubris:FunFungus":25,"reliquary:RoseTintedGlasses":46,"Chemical X":0,"hubris:GlazedTorus":27,"Runesmith:Nanobots":3,"Thread and Needle":42,"Orichalcum":0,"Frozen Egg 2":20,"White Beast Statue":9,"reliquary:IridiumChain":11,"potionbrewer:BoosterPack":31,"betterThird:SlimedRelic":5,"Orrery":19,"reliquary:Stiletto":30,"beaked:MendingPlumage":0,"potionbrewer:Keyblade":38,"hubris:Potato":6},{"Ice Cream":18,"hubris:CrystalStatue":63,"potionbrewer:AlchemistFlask":40,"reliquary:RedCape":36,"Boot":37,"Sozu":9,"potionbrewer:RamsHorn":33,"theForsaken:HumbleEgg":44,"conspire:DecoderRing":33,"Strawberry":44,"Toxic Egg 2":21,"theSenshi:SailorFukuRelic":40,"potionbrewer:ToyAutogyro":48,"potionbrewer:Torch":6,"Bottled Flame":40,"hubris:BottledHeart":33,"Nloth\u0027s Gift":11,"conspire:BottledYoYo":40,"Meat on the Bone":25,"Pocketwatch":47,"hubris:Reverence":50,"Lantern":57,"reliquary:Boomerang":13,"reliquary:PrincelyHelmet":64,"hubris:SlimyHat":14,"hubris:RunicObelisk":28,"theForsaken:Gavel":25,"conspire:InfiniteJournal":37,"ClockworkSouvenir":47,"reliquary:HotPoker":2,"Nunchaku":45,"hubris:Backtick":18,"hubris:Icosahedron":22,"hubris:ScarierMask":60,"hubris:FunFungus":33,"reliquary:RoseTintedGlasses":66,"Chemical X":40,"hubris:GlazedTorus":58,"Runesmith:Nanobots":42,"Thread and Needle":64,"Orichalcum":21,"Frozen Egg 2":30,"White Beast Statue":5,"reliquary:IridiumChain":26,"potionbrewer:BoosterPack":59,"betterThird:SlimedRelic":3,"Orrery":10,"reliquary:Stiletto":16,"beaked:MendingPlumage":0,"potionbrewer:Keyblade":20,"hubris:Potato":4},{"Ice Cream":104,"hubris:CrystalStatue":297,"potionbrewer:AlchemistFlask":203,"reliquary:RedCape":183,"Boot":188,"Sozu":48,"potionbrewer:RamsHorn":168,"theForsaken:HumbleEgg":222,"conspire:DecoderRing":168,"Strawberry":222,"Toxic Egg 2":115,"theSenshi:SailorFukuRelic":203,"potionbrewer:ToyAutogyro":234,"potionbrewer:Torch":28,"Bottled Flame":203,"hubris:BottledHeart":168,"Nloth\u0027s Gift":58,"conspire:BottledYoYo":203,"Meat on the Bone":131,"Pocketwatch":231,"hubris:Reverence":241,"Lantern":269,"reliquary:Boomerang":71,"reliquary:PrincelyHelmet":304,"hubris:SlimyHat":81,"hubris:RunicObelisk":148,"theForsaken:Gavel":131,"conspire:InfiniteJournal":188,"ClockworkSouvenir":231,"reliquary:HotPoker":9,"Nunchaku":226,"hubris:Backtick":104,"hubris:Icosahedron":120,"hubris:ScarierMask":284,"hubris:FunFungus":168,"reliquary:RoseTintedGlasses":314,"Chemical X":203,"hubris:GlazedTorus":273,"Runesmith:Nanobots":213,"Thread and Needle":304,"Orichalcum":115,"Frozen Egg 2":156,"White Beast Statue":23,"reliquary:IridiumChain":137,"potionbrewer:BoosterPack":279,"betterThird:SlimedRelic":12,"Orrery":54,"reliquary:Stiletto":94,"beaked:MendingPlumage":0,"potionbrewer:Keyblade":111,"hubris:Potato":18}],"Pocketwatch":[105]},"card_choices":[{"not_picked":["beaked:Flinch","beaked:Brace"],"picked":"beaked:Evade","floor":1.0},{"not_picked":["beaked:Replenish","beaked:Cower"],"picked":"beaked:WarriorEssence","floor":5.0},{"not_picked":["beaked:Hexing","beaked:DigDeep"],"picked":"beaked:SacrificialScars","floor":7.0},{"not_picked":["beaked:RitualOfBody","beaked:BloodForTheGods"],"picked":"beaked:BloodRitual","floor":11.0},{"not_picked":["beaked:Poke","beaked:SacrificialAttack"],"picked":"beaked:Insight","floor":13.0},{"not_picked":["beaked:TuckingFeathers","beaked:BounceBack"],"picked":"beaked:SacrificialDive","floor":14.0},{"not_picked":["beaked:Caw","beaked:FullHouse"],"picked":"beaked:ScreechingChant","floor":16.0},{"not_picked":["beaked:Molting","beaked:MimicHuntress"],"picked":"beaked:FeelMyPain","floor":18.0},{"not_picked":["beaked:MaddeningMurmurs","beaked:MimicWarrior+1"],"picked":"beaked:DigDeep","floor":22.0},{"not_picked":["beaked:Molting","beaked:Brace"],"picked":"beaked:Tweet","floor":24.0},{"not_picked":["beaked:Roost","beaked:TuckingFeathers"],"picked":"beaked:LiftOff","floor":27.0},{"not_picked":["beaked:Poke","beaked:TuckingFeathers"],"picked":"beaked:DesperateSwing+1","floor":29.0},{"not_picked":["beaked:KnowThyFoe","beaked:ShadowFade"],"picked":"beaked:Caw","floor":33.0},{"not_picked":["beaked:BounceBack+1","beaked:Tradeoff+1"],"picked":"beaked:FeelMyPain","floor":35.0},{"not_picked":["Master of Strategy","Forethought"],"picked":"Mind Blast","floor":36.0},{"not_picked":["conspire:Banana","Flash of Steel"],"picked":"Discovery","floor":36.0},{"not_picked":["Bandage Up","Panacea"],"picked":"Trip","floor":36.0},{"not_picked":["beaked:WarriorEssence+1","beaked:DigDeep+1"],"picked":"beaked:Overexert","floor":37.0},{"not_picked":["beaked:Daydream+1","beaked:Mantra"],"picked":"beaked:BloodForTheGods","floor":41.0},{"not_picked":["beaked:BraceForImpact+1","beaked:Struggle"],"picked":"beaked:Insight","floor":42.0},{"not_picked":["beaked:BraceForImpact","beaked:CursingBlood"],"picked":"beaked:Poke+1","floor":45.0},{"not_picked":["beaked:Negation","beaked:Devastation"],"picked":"beaked:HuntressSpirit+1","floor":46.0},{"not_picked":["beaked:DigDeep+1","beaked:BarbedWire+1"],"picked":"beaked:FeelMyPain+1","floor":47.0},{"not_picked":["beaked:MimicMachine+1","beaked:FakeOut"],"picked":"beaked:Roost","floor":48.0},{"not_picked":["beaked:Tradeoff+1","beaked:BraceForImpact"],"picked":"beaked:Tweet","floor":54.0}],"player_experience":49412,"relics_obtained":[{"floor":9.0,"key":"hubris:Reverence"},{"floor":26.0,"key":"Lantern"},{"floor":27.0,"key":"hubris:GlazedTorus"},{"floor":29.0,"key":"hubris:SlimyHat"},{"floor":41.0,"key":"hubris:CrystalStatue"},{"floor":42.0,"key":"Thread and Needle"},{"floor":43.0,"key":"reliquary:PrincelyHelmet"},{"floor":46.0,"key":"reliquary:RoseTintedGlasses"},{"floor":54.0,"key":"Nunchaku"}],"event_choices":[{"damage_healed":0.0,"max_hp_gain":0.0,"max_hp_loss":0.0,"gold_gain":0.0,"event_name":"betterThird:BetterScrap","player_choice":"Relic ","floor":3.0,"gold_loss":0.0,"damage_taken":7.0,"cards_obtained":["Dash"]},{"damage_healed":31.0,"max_hp_gain":0.0,"max_hp_loss":50.0,"gold_gain":0.0,"event_name":"betterThird:BetterShining","player_choice":"Embrace Burn","floor":4.0,"gold_loss":0.0,"damage_taken":0.0},{"damage_healed":0.0,"max_hp_gain":0.0,"max_hp_loss":0.0,"gold_gain":0.0,"event_name":"betterThird:BetterGoop","player_choice":"Slimed","floor":12.0,"gold_loss":21.0,"damage_taken":11.0},{"damage_healed":0.0,"max_hp_gain":0.0,"max_hp_loss":0.0,"gold_gain":0.0,"event_name":"betterNote:BetterNote","player_choice":"Ignored","floor":19.0,"gold_loss":0.0,"damage_taken":0.0,"cards_obtained":["theForsaken:Preservation"]},{"cards_removed":["Burn"],"damage_healed":0.0,"max_hp_gain":0.0,"max_hp_loss":0.0,"gold_gain":0.0,"event_name":"Beggar","player_choice":"Gave Gold","floor":20.0,"gold_loss":75.0,"damage_taken":0.0},{"cards_removed":["beaked:Defend_Y"],"damage_healed":0.0,"max_hp_gain":0.0,"max_hp_loss":0.0,"gold_gain":0.0,"event_name":"Purifier","player_choice":"Purged","floor":21.0,"gold_loss":0.0,"damage_taken":0.0},{"damage_healed":0.0,"max_hp_gain":0.0,"max_hp_loss":9.0,"gold_gain":0.0,"event_name":"betterThird:BetterWriting","player_choice":"Simplicity","floor":30.0,"gold_loss":0.0,"damage_taken":0.0},{"damage_healed":0.0,"max_hp_gain":0.0,"max_hp_loss":0.0,"gold_gain":0.0,"event_name":"SensoryStone","player_choice":"Memory 3","floor":36.0,"gold_loss":0.0,"damage_taken":10.0},{"damage_healed":0.0,"max_hp_gain":0.0,"max_hp_loss":0.0,"gold_gain":0.0,"event_name":"Winding Halls","player_choice":"Embrace Madness","floor":38.0,"gold_loss":0.0,"damage_taken":9.0,"cards_obtained":["Madness","Madness"]}],"is_beta":false,"boss_relics":[{"not_picked":["beaked:SacredDeck","reliquary:RedPaperclip"],"picked":"hubris:Backtick"},{"not_picked":["beaked:BlessedCoat","conspire:SeveredTorchhead"],"picked":"hubris:ScarierMask"}],"items_purged_floors":[],"is_endless":false,"potions_floor_spawned":[14,18,24,29,37,46,47,48],"ascension_level":0}}