{"host":"ekyl8r8j8fco3zlk","time":1614119176,"event":{"mods":["Act Like it!","Arknights","BaseMod","CapriCore","Dota2Spire","Friendly Minions","Gensokyo","GifTheSpireLib","Library of Ruina","Marisa（霧雨　魔理沙）","Minty Spire (QoL Compilation)","READ ME - Guardian Mod","Reimu（博???）","StSLib","The Alterego","The Animator","The Immortal","TheWitcher","Waifu the Spire","WarShipGirlsR/??少女R mod","Yakumo Yukari mod","【?物卡牌】REMEMod"],"gold_per_floor":[116,116,133,153,172,203,203,203,203,203,237,254,254,270,270,349,349,346,361,361,27,38,38,51,51,51,51,45,57,71,98,98,176,176,187,199,215,175,185,218,233,246,273,291,302,302,302,313,313,313,313,313,19,27,4],"floor_reached":56,"language":"ZHS","playtime":2150,"items_purged":[],"score":1783,"play_id":"fa0e736a-c636-47e8-81ac-0c61bbd760b1","local_time":"20210224062616","is_ascension_mode":false,"campfire_choices":[{"data":"SnafuTest:FreyaBlessing","floor":8.0,"key":"SMITH"},{"data":"SharpenedBlade","floor":13.0,"key":"SMITH"},{"data":"DegradedLock","floor":15.0,"key":"SMITH"},{"data":"CombatPreparation","floor":23.0,"key":"SMITH"},{"data":"TrashDisposal","floor":25.0,"key":"SMITH"},{"data":"WillOfThePrescript","floor":32.0,"key":"SMITH"},{"data":"PreemptiveStrike","floor":47.0,"key":"SMITH"},{"floor":49,"key":"RECALL"},{"data":"BladeWhirl","floor":52,"key":"SMITH"}],"circlet_count":0,"master_deck":["DegradedFairy","DegradedFairy","DegradedFairy","DegradedChain","DegradedChain","DegradedLock+1","DegradedPillar","DegradedPillar","DegradedShockwave+1","SnafuTest:FreyaBlessing+1","TheArtOfRapidSteps","Poor:ReiMu","Thrust","FierceCharge+1","SenseQuarry+1","CombatPreparation+1","SharpenedBlade+1","TrashDisposal+1","ChopItOff","DarkCloud+1","SnakeSlit+1","FrontalAssault+1","BladeWhirl+1","RushDown+1","Execute_lor","Brawl+1","Fence+1","PreemptiveStrike+1"],"relics":["PageOfLibrarian","REME_ComplimentaryCards","YidongShenshe:ReiMu","PageOfJudgementBird","White Beast Statue","Black Star","MutagenicStrength","Incense Burner","Akabeko","Dota2Spire:AghanimScepter","PageOfWayBackHome","MealTicket","Dota2Spire:AssaultCuirass","PageOfThreeBirds","PageOfLumberjack","Coffee Dripper","Dota2Spire:MagicBottle","Orichalcum","PageOfPorccubus","PageOfLaetitia","PageOfScorchedGirl","Membership Card","PageOfFairyFestival","Dota2Spire:EchoSabre","Boot"],"acts_visited":["Exordium","TheCity","TheBeyond","TheEnding"],"potions_floor_usage":[48,48,50,55],"damage_taken":[{"damage":0.0,"enemies":"Jaw Worm","floor":1.0,"turns":1.0},{"damage":0.0,"enemies":"2 Louse","floor":3.0,"turns":1.0},{"damage":0.0,"enemies":"Cultist","floor":4.0,"turns":2.0},{"damage":0.0,"enemies":"Looter","floor":5.0,"turns":1.0},{"damage":0.0,"enemies":"Gremlin Nob","floor":6.0,"turns":2.0},{"damage":0.0,"enemies":"Lagavulin","floor":11.0,"turns":3.0},{"damage":0.0,"enemies":"Large Slime","floor":12.0,"turns":1.0},{"damage":0.0,"enemies":"Exordium Thugs","floor":14.0,"turns":3.0},{"damage":0.0,"enemies":"The Guardian","floor":16.0,"turns":4.0},{"damage":0.0,"enemies":"2 Thieves","floor":18.0,"turns":3.0},{"damage":0.0,"enemies":"3 Byrds","floor":19.0,"turns":4.0},{"damage":0.0,"enemies":"Shelled Parasite and Fungi","floor":22.0,"turns":3.0},{"damage":13.0,"enemies":"Slavers","floor":24.0,"turns":3.0},{"damage":0.0,"enemies":"Snecko","floor":28.0,"turns":2.0},{"damage":21.0,"enemies":"Book of Stabbing","floor":29.0,"turns":4.0},{"damage":0.0,"enemies":"Centurion and Healer","floor":30.0,"turns":3.0},{"damage":0.0,"enemies":"Slavers","floor":31.0,"turns":3.0},{"damage":0.0,"enemies":"Collector","floor":33.0,"turns":3.0},{"damage":0.0,"enemies":"3 Darklings","floor":35.0,"turns":3.0},{"damage":0.0,"enemies":"Orb Walker","floor":36.0,"turns":1.0},{"damage":0.0,"enemies":"Sphere and 2 Shapes","floor":37.0,"turns":2.0},{"damage":0.0,"enemies":"Spire Growth","floor":39.0,"turns":2.0},{"damage":0.0,"enemies":"Nemesis","floor":40.0,"turns":3.0},{"damage":0.0,"enemies":"Writhing Mass","floor":41.0,"turns":1.0},{"damage":0.0,"enemies":"3 Darklings","floor":42.0,"turns":2.0},{"damage":0.0,"enemies":"Sphere and 2 Shapes","floor":44.0,"turns":2.0},{"damage":0.0,"enemies":"Giant Head","floor":45.0,"turns":4.0},{"damage":98,"enemies":"Transient","floor":48,"turns":5},{"damage":0,"enemies":"Awakened One","floor":50,"turns":5},{"damage":4,"enemies":"Shield and Spear","floor":54,"turns":3},{"damage":0,"enemies":"The Heart","floor":55,"turns":4}],"seed_played":"-4542195491320195675","potions_obtained":[{"floor":6.0,"key":"Dota2Spire:Clarity"},{"floor":12.0,"key":"Strength Potion"},{"floor":14.0,"key":"SkillPotion"},{"floor":16.0,"key":"Dexterity Potion"},{"floor":24.0,"key":"Regen Potion"},{"floor":29.0,"key":"Swift Potion"},{"floor":30.0,"key":"PowerPotion"},{"floor":33.0,"key":"Dota2Spire:Clarity"},{"floor":35.0,"key":"EssenceOfSteel"},{"floor":37.0,"key":"Regen Potion"},{"floor":44.0,"key":"Energy Potion"},{"floor":48,"key":"Regen Potion"},{"floor":54,"key":"ColorlessPotion"}],"is_trial":false,"path_per_floor":["M","?","M","M","M","E","$","R","T","?","E","M","R","M","R","B",null,"M","M","?","$","M","R","E","R","T","?","M","E","M","E","R","B",null,"M","M","M","?","M","E","M","M","T","M","E","?","R","M","R","B",null,"R","$","E","B",null],"character_chosen":"Librarian","items_purchased":["WillOfThePrescript","Incense Burner","Membership Card","PageOfFairyFestival"],"campfire_rested":0,"item_purchase_floors":[21,21,53,53],"current_hp_per_floor":[60,60,60,60,60,60,60,60,60,60,60,60,60,60,60,60,90,90,90,90,90,90,90,77,77,77,77,77,69,73,73,73,77,90,90,90,90,90,90,90,90,90,90,90,90,90,90,2,2,32,90,90,90,86,90],"gold":4,"neow_bonus":"UPGRADE_CARD","is_daily":false,"chose_seed":false,"campfire_upgraded":8,"win_rate":0.0,"timestamp":1614119176,"path_taken":["M","?","M","M","M","E","$","R","T","?","E","M","R","M","R","BOSS","M","M","?","$","M","R","E","R","T","?","?","E","M","E","R","BOSS","M","M","M","?","M","E","M","M","T","M","E","?","R","M","R","BOSS","R","$","E","BOSS"],"items_purchased_type":["Card","Relic","Relic","Relic"],"build_version":"2020-12-22","purchased_purges":0,"victory":true,"max_hp_per_floor":[90,90,90,90,90,90,90,90,90,90,90,90,90,90,90,90,90,90,90,90,90,90,90,90,90,90,90,90,90,90,90,90,90,90,90,90,90,90,90,90,90,90,90,90,90,90,90,90,90,90,90,90,90,90,90],"card_choices":[{"not_picked":["NightInTheBackstreets","SunsetBlade","DarkCloud"],"picked":"TheArtOfRapidSteps","floor":1.0},{"not_picked":["SerpentSwordTechnique","InhaleSmoke","SilentMist","FleetEdge"],"picked":"SKIP","floor":3.0},{"not_picked":["BladeWhirl","Faith","PreemptiveStrike"],"picked":"Thrust","floor":4.0},{"not_picked":["Parry2","CircusKnives","NightInTheBackstreets"],"picked":"FierceCharge","floor":5.0},{"not_picked":["NightInTheBackstreets","HiddenBlade","ShrineToMusic"],"picked":"SenseQuarry","floor":6.0},{"not_picked":["UndertakePrescript","StrikeDown","Retaliate"],"picked":"CombatPreparation","floor":11.0},{"not_picked":["DarkCloud","DeepDrag","UpbeatPerformance"],"picked":"SharpenedBlade","floor":12.0},{"not_picked":["Quickness","DarkCloud","StartinOutLightly","YourShield"],"picked":"SKIP","floor":14.0},{"not_picked":["ChargeUp","Deflect_lor"],"picked":"TrashDisposal","floor":16.0},{"not_picked":["SerpentSwordTechnique","Crush","UndertakePrescript","CircusKnives"],"picked":"SKIP","floor":18.0},{"not_picked":["StrikeDown","GreatSerpentsImpact","Faith","Wallop_lor"],"picked":"SKIP","floor":19.0},{"not_picked":["DarkCloud","FierceCharge","CombatPreparation","TheArtOfRapidSteps"],"picked":"SKIP","floor":22.0},{"not_picked":["LossOfSenses","BlazingStrike","TheRedNotes"],"picked":"ChopItOff","floor":24.0},{"not_picked":["TendonChords","ChopItOff","FierceCharge"],"picked":"DarkCloud+1","floor":28.0},{"not_picked":["StrikeDown","CutIn","Execute_lor"],"picked":"SnakeSlit+1","floor":29.0},{"not_picked":["StrikeDown","FierceCharge+1","Laceration"],"picked":"FrontalAssault+1","floor":30.0},{"not_picked":["SmokingPipe","ChopItOff","TheRedNotes"],"picked":"BladeWhirl","floor":31.0},{"not_picked":["Laceration+1","Parry2+1","CircusKnives+1"],"picked":"RushDown+1","floor":35.0},{"not_picked":["WillOfThePrescript","ViolentFlame+1","StrikeDown","GreatSerpentsImpact"],"picked":"SKIP","floor":36.0},{"not_picked":["SnakesPrey","Faith","Quickness+1","ViolentFlame"],"picked":"SKIP","floor":37.0},{"not_picked":[],"picked":"Execute_lor","floor":38.0},{"not_picked":["HiddenBlade+1","BlowItUp","TendonChords"],"picked":"Brawl+1","floor":39.0},{"not_picked":["DriedUp","SearingSword","Quickness"],"picked":"Fence+1","floor":40.0},{"not_picked":["Quickness","InhaleSmoke+1","StartinOutLightly","Parry"],"picked":"SKIP","floor":41.0},{"not_picked":["InhaleSmoke+1","TendonChords","DaringDecision","SnakesPrey"],"picked":"SKIP","floor":42.0},{"not_picked":["Parry","Parry2","FrontalAssault+1"],"picked":"PreemptiveStrike","floor":44.0},{"not_picked":["Faith","ViolentFlame+1","Quickness+1","BlazingStrike"],"picked":"SKIP","floor":45.0},{"not_picked":["TendonChords","GreatSerpentsImpact","FleetEdge+1","Parry+1"],"picked":"SKIP","floor":48},{"not_picked":["Quickness","LossOfSenses","DarkCloud+1","MirageStorm"],"picked":"SKIP","floor":54}],"player_experience":727656,"relics_obtained":[{"floor":6.0,"key":"PageOfJudgementBird"},{"floor":11.0,"key":"White Beast Statue"},{"floor":24.0,"key":"Akabeko"},{"floor":24.0,"key":"Dota2Spire:AghanimScepter"},{"floor":26.0,"key":"PageOfWayBackHome"},{"floor":29.0,"key":"MealTicket"},{"floor":29.0,"key":"Dota2Spire:AssaultCuirass"},{"floor":31.0,"key":"PageOfThreeBirds"},{"floor":31.0,"key":"PageOfLumberjack"},{"floor":40.0,"key":"Dota2Spire:MagicBottle"},{"floor":40.0,"key":"Orichalcum"},{"floor":43.0,"key":"PageOfPorccubus"},{"floor":45.0,"key":"PageOfLaetitia"},{"floor":45.0,"key":"PageOfScorchedGirl"},{"floor":54,"key":"Dota2Spire:EchoSabre"},{"floor":54,"key":"Boot"}],"event_choices":[{"damage_healed":0.0,"max_hp_gain":0.0,"max_hp_loss":0.0,"gold_gain":0.0,"event_name":"yidonshenshe","player_choice":"?走神社","floor":2.0,"gold_loss":0.0,"damage_taken":0.0,"relics_obtained":["YidongShenshe:ReiMu"],"cards_obtained":["Poor:ReiMu"]},{"damage_healed":0.0,"max_hp_gain":0.0,"max_hp_loss":0.0,"gold_gain":0.0,"event_name":"Living Wall","player_choice":"Grow","floor":10.0,"gold_loss":0.0,"damage_taken":0.0,"cards_upgraded":["SenseQuarry"]},{"damage_healed":0.0,"max_hp_gain":0.0,"max_hp_loss":0.0,"gold_gain":0.0,"event_name":"Drug Dealer","player_choice":"Inject Mutagens","floor":20.0,"gold_loss":0.0,"damage_taken":0.0,"relics_obtained":["MutagenicStrength"]},{"damage_healed":0.0,"max_hp_gain":0.0,"max_hp_loss":0.0,"gold_gain":0.0,"event_name":"Upgrade Shrine","player_choice":"Upgraded","floor":27.0,"gold_loss":0.0,"damage_taken":0.0,"cards_upgraded":["FierceCharge"]},{"cards_removed":["WillOfThePrescript"],"damage_healed":0.0,"max_hp_gain":0.0,"max_hp_loss":0.0,"gold_gain":0.0,"event_name":"Falling","player_choice":"Removed Skill","floor":46.0,"gold_loss":0.0,"damage_taken":0.0}],"is_beta":false,"boss_relics":[{"not_picked":["Sozu","Ectoplasm"],"picked":"Black Star"},{"not_picked":["Runic Dome","Velvet Choker"],"picked":"Coffee Dripper"}],"items_purged_floors":[],"is_endless":false,"potions_floor_spawned":[1,6,12,14,16,18,19,22,24,28,29,30,31,33,35,36,37,39,40,41,42,44,45,48,54],"ascension_level":0}}