{"host":"yam1wfjwvpwz1503","time":1614099039,"event":{"mods":["Act Like it!","Aspiration","Bard","BaseMod","Beaked The Cultist","Colored Powertips","Custom Start","Downfall","Friendly Minions","Hallownest","Hermit","Highlight Path","Hubris","Infinite Spire","Lobotomy","Minty Spire (QoL Compilation)","Quick Restart","Random Character Button","Replay The Spire","Shop Mod","StSLib","The Bug Knight","The Cursed","The Disciple","The Jungle","The Kombatant","The Runesmith"],"gold_per_floor":[99,115,215,315,329,348,348,348,383,401,411,193,93,103,120,215,215,215,228,246,261,271,271,317,217,217,117,117,149,149,59,78,180,180,180,199,126,146,163,163,163,213,62,62,75,100,113,133,152,152,152,187,0,0,0,0,0,0],"floor_reached":56,"language":"ENG","playtime":3847,"items_purged":["bronze:Strike","bronze:Strike"],"score":853,"play_id":"ed67b768-cebd-4bc1-aa1d-0476ea94116f","local_time":"20210223185039","is_ascension_mode":false,"campfire_choices":[{"data":"bronze:Replicate","floor":1.0,"key":"SMITH"},{"data":"bronze:FineTuning","floor":8.0,"key":"SMITH"},{"floor":13.0,"key":"REST"},{"data":"bronze:Hardcode","floor":18.0,"key":"SMITH"},{"floor":25.0,"key":"RECALL"},{"data":"bronze:Shell","floor":27.0,"key":"SMITH"},{"data":"bronze:FineTuning","floor":30.0,"key":"SMITH"},{"data":"bronze:Return","floor":35.0,"key":"SMITH"},{"data":"bronze:FineTuning","floor":40.0,"key":"SMITH"},{"data":"bronze:Goto","floor":54.0,"key":"SMITH"}],"circlet_count":0,"master_deck":["bronze:Strike","bronze:Strike","bronze:Defend","bronze:Defend+1","bronze:Defend+1","bronze:Defend","bronze:Replicate+1","bronze:Goto+1","bronze:FineTuning+1","bronze:CutThrough","bronze:Branch","bronze:Iterate","bronze:Repair","bronze:Optimize","bronze:Optimize","bronze:FineTuning+1","bronze:FineTuning+1","bronze:FunctionCard","bronze:Shell+1","bronze:Return+1","bronze:FunctionCard","bronze:Iterate+1","bronze:BronzeOrb","bronze:BronzeOrb"],"relics":["bronze:BronzeCore","Happy Flower","FossilizedHelix","hubris:TenFootPole","downfall:HeartBlessingGreen","beaked:SacredDeck","downfall:HeartBlessingBlue","downfall:HeartBlessingRed","War Paint","DollysMirror","HornCleat","CaptainsWheel","Lee\u0027s Waffle","Bottled Flame","Membership Card"],"acts_visited":["Exordium","TheCity","TheBeyond","TheEnding"],"potions_floor_usage":[],"damage_taken":[{"damage":0.0,"enemies":"Cultist","floor":2.0,"turns":3.0},{"damage":2.0,"enemies":"Small Slimes","floor":5.0,"turns":4.0},{"damage":0.0,"enemies":"Jaw Worm","floor":6.0,"turns":3.0},{"damage":33.0,"enemies":"Gremlin Nob","floor":9.0,"turns":6.0},{"damage":0.0,"enemies":"Large Slime","floor":10.0,"turns":3.0},{"damage":4.0,"enemies":"2 Fungi Beasts","floor":11.0,"turns":3.0},{"damage":0.0,"enemies":"downfall:FleeingMerchant","floor":12.0,"turns":4.0},{"damage":0.0,"enemies":"Blue Slaver","floor":14.0,"turns":3.0},{"damage":3.0,"enemies":"Large Slime","floor":15.0,"turns":4.0},{"damage":9.0,"enemies":"SI_SHIV_ARCHETYPE","floor":16.0,"turns":6.0},{"damage":20.0,"enemies":"downfall:LooterAlt2","floor":19.0,"turns":4.0},{"damage":45.0,"enemies":"Spheric Guardian","floor":20.0,"turns":8.0},{"damage":3.0,"enemies":"Snake Plant","floor":21.0,"turns":3.0},{"damage":13.0,"enemies":"Shelled Parasite and Fungi","floor":22.0,"turns":3.0},{"damage":12.0,"enemies":"Book of Stabbing","floor":29.0,"turns":4.0},{"damage":0.0,"enemies":"downfall:FleeingMerchant","floor":31.0,"turns":4.0},{"damage":0.0,"enemies":"3 Cultists","floor":32.0,"turns":4.0},{"damage":7.0,"enemies":"WA_ARCHETYPE_CALM","floor":33.0,"turns":5.0},{"damage":0.0,"enemies":"Orb Walker","floor":36.0,"turns":1.0},{"damage":16.0,"enemies":"downfall:FleeingMerchant","floor":37.0,"turns":4.0},{"damage":34.0,"enemies":"3 Darklings","floor":38.0,"turns":4.0},{"damage":0.0,"enemies":"Sphere and 2 Shapes","floor":39.0,"turns":3.0},{"damage":9.0,"enemies":"2 Orb Walkers","floor":42.0,"turns":4.0},{"damage":24.0,"enemies":"Jaw Worm Horde","floor":45.0,"turns":3.0},{"damage":0.0,"enemies":"Giant Head","floor":46.0,"turns":6.0},{"damage":0.0,"enemies":"Spire Growth","floor":47.0,"turns":3.0},{"damage":0.0,"enemies":"Transient","floor":48.0,"turns":5.0},{"damage":37.0,"enemies":"4 Shapes","floor":49.0,"turns":4.0},{"damage":0.0,"enemies":"IC_BLOCK_ARCHETYPE","floor":50.0,"turns":8.0},{"damage":0.0,"enemies":"downfall:CharBossMerchant","floor":52.0,"turns":5.0},{"damage":6.0,"enemies":"downfall:NeowBoss","floor":55.0,"turns":15.0},{"damage":133,"enemies":"downfall:NeowBossFinal","floor":56,"turns":8}],"seed_played":"3897250843480368027","potions_obtained":[{"floor":6.0,"key":"SpeedPotion"},{"floor":9.0,"key":"Explosive Potion"},{"floor":14.0,"key":"AttackPotion"},{"floor":15.0,"key":"Swift Potion"},{"floor":16.0,"key":"DuplicationPotion"},{"floor":19.0,"key":"bronze:BurnAndBuffPotion"},{"floor":29.0,"key":"Elixir"},{"floor":39.0,"key":"LifebloodPotion"},{"floor":45.0,"key":"AttackPotion"},{"floor":46.0,"key":"Strength Potion"},{"floor":52.0,"key":"bronze:BurnAndBuffPotion"}],"is_trial":false,"path_per_floor":["R","M","?","?","M","M","T","R","E","M","M","$","R","M","M","B",null,"R","M","M","M","M","?","T","R","?","R","?","E","R","$","M","B",null,"R","M","$","M","M","R","T","?","$","?","M","E","M","M","M","B",null,"E","$","R","B","B"],"character_chosen":"THE_AUTOMATON","items_purchased":["bronze:Optimize","hubris:TenFootPole","War Paint","DollysMirror","Lee\u0027s Waffle","Membership Card","bronze:BronzeOrb"],"campfire_rested":1,"item_purchase_floors":[12,12,37,37,43,53,53],"current_hp_per_floor":[77,77,77,77,75,75,75,75,42,42,38,45,68,77,74,68,77,77,57,19,25,12,87,87,97,90,90,90,88,88,100,100,102,102,102,102,86,52,61,61,61,52,109,109,93,103,103,109,82,95,109,109,109,109,103,0,0,0],"gold":0,"neow_bonus":"TEN_PERCENT_HP_BONUS","is_daily":false,"chose_seed":false,"campfire_upgraded":8,"win_rate":0.0,"timestamp":1614099039,"path_taken":["R","M","?","?","M","M","T","R","E","M","M","$","R","M","M","BOSS","R","M","?","M","M","?","T","R","?","R","?","E","R","?","M","BOSS","R","M","$","M","M","R","T","?","$","?","M","E","M","?","M","BOSS","E","$","R","BOSS","BOSS"],"items_purchased_type":["Card","Relic","Relic","Relic","Relic","Relic","Card"],"build_version":"2020-12-22","purchased_purges":2,"victory":false,"max_hp_per_floor":[77,77,77,77,77,77,77,77,77,77,77,77,77,77,77,77,77,77,77,77,77,77,87,87,97,102,102,102,102,102,102,102,102,102,102,102,102,102,102,102,102,102,109,109,109,109,109,109,109,109,109,109,109,109,109,109,109,109],"card_choices":[{"not_picked":["bronze:Deprecate","bronze:Branch"],"picked":"bronze:FineTuning","floor":2.0},{"not_picked":["bronze:OilSpill","bronze:BronzeArmor"],"picked":"bronze:CutThrough","floor":5.0},{"not_picked":["bronze:WhirlingStrike","bronze:Turbo"],"picked":"bronze:Branch","floor":6.0},{"not_picked":["bronze:Deprecate","bronze:WildBeam"],"picked":"bronze:Iterate","floor":9.0},{"not_picked":["bronze:DelayedGuard","bronze:WhirlingStrike","bronze:ClassDefault"],"picked":"SKIP","floor":10.0},{"not_picked":["bronze:Shield","bronze:Overheat"],"picked":"bronze:Repair","floor":11.0},{"not_picked":["bronze:DelayedGuard","bronze:AlphaBuild"],"picked":"bronze:Iterate","floor":12.0},{"not_picked":["bronze:FollowUp","bronze:DelayedSlice"],"picked":"bronze:FineTuning","floor":14.0},{"not_picked":["bronze:CutThrough","bronze:WildBeam"],"picked":"bronze:FineTuning","floor":15.0},{"not_picked":["bronze:ShipIt","bronze:FindAndReplace"],"picked":"bronze:SpaghettiCode","floor":16.0},{"not_picked":["bronze:BugBarrage","bronze:BitShift"],"picked":"bronze:Iterate","floor":19.0},{"not_picked":["bronze:OilSpill","bronze:Shield+1","bronze:DelayedSlice"],"picked":"SKIP","floor":20.0},{"not_picked":["bronze:Boost","bronze:WhirlingStrike","bronze:Iterate"],"picked":"SKIP","floor":21.0},{"not_picked":["bronze:OilSpill+1","bronze:BugBarrage"],"picked":"bronze:Shell","floor":22.0},{"not_picked":["bronze:BronzeArmor+1","bronze:Repair","bronze:ItsAFeature+1"],"picked":"SKIP","floor":29.0},{"not_picked":["bronze:BugBarrage","bronze:Return+1","bronze:BronzeOrb"],"picked":"SKIP","floor":31.0},{"not_picked":["bronze:Turbo+1","bronze:Deprecate"],"picked":"bronze:Return","floor":32.0},{"not_picked":["bronze:DelayedGuard","bronze:ChildClass","bronze:Frontload"],"picked":"SKIP","floor":36.0},{"not_picked":["bronze:Shield+1","bronze:CutThrough+1","bronze:BronzeOrb+1"],"picked":"SKIP","floor":37.0},{"not_picked":["bronze:BitShift","bronze:NullPointer","bronze:DelayedGuard+1"],"picked":"SKIP","floor":38.0},{"not_picked":["bronze:Frontload+1","bronze:Branch+1","bronze:BronzeArmor+1"],"picked":"SKIP","floor":39.0},{"not_picked":["bronze:HardenedForm","bronze:Invalidate","bronze:Deprecate"],"picked":"SKIP","floor":45.0},{"not_picked":["bronze:ItsAFeature+1","bronze:OilSpill","bronze:BugBarrage+1"],"picked":"SKIP","floor":46.0},{"not_picked":["bronze:BronzeOrb+1","bronze:WhirlingStrike","bronze:BugBarrage"],"picked":"SKIP","floor":47.0},{"not_picked":["bronze:Overheat","bronze:NullPointer+1"],"picked":"bronze:Iterate+1","floor":48.0},{"not_picked":["bronze:DelayedGuard","bronze:BugBarrage+1","bronze:NullPointer"],"picked":"SKIP","floor":49.0},{"not_picked":["bronze:BuggyMess","bronze:Return+1","bronze:SpaghettiCode"],"picked":"SKIP","floor":52.0}],"player_experience":1302461,"relics_obtained":[{"floor":7.0,"key":"Happy Flower"},{"floor":9.0,"key":"FossilizedHelix"},{"floor":41.0,"key":"HornCleat"},{"floor":42.0,"key":"CaptainsWheel"},{"floor":52.0,"key":"Bottled Flame"}],"event_choices":[{"damage_healed":0.0,"max_hp_gain":0.0,"max_hp_loss":0.0,"gold_gain":0.0,"event_name":"Mysterious Sphere","player_choice":"Fight","floor":42.0,"gold_loss":0.0,"damage_taken":0.0}],"is_beta":false,"boss_relics":[{"not_picked":["aspiration:RunicSpoon","Ring of Chaos"],"picked":"beaked:SacredDeck"},{"not_picked":["Velvet Choker","ReplayTheSpireMod:SealedPack","aspiration:FutureDiary"]}],"items_purged_floors":[31,37],"is_endless":false,"potions_floor_spawned":[6,9,14,15,16,19,29,39,45,46,47,48,49,52],"killed_by":"downfall:NeowBossFinal","ascension_level":0}}