{"host":"szp1d6dso4pv7ddl","time":1614056464,"event":{"mods":["AchievementEnabler","Alarm Clock","BaseMod","Bestiary","Block Reminder","Colored Map","Colored Powertips","Curses Come First","Dark Map","Displayed Cursed Tome","Highlight Path","Minty Spire (QoL Compilation)","Permanent Neow","Quick Restart","Relic Sorter","Relic Stats","StSLib","Synergy Search"],"gold_per_floor":[118,128,128,128,143,143,171,171,171,184,155,100,131,150,150,150,150],"floor_reached":16,"language":"ENG","playtime":925,"items_purged":[],"score":220,"play_id":"44a525ad-25f0-4ae5-8a7b-03dfb7c9537a","local_time":"20210222210104","is_ascension_mode":true,"campfire_choices":[{"data":"Pommel Strike","floor":6.0,"key":"SMITH"},{"data":"Uppercut","floor":8.0,"key":"SMITH"},{"floor":15,"key":"REST"}],"circlet_count":0,"master_deck":["AscendersBane","Strike_R","Strike_R","Strike_R","Strike_R","Strike_R","Defend_R","Defend_R","Defend_R","Defend_R","Bash","Shrug It Off","Pommel Strike+1","Battle Trance","Twin Strike","Uppercut+1","Dual Wield","Thunderclap","Havoc","Cleave"],"relics":["Burning Blood","TungstenRod","WingedGreaves","Bag of Preparation"],"acts_visited":["Exordium"],"potions_floor_usage":[16,16],"damage_taken":[{"damage":2.0,"enemies":"2 Louse","floor":1.0,"turns":3.0},{"damage":11.0,"enemies":"Cultist","floor":2.0,"turns":4.0},{"damage":0.0,"enemies":"Jaw Worm","floor":5.0,"turns":4.0},{"damage":22.0,"enemies":"3 Sentries","floor":7.0,"turns":9.0},{"damage":3,"enemies":"2 Fungi Beasts","floor":10,"turns":3},{"damage":47,"enemies":"Lagavulin","floor":13,"turns":6},{"damage":12,"enemies":"Exordium Wildlife","floor":14,"turns":3},{"damage":42,"enemies":"Hexaghost","floor":16,"turns":11}],"seed_played":"-6189160789426175139","potions_obtained":[{"floor":1.0,"key":"Energy Potion"},{"floor":2.0,"key":"PowerPotion"},{"floor":4.0,"key":"Fruit Juice"},{"floor":4.0,"key":"Swift Potion"},{"floor":14,"key":"Fire Potion"}],"is_trial":false,"path_per_floor":["M","M","?","?","M","R","E","R","T","M","$","$","E","M","R","B"],"character_chosen":"IRONCLAD","items_purchased":["Thunderclap","Havoc"],"campfire_rested":1,"item_purchase_floors":[11,12],"current_hp_per_floor":[72,67,67,72,78,78,62,62,62,65,65,65,24,18,42,0,0],"gold":150,"neow_bonus":"THREE_CARDS","is_daily":false,"chose_seed":false,"campfire_upgraded":2,"win_rate":0.0,"timestamp":1614056464,"path_taken":["M","M","?","?","M","R","E","R","T","?","?","$","E","M","R","BOSS"],"items_purchased_type":["Card","Card"],"build_version":"2020-12-22","purchased_purges":0,"victory":false,"max_hp_per_floor":[75,75,75,80,80,80,80,80,80,80,80,80,80,80,80,80,80],"relic_stats":{"counters":[8,43],"Bag of Preparation":[4],"obtain_stats":[{"WingedGreaves":9,"Bag of Preparation":13,"Burning Blood":0,"TungstenRod":7},{"WingedGreaves":4,"Bag of Preparation":6,"Burning Blood":0,"TungstenRod":4},{"WingedGreaves":20,"Bag of Preparation":29,"Burning Blood":0,"TungstenRod":20}],"Burning Blood":42,"TungstenRod":27},"card_choices":[{"not_picked":["Twin Strike","Battle Trance"],"picked":"Shrug It Off","floor":0.0},{"not_picked":["Inflame","Body Slam"],"picked":"Pommel Strike","floor":1.0},{"not_picked":["Clash","Thunderclap"],"picked":"Battle Trance","floor":2.0},{"not_picked":["Feel No Pain","Battle Trance"],"picked":"Twin Strike","floor":5.0},{"not_picked":["Armaments","Corruption"],"picked":"Uppercut","floor":7.0},{"not_picked":["Pommel Strike","Anger"],"picked":"Dual Wield","floor":10},{"not_picked":["Wild Strike","Rampage","Armaments"],"picked":"SKIP","floor":13},{"not_picked":["Perfected Strike","Second Wind"],"picked":"Cleave","floor":14}],"player_experience":1648125,"relics_obtained":[{"floor":7.0,"key":"TungstenRod"},{"floor":9.0,"key":"WingedGreaves"},{"floor":13,"key":"Bag of Preparation"}],"event_choices":[{"damage_healed":0.0,"max_hp_gain":0.0,"max_hp_loss":0.0,"gold_gain":0.0,"event_name":"Liars Game","player_choice":"Ignored","floor":3.0,"gold_loss":0.0,"damage_taken":0.0},{"damage_healed":0.0,"max_hp_gain":0.0,"max_hp_loss":0.0,"gold_gain":0.0,"event_name":"Lab","player_choice":"Got Potions","floor":4.0,"gold_loss":0.0,"damage_taken":0.0}],"is_beta":false,"boss_relics":[],"items_purged_floors":[],"is_endless":false,"potions_floor_spawned":[1,2,14],"killed_by":"Hexaghost","ascension_level":20}}