{"host":"Jz","time":1614106689,"event":{"mods":["AchievementEnabler","BaseMod","Colored Map","Colored Powertips","Minty Spire (QoL Compilation)","Relic Stats","Slay-I","StSLib"],"gold_per_floor":[211,230,249,259,278,278,311,311,311,341,353,373,399,399,399,472,472,486,401,56,70,82,82,82],"floor_reached":23,"language":"ENG","playtime":2031,"items_purged":[],"score":430,"play_id":"e8766e21-c475-41b8-baa7-24f3d0528e32","local_time":"20210224015809","is_ascension_mode":true,"campfire_choices":[{"data":"Bash","floor":6,"key":"SMITH"},{"data":"Inflame","floor":8,"key":"SMITH"},{"floor":15,"key":"REST"}],"circlet_count":0,"master_deck":["AscendersBane","Strike_R","Strike_R","Strike_R","Defend_R","Defend_R","Defend_R","Defend_R","Bash+1","Metallicize","Inflame+1","Heavy Blade","Clothesline","Spot Weakness","Pummel+1","Shrug It Off","Blood for Blood+1","Double Tap","Feed+1","Flex+1","Offering+1","Power Through+1","Inflame","Shrug It Off","Uppercut+1"],"relics":["Burning Blood","Blue Candle","Molten Egg 2","Gremlin Horn","Paper Frog","Astrolabe","White Beast Statue","Mummified Hand"],"acts_visited":["Exordium","TheCity"],"potions_floor_usage":[7,10,16,16,16,18,22,23],"damage_taken":[{"damage":14,"enemies":"Small Slimes","floor":1,"turns":4},{"damage":7,"enemies":"Jaw Worm","floor":2,"turns":4},{"damage":3,"enemies":"Cultist","floor":3,"turns":3},{"damage":6,"enemies":"2 Fungi Beasts","floor":4,"turns":4},{"damage":18,"enemies":"Blue Slaver","floor":5,"turns":4},{"damage":15,"enemies":"Gremlin Nob","floor":7,"turns":4},{"damage":23,"enemies":"3 Sentries","floor":10,"turns":8},{"damage":3,"enemies":"Lots of Slimes","floor":11,"turns":3},{"damage":3,"enemies":"2 Fungi Beasts","floor":12,"turns":3},{"damage":14,"enemies":"Lagavulin","floor":13,"turns":6},{"damage":23,"enemies":"Slime Boss","floor":16,"turns":9},{"damage":29,"enemies":"Chosen","floor":18,"turns":6},{"damage":6,"enemies":"2 Thieves","floor":21,"turns":3},{"damage":6,"enemies":"Cultist and Chosen","floor":22,"turns":3},{"damage":58,"enemies":"Book of Stabbing","floor":23,"turns":4}],"seed_played":"-4433231885311361186","potions_obtained":[{"floor":1,"key":"Ancient Potion"},{"floor":5,"key":"SkillPotion"},{"floor":7,"key":"Ancient Potion"},{"floor":13,"key":"EntropicBrew"},{"floor":16,"key":"Strength Potion"},{"floor":22,"key":"Swift Potion"}],"is_trial":false,"path_per_floor":["M","M","M","M","M","R","E","R","T","E","M","M","E","?","R","B",null,"M","?","$","M","M","E"],"character_chosen":"IRONCLAD","items_purchased":["Mummified Hand","Explosive Potion"],"campfire_rested":1,"item_purchase_floors":[20,20],"current_hp_per_floor":[60,59,62,62,50,50,41,41,41,24,27,30,22,22,44,27,63,44,44,44,48,52,0,0],"gold":82,"neow_bonus":"HUNDRED_GOLD","is_daily":false,"chose_seed":false,"campfire_upgraded":2,"win_rate":0.0,"timestamp":1614106689,"path_taken":["M","M","M","M","M","R","E","R","T","E","M","M","E","?","R","BOSS","M","?","$","M","M","E"],"items_purchased_type":["Relic","Potion"],"build_version":"2020-12-18","purchased_purges":0,"victory":false,"max_hp_per_floor":[75,75,75,75,75,75,75,75,75,75,75,75,75,75,75,75,75,79,79,79,83,87,87,87],"relic_stats":{"Gremlin Horn":[10,10],"counters":[15,68],"Mummified Hand":[12],"Blue Candle":[0],"Astrolabe":["Flex","Offering","Power Through"],"obtain_stats":[{"Gremlin Horn":10,"Mummified Hand":20,"Blue Candle":7,"Astrolabe":17,"Molten Egg 2":9,"Burning Blood":0,"White Beast Statue":19,"Paper Frog":13},{"Gremlin Horn":7,"Mummified Hand":12,"Blue Candle":6,"Astrolabe":11,"Molten Egg 2":6,"Burning Blood":0,"White Beast Statue":12,"Paper Frog":10},{"Gremlin Horn":31,"Mummified Hand":58,"Blue Candle":23,"Astrolabe":52,"Molten Egg 2":23,"Burning Blood":0,"White Beast Statue":58,"Paper Frog":43}],"Burning Blood":84},"card_choices":[{"not_picked":["Bloodletting","Clothesline"],"picked":"Anger","floor":1},{"not_picked":["Warcry","Anger"],"picked":"Metallicize","floor":2},{"not_picked":["Dark Embrace","Clothesline"],"picked":"Inflame","floor":3},{"not_picked":["Body Slam","Pommel Strike"],"picked":"Heavy Blade","floor":4},{"not_picked":["Havoc","Sword Boomerang"],"picked":"Clothesline","floor":5},{"not_picked":["Cleave","Bloodletting"],"picked":"Spot Weakness","floor":7},{"not_picked":["Warcry","Thunderclap+1"],"picked":"Pummel+1","floor":10},{"not_picked":["Twin Strike+1","Seeing Red"],"picked":"Shrug It Off","floor":11},{"not_picked":["Second Wind","Evolve"],"picked":"Blood for Blood+1","floor":12},{"not_picked":["Headbutt+1","Sword Boomerang+1"],"picked":"Double Tap","floor":13},{"not_picked":["Impervious","Barricade"],"picked":"Feed+1","floor":16},{"not_picked":["Wild Strike+1","True Grit"],"picked":"Inflame","floor":18},{"not_picked":["Wild Strike+1","Rampage+1"],"picked":"Shrug It Off","floor":21},{"not_picked":["Headbutt+1","Searing Blow+1"],"picked":"Uppercut+1","floor":22}],"player_experience":400083,"relics_obtained":[{"floor":7,"key":"Blue Candle"},{"floor":9,"key":"Molten Egg 2"},{"floor":10,"key":"Gremlin Horn"},{"floor":13,"key":"Paper Frog"}],"event_choices":[{"damage_healed":0,"gold_gain":0,"player_choice":"Fled","damage_taken":0,"max_hp_gain":0,"max_hp_loss":0,"event_name":"Scrap Ooze","floor":14,"gold_loss":0},{"damage_healed":0,"gold_gain":0,"player_choice":"Obtained Relic","damage_taken":0,"relics_obtained":["White Beast Statue"],"max_hp_gain":0,"max_hp_loss":0,"event_name":"Addict","floor":19,"gold_loss":85}],"is_beta":true,"boss_relics":[{"not_picked":["Empty Cage","Runic Dome"],"picked":"Astrolabe"}],"items_purged_floors":[],"is_endless":false,"potions_floor_spawned":[1,5,7,13,16,21,22],"killed_by":"Book of Stabbing","ascension_level":20}}