{"host":"dmtlrev5pkc1867p","time":1614106272,"event":{"mods":["AchievementEnabler","BaseMod","Colored Map","Colored Powertips","Custom Start","Downfall","Hermit","Highlight Path","Hubris","Infinite Spire","Marisa¡]Ãú«B¡@Å]²z¨F¡^","Minty Spire (QoL Compilation)","Permanent Neow","Quick Restart","Rare Cards Sparkle","Relic Sorter","Relic Stats","Replay The Spire","Shop Mod","StSLib","SuperFastMode","The Construct","The Cursed","The Mystic","The Necromancer","The Poker Player","The Runesmith","The Servant 0.9.4"],"gold_per_floor":[110,125,300,318,318,318,318,318,318,142,142,156,166,192,192,293,293,304,304,16,16,27,58,2,16,70,80,80,80,80],"floor_reached":29,"language":"ZHS","playtime":705,"items_purged":["Doubt","downfall:Bewildered"],"score":366,"play_id":"5050ddfe-f623-45a4-951c-8105fee8846d","local_time":"20210224025112","is_ascension_mode":true,"campfire_choices":[{"floor":6.0,"key":"RECALL"},{"data":"Eruption","floor":8.0,"key":"SMITH"},{"data":"BattleHymn","floor":15.0,"key":"SMITH"},{"floor":28,"key":"REST"}],"circlet_count":0,"master_deck":["Strike_P","Strike_P","Strike_P","Strike_P","Defend_P","Defend_P","Defend_P","Defend_P","Eruption+1","Vigilance","Consecrate","Consecrate","Replay:DivineShield+1","BattleHymn+1","Conclude","ThirdEye","Wireheading","Establishment","Protect","LessonLearned","CutThroughFate","Eruption","hubris:Ssssneak+1","FlurryOfBlows+1","MentalFortress","ThirdEye","FlurryOfBlows+1","Prostrate+1"],"relics":["PureWater","Replay:Mystery Machine","hubris:TenFootPole","Oddly Smooth Stone","Sozu","infinitespire:Golems Mask","Bottled Lightning","ReplayTheSpireMod:CursedCoin","MealTicket"],"acts_visited":["Exordium","TheCity"],"potions_floor_usage":[23],"damage_taken":[{"damage":1.0,"enemies":"2 Louse","floor":1.0,"turns":3.0},{"damage":0.0,"enemies":"Small Slimes","floor":2.0,"turns":3.0},{"damage":6.0,"enemies":"Jaw Worm","floor":4.0,"turns":3.0},{"damage":2.0,"enemies":"Looter","floor":12.0,"turns":4.0},{"damage":3.0,"enemies":"Blue Slaver","floor":13.0,"turns":3.0},{"damage":0.0,"enemies":"Lagavulin","floor":14.0,"turns":5.0},{"damage":0.0,"enemies":"Slime Boss","floor":16.0,"turns":4.0},{"damage":19.0,"enemies":"Shell Parasite","floor":18.0,"turns":5.0},{"damage":3,"enemies":"Chosen","floor":22,"turns":4},{"damage":19,"enemies":"Slavers","floor":23,"turns":3},{"damage":5,"enemies":"Snake Plant","floor":25,"turns":2},{"damage":1,"enemies":"Snecko","floor":27,"turns":4},{"damage":35,"enemies":"Shelled Parasite and Fungi","floor":29,"turns":3}],"seed_played":"-9165248362586262714","potions_obtained":[{"floor":1.0,"key":"Venom Potion"},{"floor":4.0,"key":"Guardian:BlockOnCardUsePotion"},{"floor":16.0,"key":"Venom Potion"}],"is_trial":false,"path_per_floor":["M","M","?","M","?","R","?","R","T","$","?","M","M","E","R","B",null,"M","?","$","$","M","E","$","M","T","M","R","M"],"character_chosen":"WATCHER","items_purchased":["BattleHymn","Conclude","infinitespire:Golems Mask","ReplayTheSpireMod:CursedCoin","MentalFortress","ThirdEye"],"campfire_rested":1,"item_purchase_floors":[10,10,20,24,24,24],"current_hp_per_floor":[71,71,71,65,65,65,65,65,65,65,65,63,60,60,60,60,72,53,53,53,53,50,31,31,26,26,25,46,11,11],"gold":80,"neow_bonus":"RANDOM_COMMON_RELIC","is_daily":false,"chose_seed":false,"campfire_upgraded":2,"win_rate":0.0,"timestamp":1614106272,"path_taken":["M","M","?","M","?","R","?","R","T","$","?","M","?","E","R","BOSS","M","?","?","$","M","E","$","M","T","M","R","M"],"items_purchased_type":["Card","Card","Relic","Relic","Card","Card"],"build_version":"2020-12-22","purchased_purges":2,"victory":false,"max_hp_per_floor":[72,72,72,72,72,72,72,72,72,72,72,72,72,72,72,72,72,72,72,72,72,72,72,72,72,72,72,72,72,72],"relic_stats":{"Sozu":2,"counters":[13,46],"MealTicket":0,"obtain_stats":[{"Sozu":17,"ReplayTheSpireMod:CursedCoin":24,"Oddly Smooth Stone":14,"infinitespire:Golems Mask":20,"MealTicket":26,"hubris:TenFootPole":7,"Bottled Lightning":23,"PureWater":0,"Replay:Mystery Machine":0},{"Sozu":7,"ReplayTheSpireMod:CursedCoin":10,"Oddly Smooth Stone":6,"infinitespire:Golems Mask":8,"MealTicket":11,"hubris:TenFootPole":3,"Bottled Lightning":10,"PureWater":0,"Replay:Mystery Machine":0},{"Sozu":25,"ReplayTheSpireMod:CursedCoin":37,"Oddly Smooth Stone":21,"infinitespire:Golems Mask":30,"MealTicket":39,"hubris:TenFootPole":9,"Bottled Lightning":37,"PureWater":0,"Replay:Mystery Machine":0}]},"card_choices":[{"not_picked":["ThirdEye","BowlingBash"],"picked":"Consecrate","floor":1.0},{"not_picked":["WheelKick","EmptyBody"],"picked":"Consecrate","floor":2.0},{"not_picked":["WheelKick","JustLucky"],"picked":"Replay:DivineShield","floor":4.0},{"not_picked":["FlyingSleeves","Crescendo"],"picked":"ThirdEye","floor":12.0},{"not_picked":["BowlingBash","Replay:ManipulateFuture","Replay:Anticipation"],"picked":"SKIP","floor":13.0},{"not_picked":["Meditate","BattleHymn"],"picked":"Wireheading","floor":14.0},{"not_picked":["Replay:AllIn","Scrawl"],"picked":"Establishment","floor":16.0},{"not_picked":["Crescendo","ClearTheMind"],"picked":"Protect","floor":18.0},{"not_picked":["Crescendo","Fasting2+1"],"picked":"FlurryOfBlows+1","floor":22},{"not_picked":["Perseverance","Pray+1","WaveOfTheHand"],"picked":"SKIP","floor":23},{"not_picked":["Replay:BluntJabs+1","ThirdEye"],"picked":"FlurryOfBlows+1","floor":25},{"not_picked":["Crescendo","Replay:AtTheReady"],"picked":"Prostrate+1","floor":27}],"player_experience":765465,"relics_obtained":[{"floor":7.0,"key":"hubris:TenFootPole"},{"floor":14.0,"key":"Oddly Smooth Stone"},{"floor":23,"key":"Bottled Lightning"},{"floor":26,"key":"MealTicket"}],"event_choices":[{"damage_healed":0.0,"max_hp_gain":0.0,"max_hp_loss":0.0,"gold_gain":175.0,"event_name":"Liars Game","player_choice":"AGREE","floor":3.0,"gold_loss":0.0,"damage_taken":0.0,"cards_obtained":["Doubt"]},{"damage_healed":0.0,"max_hp_gain":0.0,"max_hp_loss":0.0,"gold_gain":0.0,"event_name":"Shining Light","player_choice":"Ignored","floor":5.0,"gold_loss":0.0,"damage_taken":0.0},{"damage_healed":0,"gold_gain":0,"player_choice":"4 cards matched","damage_taken":0,"max_hp_gain":0,"max_hp_loss":0,"event_name":"Match and Keep!","floor":19,"gold_loss":0,"cards_obtained":["LessonLearned","CutThroughFate","Eruption","hubris:Ssssneak"]}],"is_beta":false,"boss_relics":[{"not_picked":["construct:ClawGrip","ReplayTheSpireMod:DimensionalGlitch"],"picked":"Sozu"}],"items_purged_floors":[10,24],"is_endless":false,"potions_floor_spawned":[1,4,16,25,27],"killed_by":"Shelled Parasite and Fungi","ascension_level":3}}