{"host":"v63m4f6t57xrjbnq","time":1614075515,"event":{"mods":["100% Spire Juice","ATMod(阿瑾Mod)","Act Like it!","Arknights","BaseMod","Colored Powertips","Dota2Spire","Downfall","Energized Spire","Gensokyo","Hallownest","KinomotoSakuraMod(木之本樱)","KomeijiMod","LagranYue(拉格朗・月)","Lobotomy","LobotomyExtend","Marisa（F雨　魔理沙）","Marked Mod","Minty Spire (QoL Compilation)","Quick Restart","Reimu（博丽灵梦）","Relic Filter Mod","Remilia（蕾米莉亚）","Replay The Spire","RumiaBox-露米娅的神秘盒子","StSLib","The Administrix","The Marked","The Senshi","The Servant 0.9.4","Waifu the Spire","WarShipGirlsR/战舰少女R mod","Yakumo Yukari mod","Youmu（魂魄妖梦）","Yuyuko","【遗物卡牌】REMEMod"],"gold_per_floor":[110,120,120,50,65,94,94,94,121,133,133,143,143,17,17,119,119,132,13,27,27,27,27,42,73,73,273,273],"floor_reached":27,"language":"ZHS","playtime":1982,"items_purged":[],"score":231,"play_id":"a65139b5-d9ca-4a9b-a63e-d88e13a126cd","local_time":"20210223181835","is_ascension_mode":false,"campfire_choices":[{"data":"SpellCardSeal","floor":7.0,"key":"SMITH"},{"floor":11.0,"key":"RECALL"},{"floor":15.0,"key":"REST"}],"circlet_count":1,"master_deck":["SakuraCardThePower+","ClowCardTheSword","ClowCardTheSword","ClowCardTheSword","ClowCardTheShield+1","ClowCardTheShield","ClowCardTheShield","ClowCardTheShield","SpellCardSeal+1","NakedNest","ClowCardTheRain+1","OSAHOGD","ClowCardTheDark","ClowCardTheShot","QueenOfHatred","ClowCardTheLight","CherryBlossoms","ClowCardTheLock+1","Gensokyo:DepletedGenerator","MeatLantern","ClowCardTheStorm","Freischutz","PunishingBird","ClowCardTheChange+1"],"relics":["KSMOD_SealedBook","KSMOD_SealedWand","LagranYue:RandomDrawCardRelic","CogitoBucket","Baka","LetterFromLob","Dead Branch","Gensokyo:LunaticRedEyes","Circlet","Dota2Spire:EchoSabre","LaetitiaHeart","MagicBullet_r","Honey Jar","Ancient Tea Set","Gensokyo:SongOfSouls","Ice Cream","Dota2Spire:UrnOfShadows","Frozen Eye","Dota2Spire:EtherealBlade"],"acts_visited":["Gensokyo:Gensokyo","Gensokyo:Gensokyoer"],"potions_floor_usage":[24,24,27],"damage_taken":[{"damage":0.0,"enemies":"Gensokyo:3_Fairies","floor":1.0,"turns":3.0},{"damage":0.0,"enemies":"Gensokyo:Python","floor":2.0,"turns":2.0},{"damage":11.0,"enemies":"Gensokyo:2_Kodama","floor":5.0,"turns":4.0},{"damage":8.0,"enemies":"Gensokyo:Aya","floor":6.0,"turns":3.0},{"damage":0.0,"enemies":"Gensokyo:LivingMonolith","floor":10.0,"turns":1.0},{"damage":47.0,"enemies":"Gensokyo:Kitsune","floor":12.0,"turns":4.0},{"damage":0.0,"enemies":"Gensokyo:VengefulSpirit","floor":13.0,"turns":2.0},{"damage":1.0,"enemies":"Gensokyo:VengefulSpirit","floor":13.0,"turns":2.0},{"damage":11.0,"enemies":"Gensokyo:Yukari","floor":16.0,"turns":8.0},{"damage":8,"enemies":"Gensokyo:3_Dogs","floor":18,"turns":4},{"damage":6,"enemies":"Gensokyo:2_Gloops","floor":20,"turns":5},{"damage":1,"enemies":"Gensokyo:Slime_Group","floor":24,"turns":2},{"damage":52,"enemies":"Gensokyo:Reisen","floor":25,"turns":3},{"damage":46,"enemies":"Gensokyo:Koishi","floor":27,"turns":4}],"seed_played":"-7790281041906432847","potions_obtained":[{"floor":2.0,"key":"BlessingOfTheForge"},{"floor":5.0,"key":"Adrenaline Potion"},{"floor":10.0,"key":"FearPotion"},{"floor":18,"key":"CultistPotion"},{"floor":20,"key":"Dota2Spire:Clarity"},{"floor":25,"key":"Block Potion"}],"is_trial":false,"path_per_floor":["M","M","?","?","M","E","R","?","T","M","R","M","M","COS","R","B",null,"M","COS","M","?","PTL","PTL","M","E","?","E"],"character_chosen":"KINOMOTOSAKURA","items_purchased":[],"campfire_rested":1,"item_purchase_floors":[],"current_hp_per_floor":[70,70,70,70,59,54,54,54,54,54,54,12,31,31,51,69,69,68,68,63,63,63,63,62,16,16,0,0],"gold":273,"neow_bonus":"","is_daily":false,"chose_seed":false,"campfire_upgraded":1,"win_rate":0.0,"timestamp":1614075515,"path_taken":["M","M","?","?","M","E","R","?","T","?","R","M","M","COS","R","BOSS","M","COS","M","?","PTL","PTL","M","E","?","E"],"items_purchased_type":[],"build_version":"2020-12-22","purchased_purges":0,"victory":false,"max_hp_per_floor":[70,70,70,70,70,70,70,70,70,70,70,70,69,69,69,69,69,69,69,69,69,69,69,69,69,69,69,69],"card_choices":[{"not_picked":["BigBadWolf","Bloodbath"],"picked":"NakedNest","floor":1.0},{"not_picked":["ClowCardTheWood","ClowCardTheIllusion"],"picked":"ClowCardThePower","floor":1.0},{"not_picked":["LittlePrince","UniverseFragment"],"picked":"CherryBlossoms","floor":2.0},{"not_picked":["ClowCardTheLittle","ClowCardTheJump"],"picked":"ClowCardTheRain","floor":2.0},{"not_picked":["ClowCardTheSnow","ClowCardTheBubbles","ClowCardTheDream"],"picked":"SKIP","floor":5.0},{"not_picked":["WallGazer","OldLady"],"picked":"OSAHOGD","floor":6.0},{"not_picked":["ClowCardTheCloud","ClowCardTheFreeze"],"picked":"ClowCardTheWood","floor":6.0},{"not_picked":["ClowCardTheRain","ClowCardTheSweet"],"picked":"ClowCardTheDark","floor":10.0},{"not_picked":["ClowCardTheMirror","ClowCardTheMist"],"picked":"ClowCardTheShot","floor":12.0},{"not_picked":["Laetitia","CrumblingArmor"],"picked":"QueenOfHatred","floor":16.0},{"not_picked":["ClowCardTheThunder","ClowCardTheTwin"],"picked":"ClowCardTheLight","floor":16.0},{"not_picked":["LittleHelper","Wellcheers"],"picked":"CherryBlossoms","floor":18},{"not_picked":["ClowCardTheChange","ClowCardTheCloud+1","ClowCardTheLibra"],"picked":"ClowCardTheLock+1","floor":18},{"not_picked":["LongBird","Wellcheers"],"picked":"MeatLantern","floor":20},{"not_picked":["ClowCardTheSilent","ClowCardTheWave+1","ClowCardTheMist"],"picked":"ClowCardTheStorm","floor":20},{"not_picked":["UniverseFragment","Murderer"],"picked":"Freischutz","floor":24},{"not_picked":["ClowCardTheDream","ClowCardTheWood","ClowCardTheLock"],"picked":"ClowCardTheCreate","floor":24},{"not_picked":["VoidDream","BlueStar"],"picked":"PunishingBird","floor":25},{"not_picked":["ClowCardTheCloud","ClowCardTheMirror","ClowCardTheEarthy"],"picked":"ClowCardTheChange+1","floor":25}],"player_experience":259238,"relics_obtained":[{"floor":1.0,"key":"Baka"},{"floor":1.0,"key":"LetterFromLob"},{"floor":2.0,"key":"Dead Branch"},{"floor":2.0,"key":"Dead Branch"},{"floor":9.0,"key":"Dota2Spire:EchoSabre"},{"floor":25,"key":"Dota2Spire:UrnOfShadows"}],"event_choices":[],"is_beta":false,"boss_relics":[{"not_picked":["Runic Pyramid","Ring of Chaos"],"picked":"Honey Jar"}],"items_purged_floors":[],"is_endless":false,"potions_floor_spawned":[2,5,10,13,18,20,25],"killed_by":"Gensokyo:Koishi","ascension_level":0}}