{"host":"0qlrtuw7bw78ucw4","time":1614094908,"event":{"mods":["BaseMod","Downfall","Minty Spire (QoL Compilation)","StSLib"],"gold_per_floor":[99,119,119,134,134,146,146,179,179,208,228,248,276,290,301,416,416,416,431,442,460,178,190,190,206,206,306,317,58,58,71,85,186,186,186,198,248,344,229,261,261,328,328,359,409,473,473,523,533,533],"floor_reached":51,"language":"ENG","playtime":3856,"items_purged":["sneckomod:Strike","sneckomod:WideSting","sneckomod:Strike"],"score":820,"play_id":"fcfcd9a3-7f0b-4349-905f-02663e9c5ce9","local_time":"20210224024148","is_ascension_mode":true,"campfire_choices":[{"data":"sneckomod:SnekBite","floor":9,"key":"SMITH"},{"data":"sneckomod:DefensiveFlair","floor":18,"key":"SMITH"},{"floor":26,"key":"REST"},{"data":"Apotheosis","floor":30,"key":"SMITH"},{"floor":43,"key":"REST"},{"floor":47,"key":"REST"}],"circlet_count":0,"master_deck":["sneckomod:Strike+1","sneckomod:Defend","sneckomod:Defend","sneckomod:Defend","sneckomod:TailWhip+1","sneckomod:SnekBite+1","sneckomod:Unknown","Demon Form","sneckomod:UnknownUncommonAttack","sneckomod:DefensiveFlair+1","sneckomod:Restock","sneckomod:SoulDraw","sneckomod:Nope+1","sneckomod:QuickMove","sneckomod:UnknownUncommonPower","sneckomod:CheapStock","Apotheosis+1","sneckomod:IronFang+1","sneckomod:Restock","Terror","sneckomod:DiceCrush+1","sneckomod:SerpentMind","sneckomod:DiceBoulder+1","expansioncontent:Hexaburn"],"relics":["sneckomod:SneckoSoul","Ice Cream","Blue Candle","Bag of Preparation","Lantern","Orichalcum","Philosopher\u0027s Stone","OrangePellets","Gremlin Horn","downfall:CloakOfManyFaces","CultistMask","FaceOfCleric","NlothsMask","GremlinMask","SsserpentHead","Lee\u0027s Waffle","Busted Crown","Shovel","sneckomod:ConfusingCodex","Whetstone","Toy Ornithopter"],"acts_visited":["Exordium","TheCity","TheBeyond"],"potions_floor_usage":[8,15,15,19,27,29,29,38,40,42,44,50,50],"damage_taken":[{"damage":8,"enemies":"Jaw Worm","floor":2,"turns":3},{"damage":0,"enemies":"2 Louse","floor":4,"turns":2},{"damage":4,"enemies":"Cultist","floor":6,"turns":3},{"damage":0,"enemies":"Lagavulin","floor":8,"turns":5},{"damage":9,"enemies":"Gremlin Nob","floor":10,"turns":4},{"damage":6,"enemies":"Large Slime","floor":11,"turns":4},{"damage":32,"enemies":"Exordium Thugs","floor":12,"turns":6},{"damage":1,"enemies":"Lagavulin","floor":13,"turns":6},{"damage":4,"enemies":"Exordium Wildlife","floor":14,"turns":3},{"damage":0,"enemies":"Blue Slaver","floor":15,"turns":3},{"damage":9,"enemies":"SI_SHIV_ARCHETYPE","floor":16,"turns":7},{"damage":0,"enemies":"Spheric Guardian","floor":19,"turns":3},{"damage":7,"enemies":"downfall:LooterAlt2","floor":20,"turns":3},{"damage":27,"enemies":"Shelled Parasite and Fungi","floor":21,"turns":5},{"damage":12,"enemies":"downfall:FleeingMerchant","floor":22,"turns":4},{"damage":19,"enemies":"3 Cultists","floor":23,"turns":6},{"damage":29,"enemies":"Centurion and Healer","floor":25,"turns":5},{"damage":21,"enemies":"downfall:FaceTrader","floor":27,"turns":10},{"damage":23,"enemies":"Cultist and Chosen","floor":28,"turns":6},{"damage":10,"enemies":"downfall:FleeingMerchant","floor":29,"turns":4},{"damage":19,"enemies":"Snake Plant","floor":31,"turns":7},{"damage":0,"enemies":"3 Cultists","floor":32,"turns":4},{"damage":23,"enemies":"IC_MUSHROOM_ARCHETYPE","floor":33,"turns":7},{"damage":1,"enemies":"3 Darklings","floor":36,"turns":4},{"damage":31,"enemies":"2 Orb Walkers","floor":38,"turns":4},{"damage":0,"enemies":"downfall:FleeingMerchant","floor":39,"turns":1},{"damage":62,"enemies":"Reptomancer","floor":40,"turns":5},{"damage":0,"enemies":"Orb Walker","floor":42,"turns":3},{"damage":3,"enemies":"Nemesis","floor":44,"turns":5},{"damage":5,"enemies":"Writhing Mass","floor":46,"turns":7},{"damage":15,"enemies":"Jaw Worm Horde","floor":49,"turns":4},{"damage":41,"enemies":"WA_ARCHETYPE_DIVINITY","floor":50,"turns":9}],"seed_played":"4790362123396606927","potions_obtained":[{"floor":4,"key":"Regen Potion"},{"floor":5,"key":"FairyPotion"},{"floor":5,"key":"BlessingOfTheForge"},{"floor":14,"key":"Block Potion"},{"floor":15,"key":"Energy Potion"},{"floor":21,"key":"BlessingOfTheForge"},{"floor":23,"key":"ColorlessPotion"},{"floor":27,"key":"Dexterity Potion"},{"floor":28,"key":"SteroidPotion"},{"floor":32,"key":"bronze:BurnAndBuffPotion"},{"floor":33,"key":"DuplicationPotion"},{"floor":42,"key":"ColorlessPotion"},{"floor":46,"key":"DuplicationPotion"},{"floor":49,"key":"bronze:BurnAndBuffPotion"}],"is_trial":false,"path_per_floor":["R","M","?","M","?","M","T","E","R","E","M","M","E","M","M","B",null,"R","M","M","M","$","M","T","M","R","?","M","$","R","M","M","B",null,"R","M","?","?","$","E","T","M","R","E","?","M","R","?","M","B",null],"character_chosen":"THE_SNECKO","items_purchased":["sneckomod:CheapStock","OrangePellets","Lee\u0027s Waffle","sneckomod:ConfusingCodex","sneckomod:SerpentMind"],"campfire_rested":3,"item_purchase_floors":[22,22,29,39,39],"current_hp_per_floor":[90,82,75,75,75,71,71,85,85,76,70,38,37,33,33,24,90,90,90,83,56,44,25,25,27,54,33,11,99,99,81,82,60,102,102,102,102,72,73,12,12,13,45,43,43,39,71,71,57,27],"gold":533,"neow_bonus":"UPGRADE_CARD","is_daily":false,"chose_seed":false,"campfire_upgraded":3,"win_rate":0.0,"timestamp":1614094908,"path_taken":["R","M","?","M","?","M","T","E","R","E","M","M","E","M","M","BOSS","R","M","M","M","$","?","T","M","R","?","M","$","R","M","M","BOSS","R","M","?","?","$","E","T","?","R","E","?","?","R","?","M","BOSS"],"items_purchased_type":["Card","Relic","Relic","Relic","Card"],"build_version":"2020-12-22","purchased_purges":3,"victory":true,"max_hp_per_floor":[90,90,90,90,90,90,90,90,90,90,90,90,90,90,90,90,90,90,90,90,90,90,90,90,90,90,90,91,99,99,100,101,102,102,102,103,103,104,105,106,106,107,107,108,108,109,109,109,110,111],"card_choices":[{"not_picked":["sneckomod:QuickBite","sneckomod:UnknownDraw"],"picked":"sneckomod:UnknownUncommonAttack","floor":2},{"not_picked":["sneckomod:RainOfDice","sneckomod:Unknown1Cost"],"picked":"sneckomod:UnknownVulnerable","floor":4},{"not_picked":["sneckomod:IronFang","sneckomod:UnknownExhaust"],"picked":"sneckomod:DefensiveFlair","floor":6},{"not_picked":["sneckomod:ImprovisedGuard","sneckomod:SoulExchange"],"picked":"sneckomod:UnknownColorless","floor":8},{"not_picked":["sneckomod:DiceCrush","sneckomod:SerpentIdol"],"picked":"sneckomod:Restock","floor":10},{"not_picked":["sneckomod:DiceCrush","sneckomod:UnknownX"],"picked":"sneckomod:SoulDraw","floor":11},{"not_picked":["sneckomod:DefensiveFlair","sneckomod:SoulRoll","sneckomod:RainOfDice"],"picked":"SKIP","floor":12},{"not_picked":["sneckomod:UnendingSupply","sneckomod:DiceCrush"],"picked":"sneckomod:Memorize","floor":13},{"not_picked":["sneckomod:Nope","sneckomod:Rotation","sneckomod:ImprovisedAttack"],"picked":"SKIP","floor":14},{"not_picked":["sneckomod:Nope","sneckomod:IronFang","sneckomod:UnknownExhaust"],"picked":"SKIP","floor":15},{"not_picked":["sneckomod:UnknownClassRED","sneckomod:DiceCrush+1","sneckomod:MasterEye"],"picked":"SKIP","floor":19},{"not_picked":["sneckomod:SoulRoll","sneckomod:UnknownClassRED"],"picked":"sneckomod:Nope+1","floor":20},{"not_picked":["sneckomod:SoulDraw+1","sneckomod:UnknownClassRED"],"picked":"sneckomod:QuickMove","floor":21},{"not_picked":["sneckomod:Unknown0Cost+1","sneckomod:UnknownExhaust"],"picked":"sneckomod:UnknownUncommonPower","floor":22},{"not_picked":["sneckomod:DiceBlock","sneckomod:UnknownClassRED","sneckomod:UnknownClassSLIMEBOUND"],"picked":"SKIP","floor":23},{"not_picked":["sneckomod:UnknownCommonAttack","sneckomod:Restock"],"picked":"sneckomod:WideSting","floor":25},{"not_picked":["sneckomod:UnknownStrike","sneckomod:DefensiveFlair","sneckomod:QuickBite"],"picked":"SKIP","floor":28},{"not_picked":["sneckomod:DiceCrush","sneckomod:UnknownExhaust","sneckomod:QuickBite"],"picked":"SKIP","floor":29},{"not_picked":["sneckomod:QuickMove","sneckomod:Unknown1Cost","sneckomod:SoulRoll"],"picked":"SKIP","floor":31},{"not_picked":["sneckomod:UnknownWeak","sneckomod:SoulDraw+1"],"picked":"sneckomod:IronFang","floor":32},{"not_picked":["sneckomod:SoulExchange","sneckomod:MorePower"],"picked":"sneckomod:Restock","floor":33},{"not_picked":[],"picked":"sneckomod:DiceCrush+1","floor":36},{"not_picked":["sneckomod:Unknown1Cost+1"],"picked":"SKIP","floor":39},{"not_picked":[],"picked":"sneckomod:DiceBoulder+1","floor":40},{"not_picked":["sneckomod:QuickBite"],"picked":"SKIP","floor":42},{"not_picked":["sneckomod:DiceCrush+1"],"picked":"SKIP","floor":44},{"not_picked":["sneckomod:CheapStock+1"],"picked":"SKIP","floor":46},{"not_picked":["expansioncontent:InvincibleStrength","expansioncontent:HyperBeam"],"picked":"expansioncontent:Hexaburn","floor":48},{"not_picked":["sneckomod:Memorize+1"],"picked":"SKIP","floor":49}],"player_experience":1053660,"relics_obtained":[{"floor":7,"key":"Blue Candle"},{"floor":8,"key":"Bag of Preparation"},{"floor":10,"key":"Lantern"},{"floor":13,"key":"Orichalcum"},{"floor":24,"key":"Gremlin Horn"},{"floor":27,"key":"downfall:CloakOfManyFaces"},{"floor":38,"key":"Shovel"},{"floor":40,"key":"Whetstone"},{"floor":44,"key":"Toy Ornithopter"}],"event_choices":[{"damage_healed":0,"gold_gain":0,"player_choice":"Success","damage_taken":7,"relics_obtained":["Ice Cream"],"max_hp_gain":0,"max_hp_loss":0,"event_name":"Scrap Ooze","floor":3,"gold_loss":0},{"damage_healed":0,"gold_gain":0,"player_choice":"Got Potions","damage_taken":0,"max_hp_gain":0,"max_hp_loss":0,"event_name":"Lab","floor":5,"gold_loss":0},{"damage_healed":0,"gold_gain":0,"player_choice":"Fight","damage_taken":0,"max_hp_gain":0,"max_hp_loss":0,"event_name":"Mysterious Sphere","floor":38,"gold_loss":0}],"is_beta":false,"boss_relics":[{"not_picked":["Runic Pyramid","Black Star"],"picked":"Philosopher\u0027s Stone"},{"not_picked":["sneckomod:SneckoBoss","Astrolabe"],"picked":"Busted Crown"}],"items_purged_floors":[22,29,39],"is_endless":false,"potions_floor_spawned":[4,6,14,15,21,23,27,28,32,33,36,42,46,49],"ascension_level":1}}