{"host":"kj5ejyofr70ax6r3","time":1614056829,"event":{"mods":["BaseMod","BetterRewards","Colored Map","Downfall","GifTheSpireLib","Minty Spire (QoL Compilation)","Replay The Spire","Shop Mod","StSLib"],"gold_per_floor":[99,118,179,195,295,314,339,139,158,168,52,63,80,91,108,108,108,108],"floor_reached":16,"language":"ENG","playtime":729,"items_purged":[],"score":113,"play_id":"47711daa-9749-4b8a-9ad3-390f489acb9a","local_time":"20210222230709","is_ascension_mode":true,"campfire_choices":[{"floor":1,"key":"RECALL"},{"floor":8,"key":"REST"}],"circlet_count":0,"master_deck":["bronze:Strike","bronze:Strike","bronze:Strike","bronze:Strike","bronze:Defend","bronze:Defend","bronze:Defend","bronze:Defend","bronze:Replicate","bronze:Goto","bronze:Boost","bronze:OilSpill","bronze:Backtrace","bronze:ChildClass","bronze:DarkDash","bronze:DelayedSlice","bronze:DelayedGuard","bronze:Constructor","bronze:DarkDash","bronze:OilSpill","bronze:BronzeOrb","bronze:OilSpill","bronze:DelayedGuard"],"relics":["bronze:BronzeCore","downfall:HeartBlessingRed","downfall:HeartBlessingBlue","MerchantsRug"],"acts_visited":["Exordium"],"potions_floor_usage":[3,6,16,16],"damage_taken":[{"damage":3,"enemies":"2 Louse","floor":2,"turns":3},{"damage":17,"enemies":"Gremlin Nob","floor":3,"turns":5},{"damage":0,"enemies":"Cultist","floor":4,"turns":3},{"damage":48,"enemies":"downfall:LadyInBlue","floor":5,"turns":11},{"damage":0,"enemies":"Jaw Worm","floor":6,"turns":2},{"damage":0,"enemies":"Blue Slaver","floor":9,"turns":2},{"damage":0,"enemies":"downfall:LooterAlt","floor":10,"turns":2},{"damage":10,"enemies":"downfall:FleeingMerchant","floor":11,"turns":4},{"damage":0,"enemies":"2 Fungi Beasts","floor":12,"turns":2},{"damage":0,"enemies":"Large Slime","floor":13,"turns":4},{"damage":0,"enemies":"3 Louse","floor":14,"turns":2},{"damage":0,"enemies":"2 Fungi Beasts","floor":15,"turns":2},{"damage":31,"enemies":"DF_ARCHETYPE_STREAMLINE","floor":16,"turns":6}],"seed_played":"5535754573861809431","potions_obtained":[{"floor":0,"key":"SmokeBomb"},{"floor":0,"key":"Milkshake"},{"floor":0,"key":"SpeedPotion"},{"floor":2,"key":"PowerPotion"},{"floor":5,"key":"CultistPotion"},{"floor":5,"key":"Block Potion"},{"floor":6,"key":"ColorlessPotion"},{"floor":11,"key":"Slimebound:ThreeZeroPotion"}],"is_trial":false,"path_per_floor":["R","M","?","M","?","M","T","R","M","M","$","M","M","M","M","B"],"character_chosen":"THE_AUTOMATON","items_purchased":["MerchantsRug","bronze:DarkDash"],"campfire_rested":1,"item_purchase_floors":[11,11],"current_hp_per_floor":[70,67,50,50,2,2,2,36,36,36,26,26,26,26,26,0,0,0],"gold":108,"neow_bonus":"THREE_SMALL_POTIONS","is_daily":false,"chose_seed":false,"campfire_upgraded":0,"win_rate":0.0,"timestamp":1614056829,"path_taken":["R","M","?","M","?","M","T","R","M","M","$","?","M","M","M","BOSS"],"items_purchased_type":["Relic","Card"],"build_version":"2020-12-22","purchased_purges":0,"victory":false,"max_hp_per_floor":[70,70,70,70,70,70,70,80,80,80,80,80,80,80,80,80,80,80],"card_choices":[{"not_picked":["bronze:Branch","bronze:OilSpill"],"picked":"bronze:Boost","floor":2},{"not_picked":["bronze:Frontload","bronze:ForLoop"],"picked":"bronze:OilSpill","floor":3},{"not_picked":["bronze:ForLoop","bronze:Turbo"],"picked":"bronze:Backtrace","floor":4},{"not_picked":["bronze:BronzeArmor","bronze:Return"],"picked":"bronze:ChildClass","floor":5},{"not_picked":["bronze:AlphaBuild","bronze:Iterate"],"picked":"bronze:DarkDash","floor":6},{"not_picked":["bronze:InfiniteBeams","bronze:Return"],"picked":"bronze:DelayedSlice","floor":9},{"not_picked":["bronze:ChosenStrike","bronze:ChildClass"],"picked":"bronze:DelayedGuard","floor":10},{"not_picked":["bronze:BugBarrage","bronze:DelayedGuard"],"picked":"bronze:Constructor","floor":11},{"not_picked":["bronze:FineTuning","bronze:Iterate"],"picked":"bronze:OilSpill","floor":12},{"not_picked":["bronze:DelayedSlice","bronze:BuggyMess"],"picked":"bronze:BronzeOrb","floor":13},{"not_picked":["bronze:ChildClass","bronze:CutThrough"],"picked":"bronze:OilSpill","floor":14},{"not_picked":["bronze:Assembly","bronze:Overheat"],"picked":"bronze:DelayedGuard","floor":15}],"player_experience":199349,"relics_obtained":[{"floor":3,"key":"Replay:Wax Seal"},{"floor":5,"key":"White Beast Statue"}],"event_choices":[],"is_beta":false,"boss_relics":[],"items_purged_floors":[],"is_endless":false,"potions_floor_spawned":[2,6,9,10,11,15],"killed_by":"DF_ARCHETYPE_STREAMLINE","ascension_level":3}}