{"host":"sav7uxregyirlf69","time":1614041792,"event":{"mods":["AchievementEnabler","BaseMod","Colored Map","DeckTracker","Keyboard Shortcuts","Minty Spire (QoL Compilation)","READ ME - Guardian Mod","StSLib","SuperFastMode"],"gold_per_floor":[113,113,133,143,113,113,132,152,204,224,224,256,270,308,308,395,395,421,21,30,30,49,49,49,88,88,88,122,134,180,207,219,231,231],"floor_reached":33,"language":"KOR","playtime":670,"items_purged":[],"score":590,"play_id":"7a31f1bb-dade-4321-a512-e2d432f7ee2f","local_time":"20210223095632","is_ascension_mode":true,"campfire_choices":[{"data":"Armaments","floor":6.0,"key":"SMITH"},{"data":"Whirlwind","floor":11.0,"key":"SMITH"},{"data":"Disarm","floor":15.0,"key":"SMITH"},{"data":"Evolve","floor":23.0,"key":"SMITH"},{"data":"Fire Breathing","floor":27.0,"key":"SMITH"},{"data":"Entrench","floor":29.0,"key":"SMITH"},{"floor":32,"key":"REST"}],"circlet_count":0,"master_deck":["AscendersBane","Strike_R","Strike_R","Strike_R","Strike_R","Defend_R","Defend_R","Defend_R","Defend_R","Bash","Armaments+1","Disarm+1","Whirlwind+1","Shockwave","Pommel Strike","Thunderclap","Power Through","Immolate","Body Slam+1","Fire Breathing+1","Evolve+1","Battle Trance","Entrench+1"],"relics":["Burning Blood","Thread and Needle","Juzu Bracelet","Question Card","CeramicFish","SacredBark","Calipers","Oddly Smooth Stone","Frozen Egg 2","MawBank","Red Mask"],"acts_visited":["Exordium","TheCity"],"potions_floor_usage":[33],"damage_taken":[{"damage":0.0,"enemies":"2 Louse","floor":1.0,"turns":3.0},{"damage":0.0,"enemies":"Cultist","floor":3.0,"turns":3.0},{"damage":1.0,"enemies":"Jaw Worm","floor":4.0,"turns":5.0},{"damage":9.0,"enemies":"Red Slaver","floor":7.0,"turns":4.0},{"damage":3.0,"enemies":"Exordium Thugs","floor":8.0,"turns":4.0},{"damage":0.0,"enemies":"3 Louse","floor":10.0,"turns":2.0},{"damage":8.0,"enemies":"3 Sentries","floor":12.0,"turns":4.0},{"damage":10.0,"enemies":"Blue Slaver","floor":13.0,"turns":4.0},{"damage":36.0,"enemies":"Lagavulin","floor":14.0,"turns":9.0},{"damage":50.0,"enemies":"The Guardian","floor":16.0,"turns":19.0},{"damage":8.0,"enemies":"2 Thieves","floor":18.0,"turns":2.0},{"damage":26.0,"enemies":"Spheric Guardian","floor":22.0,"turns":10.0},{"damage":9.0,"enemies":"Gremlin Leader","floor":25.0,"turns":6.0},{"damage":8.0,"enemies":"Book of Stabbing","floor":28.0,"turns":7.0},{"damage":21.0,"enemies":"Masked Bandits","floor":30.0,"turns":4.0},{"damage":0,"enemies":"3 Cultists","floor":31,"turns":4},{"damage":57,"enemies":"Automaton","floor":33,"turns":6}],"seed_played":"5690340765831895120","potions_obtained":[{"floor":4.0,"key":"AttackPotion"},{"floor":5.0,"key":"Energy Potion"},{"floor":10.0,"key":"BloodPotion"},{"floor":12.0,"key":"ElixirPotion"},{"floor":16.0,"key":"DuplicationPotion"},{"floor":25.0,"key":"Explosive Potion"},{"floor":30.0,"key":"ColorlessPotion"},{"floor":31,"key":"Fire Potion"}],"is_trial":false,"path_per_floor":["M","?","M","M","?","R","M","M","T","M","R","E","M","E","R","B",null,"M","$","?","$","M","R","$","E","T","R","E","R","?","M","R","B"],"character_chosen":"IRONCLAD","items_purchased":["Calipers","Energy Potion"],"campfire_rested":1,"item_purchase_floors":[19,19],"current_hp_per_floor":[56,56,62,67,67,67,64,67,67,73,73,71,67,37,37,8,58,56,56,56,56,36,36,36,33,33,33,31,31,16,22,44,0,0],"gold":231,"neow_bonus":"ONE_RARE_RELIC","is_daily":false,"chose_seed":false,"campfire_upgraded":6,"win_rate":0.0,"timestamp":1614041792,"path_taken":["M","?","M","?","?","R","M","M","T","M","R","E","M","E","R","BOSS","M","$","?","$","M","R","?","E","T","R","E","R","?","M","R","BOSS"],"items_purchased_type":["Relic","Potion"],"build_version":"2020-12-22","purchased_purges":0,"victory":false,"max_hp_per_floor":[75,75,75,75,75,75,75,75,75,75,75,75,75,75,75,75,75,75,75,75,75,75,75,75,75,75,75,75,75,75,75,75,75,75],"card_choices":[{"not_picked":["Bloodletting","Cleave"],"picked":"Armaments","floor":1.0},{"not_picked":["Body Slam","Power Through"],"picked":"Disarm","floor":3.0},{"not_picked":["Thunderclap","True Grit"],"picked":"Whirlwind","floor":4.0},{"not_picked":["Body Slam","Clothesline"],"picked":"Shockwave","floor":7.0},{"not_picked":["Exhume","Rage","Disarm"],"picked":"SKIP","floor":8.0},{"not_picked":["Infernal Blade","True Grit"],"picked":"Pommel Strike","floor":10.0},{"not_picked":["Perfected Strike","Power Through","Burning Pact"],"picked":"SKIP","floor":12.0},{"not_picked":["Clothesline","Perfected Strike","True Grit"],"picked":"Thunderclap","floor":13.0},{"not_picked":["Reckless Charge","Perfected Strike","Clash"],"picked":"Power Through","floor":14.0},{"not_picked":["Bludgeon","Berserk","Fiend Fire"],"picked":"Immolate","floor":16.0},{"not_picked":["Thunderclap","Cleave+1","Twin Strike"],"picked":"Body Slam+1","floor":18.0},{"not_picked":["Havoc","Dual Wield","Intimidate"],"picked":"Evolve","floor":22.0},{"not_picked":["Twin Strike","Pommel Strike","Dual Wield"],"picked":"Battle Trance","floor":25.0},{"not_picked":["Carnage","Pummel","Reaper"],"picked":"Entrench","floor":28.0},{"not_picked":["Heavy Blade+1","Hemokinesis","Sword Boomerang","Thunderclap"],"picked":"SKIP","floor":31}],"player_experience":1660461,"relics_obtained":[{"floor":9.0,"key":"Juzu Bracelet"},{"floor":12.0,"key":"Question Card"},{"floor":14.0,"key":"CeramicFish"},{"floor":25.0,"key":"Oddly Smooth Stone"},{"floor":26.0,"key":"Frozen Egg 2"},{"floor":28.0,"key":"MawBank"},{"floor":30.0,"key":"Red Mask"}],"event_choices":[{"cards_removed":["Strike_R"],"damage_healed":0.0,"max_hp_gain":0.0,"max_hp_loss":0.0,"gold_gain":0.0,"event_name":"Purifier","player_choice":"Purged","floor":2.0,"gold_loss":0.0,"damage_taken":0.0},{"damage_healed":0.0,"max_hp_gain":0.0,"max_hp_loss":0.0,"gold_gain":0.0,"event_name":"The Woman in Blue","player_choice":"Bought 2 Potions","floor":5.0,"gold_loss":0.0,"damage_taken":0.0},{"damage_healed":0.0,"max_hp_gain":0.0,"max_hp_loss":0.0,"gold_gain":0.0,"event_name":"The Library","player_choice":"Read","floor":20.0,"gold_loss":0.0,"damage_taken":0.0,"cards_obtained":["Fire Breathing"]},{"damage_healed":0.0,"max_hp_gain":0.0,"max_hp_loss":0.0,"gold_gain":0.0,"event_name":"Masked Bandits","player_choice":"Fought Bandits","floor":30.0,"gold_loss":0.0,"damage_taken":0.0}],"is_beta":false,"boss_relics":[{"not_picked":["Ectoplasm","Runic Cube"],"picked":"SacredBark"}],"items_purged_floors":[],"is_endless":false,"potions_floor_spawned":[4,10,12,13,16,25,30,31],"killed_by":"Automaton","ascension_level":20}}