{"host":"xl9a30au8t8jvl5g","time":1614079590,"event":{"mods":["BaseMod","Hermit","Lobotomy","Minty Spire (QoL Compilation)","Replay The Spire","StSLib","The Hierophant","The Poker Player"],"gold_per_floor":[112,124,199,199,210,210,210,244,244,244,274,274,274,303,303,377,377,387,399,399,56,73,73,73,73,100,100,112,112,138,10,10,83,83,102,112,125,142,161,186,216,9,9,18,27,61,70,102,102,176,250,250,262,278,4,23,33,33,33,33,64,64,77,106,106,122,122,199,199,214,164,182,216,229,260,260,260,285,285,285,285,285,314,314,406,406,429,438,104,154,165,165,190,190,222,222,17,17,17,44,44,118,195,195,210,219,219,86,115,115,115,115,148,163,182,182,182,182,182,254,354,374,407,416,446,34,133,133,193,220,220,246,246,113,129,129,210,219,233,233,13,13,13,13,75,105,136,136,167,33,68,78,90,185,290,302,302],"floor_reached":156,"language":"KOR","playtime":20138,"items_purged":["Discord+1","Pot Of Greed","Scarecrow","ShyLook","UniverseFragment"],"score":12069,"play_id":"d1a85a47-c7af-4037-ac5e-d1aec0d9a09e","local_time":"20210223202630","daily_mods":["Vintage","Heirloom","Flight","DeadlyEvents"],"is_ascension_mode":true,"campfire_choices":[{"data":"GreenStem","floor":32.0,"key":"SMITH"},{"data":"Pot Of Greed","floor":76.0,"key":"SMITH"},{"data":"Pot Of Greed","floor":77.0,"key":"SMITH"},{"data":"TheSmile","floor":79.0,"key":"SMITH"},{"data":"1","floor":80.0,"key":"LIFT"},{"data":"2","floor":82.0,"key":"LIFT"},{"data":"3","floor":84.0,"key":"LIFT"},{"floor":144,"key":"DIG"},{"floor":148,"key":"DIG"},{"floor":153,"key":"DIG"}],"circlet_count":0,"master_deck":["WhiteNight","ApocalypseBird","PunishingBird","LongBird","SpecialBullet","InformationCode","SecurityCode","HereticApostle","BlackSwan_ego+1","Beak+1","DisciplinaryCode","FrostShard+1","WelfareCode","GreenStem+1","TheSmile+1","Pot Of Greed+1","ExtractionCode","GoldRush+1","SolemnVow","SpecialBullet","SpecialBullet","SpecialBullet","Twilight+1","Necronomicurse","Justitia+1","Pot Of Greed+1"],"relics":["CogitoBucket","Torii","Replay:WaspNest","White Beast Statue","Happy Flower","Durian","Toy Ornithopter","Unceasing Top","Girya","Astrolabe","Bronze Scales","AspirationHeart","MealTicket","Replay:Baseball","Pet Ghost","Smiling Mask","Twilight","Ice Cream","Honey Jar","Incense Burner","PreservedInsect","Grinning Jar","Pocketwatch","Akabeko","CeramicFish","Replay:Wax Seal","Bag of Preparation","Onion Ring","Mummified Hand","Oddly Smooth Stone","SlaversCollar","Nunchaku","AtMidnight","Meat on the Bone","Bottled Tornado","Dream Catcher","Lantern","Strawberry","ReplayTheSpireMod:Ninjato","Busted Crown","Shovel","Boot","Mirror","Quantum Egg","MutagenicStrength","Empty Cage","StrikeDummy","DeathAngel","Letter Opener","Calipers","The Courier","Thread and Needle","Bag of Marbles","FleshIdol","SacredBark","Golden Egg","Replay:Rubber Ducky","Snack Pack","Potion Belt","Replay:Wanted Poster","Molten Egg 2","Red Mask","Necronomicon","Replay:Multitool","OrangePellets","Guide Book","ReplayTheSpireMod:Shallot","Calling Bell","Pen Nib","Replay:Ringing Soul","Prayer Wheel","Orichalcum","Shuriken","Regal Pillow","ReplayTheSpireMod:Lightbulb","Gremlin Food","MawBank","BranchBurnRelic","Centennial Puzzle"],"acts_visited":["Exordium","TheCity","TheBeyond","Exordium","TheCity","TheBeyond","Exordium"],"potions_floor_usage":[102,103,103,129,149,155,155,155,155],"damage_taken":[{"damage":12.0,"enemies":"Jaw Worm","floor":1.0,"turns":2.0},{"damage":12.0,"enemies":"Small Slimes","floor":2.0,"turns":3.0},{"damage":8.0,"enemies":"Cultist","floor":5.0,"turns":2.0},{"damage":31.0,"enemies":"3 Sentries","floor":8.0,"turns":7.0},{"damage":14.0,"enemies":"Gremlin Nob","floor":11.0,"turns":4.0},{"damage":9.0,"enemies":"Lagavulin","floor":14.0,"turns":6.0},{"damage":35.0,"enemies":"Hexaghost","floor":16.0,"turns":10.0},{"damage":31.0,"enemies":"Spheric Guardian","floor":18.0,"turns":3.0},{"damage":0.0,"enemies":"3 Byrds","floor":19.0,"turns":1.0},{"damage":20.0,"enemies":"Snecko","floor":22.0,"turns":4.0},{"damage":1.0,"enemies":"Cultist and Chosen","floor":28.0,"turns":3.0},{"damage":105.0,"enemies":"Slavers","floor":29.0,"turns":21.0},{"damage":9.0,"enemies":"Slavers","floor":30.0,"turns":4.0},{"damage":63.0,"enemies":"Automaton","floor":33.0,"turns":12.0},{"damage":36.0,"enemies":"3 Shapes","floor":35.0,"turns":4.0},{"damage":13.0,"enemies":"3 Darklings","floor":36.0,"turns":4.0},{"damage":1.0,"enemies":"Spire Growth","floor":37.0,"turns":4.0},{"damage":19.0,"enemies":"Transient","floor":38.0,"turns":6.0},{"damage":18.0,"enemies":"Writhing Mass","floor":39.0,"turns":5.0},{"damage":1.0,"enemies":"R_Hoarder","floor":40.0,"turns":6.0},{"damage":52.0,"enemies":"Reptomancer","floor":41.0,"turns":5.0},{"damage":20.0,"enemies":"Giant Head","floor":46.0,"turns":5.0},{"damage":0.0,"enemies":"R_Hoarder","floor":48.0,"turns":4.0},{"damage":22.0,"enemies":"Awakened One","floor":50.0,"turns":14.0},{"damage":12.0,"enemies":"Replay:Hell Engine","floor":51.0,"turns":10.0},{"damage":0.0,"enemies":"2 Louse","floor":53.0,"turns":12.0},{"damage":1.0,"enemies":"Small Slimes","floor":54.0,"turns":2.0},{"damage":0.0,"enemies":"Jaw Worm","floor":56.0,"turns":2.0},{"damage":0.0,"enemies":"Exordium Wildlife","floor":57.0,"turns":2.0},{"damage":0.0,"enemies":"Lagavulin","floor":61.0,"turns":2.0},{"damage":0.0,"enemies":"Large Slime","floor":63.0,"turns":1.0},{"damage":0.0,"enemies":"3 Sentries","floor":64.0,"turns":2.0},{"damage":0.0,"enemies":"Exordium Thugs","floor":66.0,"turns":2.0},{"damage":5.0,"enemies":"The Guardian","floor":68.0,"turns":5.0},{"damage":11.0,"enemies":"Shell Parasite","floor":70.0,"turns":3.0},{"damage":0.0,"enemies":"3 Byrds","floor":72.0,"turns":3.0},{"damage":9.0,"enemies":"Centurion and Healer","floor":73.0,"turns":3.0},{"damage":0.0,"enemies":"Snecko","floor":74.0,"turns":3.0},{"damage":0.0,"enemies":"Gremlin Leader","floor":75.0,"turns":2.0},{"damage":7.0,"enemies":"Book of Stabbing","floor":78.0,"turns":2.0},{"damage":0.0,"enemies":"Gremlin Leader","floor":83.0,"turns":2.0},{"damage":74.0,"enemies":"Collector","floor":85.0,"turns":2.0},{"damage":7.0,"enemies":"3 Shapes","floor":87.0,"turns":2.0},{"damage":0.0,"enemies":"3 Darklings","floor":88.0,"turns":4.0},{"damage":0.0,"enemies":"2 Orb Walkers","floor":90.0,"turns":2.0},{"damage":0.0,"enemies":"3 Darklings","floor":91.0,"turns":2.0},{"damage":1.0,"enemies":"Mind Bloom Boss Battle","floor":93.0,"turns":2.0},{"damage":0.0,"enemies":"R_Hoarder","floor":95.0,"turns":3.0},{"damage":0,"enemies":"Reptomancer","floor":100,"turns":2},{"damage":3,"enemies":"Time Eater","floor":102,"turns":3},{"damage":5,"enemies":"Donu and Deca","floor":103,"turns":4},{"damage":0,"enemies":"2 Louse","floor":105,"turns":1},{"damage":0,"enemies":"Gremlin Nob","floor":109,"turns":1},{"damage":0,"enemies":"3 Sentries","floor":113,"turns":1},{"damage":0,"enemies":"Cultist","floor":114,"turns":1},{"damage":0,"enemies":"Jaw Worm","floor":115,"turns":1},{"damage":0,"enemies":"The Guardian","floor":120,"turns":3},{"damage":0,"enemies":"Shell Parasite","floor":122,"turns":1},{"damage":0,"enemies":"Masked Bandits","floor":123,"turns":1},{"damage":0,"enemies":"Gremlin Leader","floor":125,"turns":1},{"damage":0,"enemies":"Slavers","floor":129,"turns":2},{"damage":0,"enemies":"Replay:Snechameleon","floor":130,"turns":1},{"damage":0,"enemies":"Gremlin Leader","floor":132,"turns":1},{"damage":0,"enemies":"Spheric Guardian","floor":135,"turns":1},{"damage":4,"enemies":"Automaton","floor":137,"turns":4},{"damage":0,"enemies":"3 Shapes","floor":139,"turns":1},{"damage":0,"enemies":"R_Hoarder","floor":146,"turns":2},{"damage":8,"enemies":"Giant Head","floor":147,"turns":3},{"damage":0,"enemies":"R_Hoarder","floor":149,"turns":2},{"damage":14,"enemies":"Nemesis","floor":151,"turns":3},{"damage":0,"enemies":"3 Darklings","floor":152,"turns":1},{"damage":9,"enemies":"Donu and Deca","floor":154,"turns":4},{"damage":19,"enemies":"Awakened One","floor":155,"turns":6}],"seed_played":"1099469872266118747","potions_obtained":[{"floor":16.0,"key":"Dexterity Potion"},{"floor":29.0,"key":"SkillPotion"},{"floor":33.0,"key":"SkillPotion"},{"floor":50.0,"key":"ColorlessPotion"},{"floor":51.0,"key":"SteroidPotion"},{"floor":61.0,"key":"SkillPotion"},{"floor":64.0,"key":"PowerPotion"},{"floor":70.0,"key":"Energy Potion"},{"floor":72.0,"key":"Fire Potion"},{"floor":85.0,"key":"Elixir"},{"floor":87.0,"key":"PowerPotion"},{"floor":88.0,"key":"AttackPotion"},{"floor":90.0,"key":"Ancient Potion"},{"floor":91.0,"key":"Reflective Coating"},{"floor":102,"key":"Elixir"},{"floor":103,"key":"Fruit Juice"},{"floor":103,"key":"PowerPotion"},{"floor":113,"key":"Adrenaline Potion"},{"floor":115,"key":"SkillPotion"},{"floor":120,"key":"Fire Potion"},{"floor":123,"key":"Toxic Potion"},{"floor":129,"key":"PowerPotion"},{"floor":151,"key":"ColorlessPotion"},{"floor":155,"key":"LiquidMemories"}],"is_trial":true,"path_per_floor":["M","M","?","?","M","R","R","E","T","R","E","R","R","E","R","B",null,"M","M","?","$","M","R","R","R","T","R","M","E","E","$","R","B",null,"M","M","M","M","M","E","E","$","T","R","R","E","R","E","R","B","B",null,"M","M","$","M","M","R","R","R","E","?","M","E","R","M","R","B",null,"M","$","M","M","M","E","R","R","E","R","R","?","R","E","R","B",null,"M","M","$","?","M","R","?","R","E","R","$","R","R","E","R","B","B",null,"M","?","?","$","E","R","R","R","E","M","M","R","R","$","R","B",null,"M","?","?","E","$","R","R","E","E","R","E","R","$","M","R","B",null,"M","?","$","?","$","R","R","E","E","R","E","$","E","M","R","B","B",null],"character_chosen":"Angela","items_purchased":["Dead Branch","GreenStem","Bag of Preparation","Bottled Tornado","Letter Opener","Bag of Marbles","SolemnVow","Replay:Rubber Ducky","Replay:Multitool","OrangePellets","Guide Book","Shuriken","Gremlin Food"],"campfire_rested":0,"item_purchase_floors":[21,31,42,55,89,97,97,108,126,126,134,141,150],"current_hp_per_floor":[59,55,44,49,52,52,52,44,44,44,48,48,48,59,59,46,71,74,97,97,97,97,97,97,97,97,97,101,101,101,101,101,85,97,99,101,101,101,98,98,68,83,83,83,83,98,98,98,98,98,98,98,98,98,98,98,98,98,98,98,98,91,105,105,105,105,105,105,105,105,105,105,109,109,109,109,109,109,109,109,109,109,109,109,84,103,113,113,113,113,113,113,113,113,113,113,113,113,113,113,113,113,113,113,118,118,118,118,118,118,118,118,118,118,118,118,118,118,118,118,118,118,118,97,112,112,112,112,118,118,118,118,118,118,118,118,118,118,118,118,118,118,118,118,118,118,118,118,118,118,118,118,118,118,121,121,121],"gold":302,"neow_bonus":"","is_daily":false,"chose_seed":false,"campfire_upgraded":4,"win_rate":0.0,"timestamp":1614079590,"path_taken":["M","M","?","?","M","R","R","E","T","R","E","R","R","?","R","BOSS","M","M","?","$","M","R","R","R","T","R","M","E","E","$","R","BOSS","M","M","M","M","M","E","E","$","T","R","R","E","R","E","R","BOSS","BOSS","BOSS","BOSS","M","?","$","M","M","R","R","R","E","?","M","E","R","M","R","BOSS","M","$","M","M","M","E","R","R","E","R","R","?","R","E","R","BOSS","M","M","$","?","?","R","?","R","E","R","?","R","R","E","R","BOSS","BOSS","M","?","?","$","?","R","R","R","E","?","?","R","R","$","R","BOSS","M","?","?","?","$","R","R","E","E","R","?","R","$","M","R","BOSS","M","?","$","?","?","R","R","?","E","R","E","?","E","M","R","BOSS","BOSS"],"items_purchased_type":["Relic","Card","Relic","Relic","Relic","Relic","Card","Relic","Relic","Relic","Relic","Relic","Relic"],"build_version":"2020-12-22","purchased_purges":5,"victory":false,"max_hp_per_floor":[70,70,70,70,70,70,70,75,75,75,75,75,75,75,75,79,79,93,97,97,97,97,97,97,97,97,97,101,101,101,101,101,101,101,101,101,101,101,98,98,98,98,98,98,98,98,98,98,98,98,98,98,98,98,98,98,98,98,98,98,98,98,105,105,105,105,105,105,105,105,105,105,109,109,109,109,109,109,109,109,109,109,109,109,109,109,113,113,113,113,113,113,113,113,113,113,113,113,113,113,113,113,118,118,118,118,118,118,118,118,118,118,118,118,118,118,118,118,118,118,118,118,118,118,118,118,118,118,118,118,118,118,118,118,118,118,118,118,118,118,118,118,118,118,118,118,118,118,118,118,118,118,118,121,124,124,124],"card_choices":[{"not_picked":["Porccubus","SnowQueen"],"picked":"PunishingBird","floor":1.0},{"not_picked":["Mercenary","Bloodbath"],"picked":"Scorched","floor":2.0},{"not_picked":["OSAHOGD","MeatLantern"],"picked":"LongBird","floor":5.0},{"not_picked":["CUTE"],"picked":"Hornet","floor":8.0},{"not_picked":["Scorched","SnowQueen"],"picked":"UniverseFragment","floor":8.0},{"not_picked":["Spore"],"picked":"Beak","floor":11.0},{"not_picked":["MagicBullet"],"picked":"FourthMatchFlame","floor":14.0},{"not_picked":["SingingMachine","FieryBird"],"picked":"OldLady","floor":14.0},{"not_picked":["Wellcheers","Laetitia"],"picked":"OSAHOGD","floor":16.0},{"not_picked":["CENSORED_ego"],"picked":"SoundOfStar","floor":16.0},{"not_picked":["NakedNest","CrumblingArmor"],"picked":"ShyLook","floor":18.0},{"not_picked":["WhitesApple","LittlePrince"],"picked":"Scarecrow","floor":19.0},{"not_picked":["Murderer","QueenBee"],"picked":"BigBird","floor":28.0},{"not_picked":["DaCapo"],"picked":"FrostShard+1","floor":29.0},{"not_picked":["Heaven","Lantern"],"picked":"SKIP","floor":30.0},{"not_picked":["Twilight"],"picked":"TheSmile","floor":33.0},{"not_picked":["Gaze","Logging","GreenStem"],"picked":"SKIP","floor":40.0},{"not_picked":["Spore","Discord","GreenStem+1"],"picked":"SKIP","floor":41.0},{"not_picked":["Spore","Discord","GreenStem+1"],"picked":"SKIP","floor":41.0},{"not_picked":["Noise","Discord","Spore"],"picked":"SKIP","floor":46.0},{"not_picked":["RedEyes","Horn","RapturousDream+1"],"picked":"SKIP","floor":48.0},{"not_picked":["Loneliness","LifeForTheDareDevil","Lantern"],"picked":"SKIP","floor":61.0},{"not_picked":["Hypocrisy","GreenStem","MagicBullet"],"picked":"SKIP","floor":64.0},{"not_picked":["CENSORED","BodiesMountain"],"picked":"Freischutz","floor":73.0},{"not_picked":["Beak+1"],"picked":"SKIP","floor":73.0},{"not_picked":["Tough"],"picked":"SKIP","floor":75.0},{"not_picked":["Loneliness"],"picked":"SKIP","floor":75.0},{"not_picked":["GrinderMk4","Logging"],"picked":"SKIP","floor":78.0},{"not_picked":["ParadiseLost","RapturousDream"],"picked":"SKIP","floor":78.0},{"not_picked":["Hypocrisy","RapturousDream+1"],"picked":"SKIP","floor":83.0},{"not_picked":["CUTE","RapturousDream+1"],"picked":"SKIP","floor":83.0},{"not_picked":["Adoration"],"picked":"GoldRush","floor":85.0},{"not_picked":["Woodsman","NothingThere"],"picked":"WhiteNight","floor":87.0},{"not_picked":["Lantern"],"picked":"ParadiseLost+1","floor":88.0},{"not_picked":["Regret_ego","Horn"],"picked":"SKIP","floor":95.0},{"not_picked":["CUTE","TheSmile"],"picked":"SKIP","floor":95.0},{"not_picked":["Regret_ego","Tough"],"picked":"SKIP","floor":100},{"not_picked":["Reverberation","Soda"],"picked":"SKIP","floor":109},{"not_picked":["RapturousDream","Justitia"],"picked":"SKIP","floor":113},{"not_picked":["CENSORED","BlueStar","BlackArmy"],"picked":"Singing Bowl","floor":123},{"not_picked":["Mimicry+1","SomewhereSpear+1"],"picked":"SKIP","floor":125},{"not_picked":["Logging+1","Penitence+1"],"picked":"SKIP","floor":129},{"not_picked":["Lantern+1","BlackSwan_ego+1"],"picked":"SKIP","floor":129},{"not_picked":["BlackSwan_ego+1","Loneliness+1"],"picked":"SKIP","floor":130},{"not_picked":["GoldRush+1","Tough+1"],"picked":"SKIP","floor":132},{"not_picked":["GrinderMk4+1","Beak+1"],"picked":"SKIP","floor":146},{"not_picked":["TodaysExpression+1","Justitia+1"],"picked":"SKIP","floor":147},{"not_picked":["Lantern+1","Beak+1"],"picked":"SKIP","floor":149},{"not_picked":["Gaze+1","SwordSharpenedByTears+1"],"picked":"SKIP","floor":149},{"not_picked":["RapturousDream+1","SoundOfStar+1"],"picked":"SKIP","floor":151},{"not_picked":["Loneliness+1","TodaysExpression+1"],"picked":"SKIP","floor":151},{"not_picked":["BlueStar","SilentOrchestra","NothingThere"],"picked":"Singing Bowl","floor":154},{"not_picked":["CENSORED_ego+1"],"picked":"Twilight+1","floor":154},{"not_picked":["GoldRush+1"],"picked":"Justitia+1","floor":155},{"not_picked":["BlueStar","CENSORED","BlackArmy"],"picked":"Singing Bowl","floor":155}],"player_experience":346614,"relics_obtained":[{"floor":1.0,"key":"Replay:WaspNest"},{"floor":2.0,"key":"White Beast Statue"},{"floor":5.0,"key":"Happy Flower"},{"floor":8.0,"key":"Durian"},{"floor":9.0,"key":"Toy Ornithopter"},{"floor":11.0,"key":"Unceasing Top"},{"floor":14.0,"key":"Girya"},{"floor":18.0,"key":"Bronze Scales"},{"floor":19.0,"key":"MealTicket"},{"floor":22.0,"key":"Replay:Baseball"},{"floor":26.0,"key":"Pet Ghost"},{"floor":28.0,"key":"Smiling Mask"},{"floor":29.0,"key":"Twilight"},{"floor":30.0,"key":"Ice Cream"},{"floor":35.0,"key":"Incense Burner"},{"floor":36.0,"key":"PreservedInsect"},{"floor":37.0,"key":"Grinning Jar"},{"floor":38.0,"key":"Pocketwatch"},{"floor":39.0,"key":"Akabeko"},{"floor":40.0,"key":"CeramicFish"},{"floor":41.0,"key":"Replay:Wax Seal"},{"floor":43.0,"key":"Onion Ring"},{"floor":46.0,"key":"Mummified Hand"},{"floor":48.0,"key":"Oddly Smooth Stone"},{"floor":53.0,"key":"Nunchaku"},{"floor":53.0,"key":"AtMidnight"},{"floor":54.0,"key":"Meat on the Bone"},{"floor":56.0,"key":"Dream Catcher"},{"floor":57.0,"key":"Lantern"},{"floor":63.0,"key":"Strawberry"},{"floor":66.0,"key":"ReplayTheSpireMod:Ninjato"},{"floor":70.0,"key":"Shovel"},{"floor":72.0,"key":"Boot"},{"floor":73.0,"key":"Mirror"},{"floor":74.0,"key":"Quantum Egg"},{"floor":87.0,"key":"StrikeDummy"},{"floor":88.0,"key":"DeathAngel"},{"floor":90.0,"key":"Calipers"},{"floor":91.0,"key":"The Courier"},{"floor":93.0,"key":"Thread and Needle"},{"floor":105,"key":"Golden Egg"},{"floor":114,"key":"Snack Pack"},{"floor":115,"key":"Potion Belt"},{"floor":122,"key":"Molten Egg 2"},{"floor":123,"key":"Red Mask"},{"floor":124,"key":"Necronomicon"},{"floor":135,"key":"ReplayTheSpireMod:Shallot"},{"floor":138,"key":"Pen Nib"},{"floor":138,"key":"Replay:Ringing Soul"},{"floor":138,"key":"Prayer Wheel"},{"floor":139,"key":"Orichalcum"},{"floor":144,"key":"Regal Pillow"},{"floor":148,"key":"ReplayTheSpireMod:Lightbulb"},{"floor":152,"key":"MawBank"},{"floor":153,"key":"Centennial Puzzle"}],"event_choices":[{"damage_healed":0.0,"max_hp_gain":0.0,"max_hp_loss":0.0,"gold_gain":75.0,"event_name":"World of Goop","player_choice":"Gather Gold","floor":3.0,"gold_loss":0.0,"damage_taken":11.0},{"cards_removed":["Scorched"],"damage_healed":5.0,"max_hp_gain":0.0,"max_hp_loss":0.0,"gold_gain":0.0,"event_name":"Bonfire Elementals","player_choice":"Offered Common","floor":4.0,"gold_loss":0.0,"damage_taken":0.0},{"cards_removed":["Scorched"],"damage_healed":5.0,"max_hp_gain":0.0,"max_hp_loss":0.0,"gold_gain":0.0,"event_name":"Bonfire Elementals","player_choice":"Offered Special","floor":4.0,"gold_loss":0.0,"damage_taken":0.0},{"damage_healed":0.0,"max_hp_gain":0.0,"max_hp_loss":0.0,"gold_gain":0.0,"event_name":"Vampires","player_choice":"Ignored","floor":20.0,"gold_loss":0.0,"damage_taken":0.0},{"cards_removed":["OldLady"],"damage_healed":0.0,"max_hp_gain":0.0,"max_hp_loss":0.0,"gold_gain":0.0,"event_name":"Golden Wing","player_choice":"Card Removal","floor":62.0,"gold_loss":0.0,"damage_taken":7.0},{"damage_healed":0.0,"max_hp_gain":0.0,"max_hp_loss":0.0,"gold_gain":0.0,"event_name":"Drug Dealer","player_choice":"Inject Mutagens","floor":81.0,"gold_loss":0.0,"damage_taken":0.0,"relics_obtained":["MutagenicStrength"]},{"damage_healed":0.0,"max_hp_gain":0.0,"max_hp_loss":0.0,"gold_gain":0.0,"event_name":"Mysterious Sphere","player_choice":"Fight","floor":90.0,"gold_loss":0.0,"damage_taken":0.0},{"damage_healed":0.0,"max_hp_gain":0.0,"max_hp_loss":0.0,"gold_gain":0.0,"event_name":"MindBloom","player_choice":"Fight","floor":93.0,"gold_loss":0.0,"damage_taken":0.0},{"damage_healed":0,"gold_gain":0,"player_choice":"0 cards matched","damage_taken":0,"max_hp_gain":0,"max_hp_loss":0,"event_name":"Match and Keep!","floor":107,"gold_loss":0,"cards_obtained":[]},{"damage_healed":0,"gold_gain":0,"player_choice":"Fought Bandits","damage_taken":0,"max_hp_gain":0,"max_hp_loss":0,"event_name":"Masked Bandits","floor":123,"gold_loss":0},{"damage_healed":0,"gold_gain":0,"player_choice":"Obtained Book","damage_taken":21,"max_hp_gain":0,"max_hp_loss":0,"event_name":"Cursed Tome","floor":124,"gold_loss":0},{"damage_healed":0,"gold_gain":0,"player_choice":"Ignored","damage_taken":0,"max_hp_gain":0,"max_hp_loss":0,"event_name":"Ghosts","floor":136,"gold_loss":0},{"cards_removed":["ParadiseLost"],"damage_healed":0,"gold_gain":0,"player_choice":"Removed Attack","damage_taken":0,"max_hp_gain":0,"max_hp_loss":0,"event_name":"Falling","floor":140,"gold_loss":0},{"damage_healed":0,"gold_gain":0,"player_choice":"Memory 1","damage_taken":0,"max_hp_gain":0,"max_hp_loss":0,"event_name":"SensoryStone","floor":142,"gold_loss":0}],"is_beta":false,"boss_relics":[{"not_picked":["Philosopher\u0027s Stone","Velvet Choker"],"picked":"Astrolabe"},{"not_picked":["ReplayTheSpireMod:DimensionalGlitch","Fusion Hammer"],"picked":"Honey Jar"},{"not_picked":["Replay:Wanted Poster","Snecko Heart"],"picked":"SlaversCollar"},{"not_picked":["ReplayTheSpireMod:DimensionalGlitch","Painkiller Herb"],"picked":"Busted Crown"},{"not_picked":["Runic Pyramid","Replay:Ancient Bell"],"picked":"Empty Cage"},{"not_picked":["Tiny House","Snecko Eye"],"picked":"SacredBark"},{"not_picked":["Sozu","Abe\u0027s Treasure"],"picked":"Replay:Wanted Poster"},{"not_picked":["ChewingGum","Runic Pyramid"],"picked":"Calling Bell"},{"not_picked":["Replay:Ancient Bell","Velvet Choker","ReplayTheSpireMod:Onyx Gauntlets"]}],"items_purged_floors":[31,42,71,89,97],"is_endless":true,"potions_floor_spawned":[16,29,33,50,51,61,64,70,72,73,74,75,78,83,85,87,88,90,91,93,95,100,102,103,105,109,113,114,115,120,122,123,125,129,130,132,135,137,139,146,147,149,151,152,154,155],"ascension_level":20}}