{"host":"i5vvwdf42szr3cje","time":1614054235,"event":{"mods":["BaseMod","Colored Map","Minty Spire (QoL Compilation)","Replay The Spire","StSLib","The Cursed"],"gold_per_floor":[116,134,145,145,155,181,196,196,248,248,259,287,300,310,310,415,415,434,462,479,479,495,522,522,537,611,159,173,198,198,98,98,194,194,211,211,231,247,247,247,282,293,317,347,73,87,87,101,101,101,101,101,101,129,129],"floor_reached":56,"language":"ENG","playtime":5221,"items_purged":["TheCursedMod:Strike_TheCursed","TheCursedMod:Strike_TheCursed","TheCursedMod:Strike_TheCursed"],"score":1713,"play_id":"758fce51-42c6-46a8-bd50-4215038198a7","local_time":"20210222202355","is_ascension_mode":false,"campfire_choices":[{"data":"TheCursedMod:AbyssShockwave","floor":8,"key":"SMITH"},{"data":"TheCursedMod:CursedMace","floor":10,"key":"SMITH"},{"data":"TheCursedMod:Hemoplague","floor":15,"key":"SMITH"},{"data":"TheCursedMod:AntiAging","floor":24,"key":"SMITH"},{"data":"TheCursedMod:HellfireBreathing","floor":30,"key":"SMITH"},{"data":"TheCursedMod:CircleOfWindfury","floor":32,"key":"SMITH"},{"data":"TheCursedMod:CursedSpellbook","floor":40,"key":"SMITH"},{"data":"TheCursedMod:DemonSword","floor":47,"key":"SMITH"},{"floor":49,"key":"RECALL"},{"data":"TheCursedMod:CleanUpWorkshop","floor":52,"key":"SMITH"}],"circlet_count":0,"master_deck":["TheCursedMod:Defend_TheCursed","TheCursedMod:Defend_TheCursed","TheCursedMod:Defend_TheCursed","TheCursedMod:Defend_TheCursed","TheCursedMod:CursedWand","TheCursedMod:CleanUpWorkshop+1","TheCursedMod:Dregs","TheCursedMod:AbyssShockwave+1","TheCursedMod:NeowsMight+1","TheCursedMod:Hemoplague+1","TheCursedMod:Neurasthenia+1","TheCursedMod:CursedSpellbook+1","TheCursedMod:CursedMace+1","TheCursedMod:CircleOfWindfury+1","TheCursedMod:SmokeScreen+1","TheCursedMod:TroublousMinions","TheCursedMod:AntiAging+1","TheCursedMod:HellsGateOpen+1","TheCursedMod:CircleOfBlood+1","TheCursedMod:HellfireBreathing+1","TheCursedMod:SpitefulPray","TheCursedMod:DemonSword+1"],"relics":["TheCursedMod:BlackMagic101","NeowsBlessing","TheCursedMod:SoulVessel","Pet Ghost","Replay:WaspNest","Busted Crown","Red Mask","Vajra","Guide Book","Ancient Tea Set","Bag of Preparation","Sozu","Incense Burner","Blood Vial","TheCursedMod:DemonicMark","Replay:Wax Seal"],"acts_visited":["Exordium","TheCity","TheBeyond","TheEnding"],"potions_floor_usage":[6,12,19,23,55,55],"damage_taken":[{"damage":0.0,"enemies":"Small Slimes","floor":1.0,"turns":1.0},{"damage":0.0,"enemies":"Cultist","floor":2.0,"turns":1.0},{"damage":0.0,"enemies":"2 Louse","floor":3.0,"turns":1.0},{"damage":0.0,"enemies":"Looter","floor":5.0,"turns":2.0},{"damage":23,"enemies":"Lagavulin","floor":6,"turns":6},{"damage":0,"enemies":"Red Slaver","floor":7,"turns":2},{"damage":5,"enemies":"Lots of Slimes","floor":11,"turns":2},{"damage":13,"enemies":"3 Sentries","floor":12,"turns":3},{"damage":0,"enemies":"3 Louse","floor":13,"turns":2},{"damage":0,"enemies":"Large Slime","floor":14,"turns":3},{"damage":20,"enemies":"Fading Forest","floor":16,"turns":11},{"damage":10,"enemies":"2 Thieves","floor":18,"turns":3},{"damage":3,"enemies":"Masked Bandits","floor":19,"turns":3},{"damage":0,"enemies":"3 Byrds","floor":20,"turns":4},{"damage":2,"enemies":"Cultist and Chosen","floor":22,"turns":4},{"damage":32,"enemies":"Gremlin Leader","floor":23,"turns":4},{"damage":3,"enemies":"Snecko","floor":25,"turns":4},{"damage":4,"enemies":"Chosen and Byrds","floor":28,"turns":4},{"damage":0,"enemies":"Replay:Snechameleon","floor":29,"turns":5},{"damage":0,"enemies":"Pondfish","floor":33,"turns":8},{"damage":2,"enemies":"3 Darklings","floor":35,"turns":3},{"damage":0,"enemies":"3 Shapes","floor":37,"turns":5},{"damage":0,"enemies":"Writhing Mass","floor":38,"turns":6},{"damage":31,"enemies":"Nemesis","floor":41,"turns":5},{"damage":0,"enemies":"Sphere and 2 Shapes","floor":42,"turns":4},{"damage":15,"enemies":"R_Hoarder","floor":44,"turns":7},{"damage":0,"enemies":"3 Darklings","floor":46,"turns":3},{"damage":0,"enemies":"Transient","floor":48,"turns":5},{"damage":28,"enemies":"Awakened One","floor":50,"turns":7},{"damage":5,"enemies":"Shield and Spear","floor":54,"turns":4},{"damage":76,"enemies":"The Heart","floor":55,"turns":6}],"seed_played":"-2338354368935503876","potions_obtained":[{"floor":1.0,"key":"LifebloodPotion"},{"floor":3.0,"key":"SneckoOil"},{"floor":5.0,"key":"FearPotion"},{"floor":6,"key":"Energy Potion"},{"floor":12,"key":"LifebloodPotion"},{"floor":18,"key":"PowerPotion"},{"floor":22,"key":"PowerPotion"},{"floor":23,"key":"EntropicBrew"}],"is_trial":false,"path_per_floor":["M","M","M","?","M","E","M","R","T","R","M","E","M","M","R","B",null,"M","?","M","?","M","E","R","M","T","$","M","E","R","$","R","B",null,"M","?","M","M","?","R","E","M","T","E","$","M","R","M","R","B",null,"R","$","E","B",null],"character_chosen":"THE_CURSED","items_purchased":["TheCursedMod:HellfireBreathing","Guide Book","Ancient Tea Set","TheCursedMod:DemonSword"],"campfire_rested":0,"item_purchase_floors":[27,27,27,45],"current_hp_per_floor":[75,75,75,75,75,52,54,54,54,54,49,37,37,39,39,23,75,70,69,74,74,77,51,51,75,75,75,81,90,90,90,90,93,93,96,96,99,102,102,102,78,94,94,99,99,114,114,117,117,107,117,117,117,117,59],"gold":129,"neow_bonus":"THREE_ENEMY_KILL","is_daily":false,"chose_seed":false,"campfire_upgraded":9,"win_rate":0.0,"timestamp":1614054235,"path_taken":["M","M","M","?","M","E","M","R","T","R","M","E","M","M","R","BOSS","M","?","M","?","M","E","R","?","T","$","M","E","R","?","R","BOSS","M","?","?","M","?","R","E","M","T","E","$","M","R","M","R","BOSS","R","$","E","BOSS"],"items_purchased_type":["Card","Relic","Relic","Card"],"build_version":"2020-12-22","purchased_purges":3,"victory":true,"max_hp_per_floor":[75,75,75,75,75,75,75,75,75,75,75,75,75,75,75,75,75,77,77,79,79,81,81,81,84,84,84,87,90,90,90,90,93,93,96,96,99,102,102,102,105,108,108,111,111,114,114,117,117,117,117,117,117,117,120],"card_choices":[{"not_picked":["TheCursedMod:Stretching","TheCursedMod:CursedBlade"],"picked":"TheCursedMod:AbyssShockwave","floor":1.0},{"not_picked":["TheCursedMod:RavingStaff","TheCursedMod:CursedShiv"],"picked":"TheCursedMod:NeowsMight","floor":2.0},{"not_picked":["TheCursedMod:CircleOfCorruption","TheCursedMod:RavingStaff"],"picked":"TheCursedMod:Hemoplague","floor":3.0},{"not_picked":["TheCursedMod:RapidMovement","TheCursedMod:AshesToAshes"],"picked":"TheCursedMod:Neurasthenia","floor":5.0},{"not_picked":["TheCursedMod:SmokeScreen","TheCursedMod:PrepareRite"],"picked":"TheCursedMod:CursedSpellbook","floor":6},{"not_picked":["TheCursedMod:Mangle","TheCursedMod:CircleOfFocus"],"picked":"TheCursedMod:CursedMace","floor":7},{"not_picked":["TheCursedMod:RapidMovement","TheCursedMod:CircleOfAmplification"],"picked":"TheCursedMod:CircleOfWindfury","floor":11},{"not_picked":["TheCursedMod:CursedAmulet","TheCursedMod:CursedStaff"],"picked":"TheCursedMod:SmokeScreen","floor":12},{"not_picked":["TheCursedMod:FleshFromBone","TheCursedMod:RavingStaff","TheCursedMod:VitalStrike"],"picked":"SKIP","floor":13},{"not_picked":["TheCursedMod:Grudge","TheCursedMod:CursedShiv"],"picked":"TheCursedMod:TroublousMinions","floor":14},{"not_picked":["TheCursedMod:ManaCirculation","TheCursedMod:ShockAndAwe"],"picked":"TheCursedMod:AntiAging","floor":16},{"not_picked":["TheCursedMod:CircleOfWindfury+1"],"picked":"SKIP","floor":18},{"not_picked":[],"picked":"TheCursedMod:HellsGateOpen+1","floor":19},{"not_picked":["TheCursedMod:CursedShiv"],"picked":"SKIP","floor":20},{"not_picked":[],"picked":"TheCursedMod:CircleOfBlood+1","floor":22},{"not_picked":["TheCursedMod:CircleOfCorruption"],"picked":"SKIP","floor":23},{"not_picked":["TheCursedMod:BlessingInDisguise"],"picked":"SKIP","floor":25},{"not_picked":["TheCursedMod:SmokeScreen"],"picked":"SKIP","floor":28},{"not_picked":[],"picked":"TheCursedMod:SpitefulPray","floor":29},{"not_picked":["TheCursedMod:SmokeScreen"],"picked":"SKIP","floor":35},{"not_picked":["TheCursedMod:CursedShiv"],"picked":"SKIP","floor":37},{"not_picked":["TheCursedMod:Wield+1"],"picked":"SKIP","floor":38},{"not_picked":["TheCursedMod:CircleOfFlame+1"],"picked":"SKIP","floor":41},{"not_picked":["TheCursedMod:SpitefulPray"],"picked":"SKIP","floor":42},{"not_picked":["TheCursedMod:RavingStaff"],"picked":"SKIP","floor":44},{"not_picked":["TheCursedMod:RapidMovement+1"],"picked":"SKIP","floor":46},{"not_picked":["TheCursedMod:Torture"],"picked":"SKIP","floor":48},{"not_picked":["TheCursedMod:TroublousMinions"],"picked":"SKIP","floor":54}],"player_experience":180478,"relics_obtained":[{"floor":6,"key":"TheCursedMod:SoulVessel"},{"floor":9,"key":"Pet Ghost"},{"floor":12,"key":"Replay:WaspNest"},{"floor":19,"key":"Red Mask"},{"floor":23,"key":"Vajra"},{"floor":29,"key":"Bag of Preparation"},{"floor":41,"key":"Incense Burner"},{"floor":43,"key":"Blood Vial"},{"floor":44,"key":"TheCursedMod:DemonicMark"},{"floor":54,"key":"Replay:Wax Seal"}],"event_choices":[{"damage_healed":0.0,"max_hp_gain":0.0,"max_hp_loss":0.0,"gold_gain":0.0,"event_name":"The Woman in Blue","player_choice":"Bought 0 Potions","floor":4.0,"gold_loss":0.0,"damage_taken":0.0},{"damage_healed":0,"gold_gain":0,"player_choice":"Fought Bandits","damage_taken":0,"max_hp_gain":0,"max_hp_loss":0,"event_name":"Masked Bandits","floor":19,"gold_loss":0},{"cards_removed":["TheCursedMod:Strike_TheCursed"],"damage_healed":0,"gold_gain":0,"player_choice":"Offered Basic","damage_taken":0,"max_hp_gain":0,"max_hp_loss":0,"event_name":"Bonfire Elementals","floor":21,"gold_loss":0},{"damage_healed":0,"gold_gain":0,"player_choice":"Upgraded","damage_taken":0,"max_hp_gain":0,"max_hp_loss":0,"event_name":"Upgrade Shrine","floor":36,"gold_loss":0,"cards_upgraded":["TheCursedMod:SmokeScreen"]},{"damage_healed":0,"gold_gain":0,"player_choice":"Memory 1","damage_taken":0,"max_hp_gain":0,"max_hp_loss":0,"event_name":"SensoryStone","floor":39,"gold_loss":0}],"is_beta":false,"boss_relics":[{"not_picked":["Kintsugi","SlaversCollar"],"picked":"Busted Crown"},{"not_picked":["Tiny House","Replay:Wanted Poster"],"picked":"Sozu"}],"items_purged_floors":[27,31,45],"is_endless":false,"potions_floor_spawned":[1,3,5,6,12,14,16,18,22,23,38,42,48,54],"ascension_level":0}}