{"host":"snd6571rw3150vxe","time":1614038799,"event":{"mods":["AchievementEnabler","BaseMod","Bestiary","Colored Powertips","Highlight Path","Minty Spire (QoL Compilation)","Quick Restart","Random Character Button","Relic Stats","StSLib","slay the spire mod where everything is the same but ironclad has a cowboy hat"],"gold_per_floor":[114,114,132,60,84,84,114,124,192,247,27,62,62,73,73,173,173,192,192,85,85,104,129,129,163,163,163,163,182,182,272,272,375,375,386,238,256,28,41,41,75,86,137,137,137,137,176,211,211,211],"floor_reached":51,"language":"ENG","playtime":2598,"items_purged":["Defend_P"],"score":1342,"play_id":"26172016-9372-4305-aaa0-90fb639fe974","local_time":"20210223020639","is_ascension_mode":true,"campfire_choices":[{"data":"Eruption","floor":6,"key":"SMITH"},{"floor":13,"key":"REST"},{"data":"CutThroughFate","floor":15,"key":"SMITH"},{"floor":24,"key":"REST"},{"floor":28,"key":"REST"},{"floor":30,"key":"REST"},{"floor":32,"key":"REST"},{"floor":40,"key":"REST"},{"floor":44,"key":"REST"},{"floor":46,"key":"REST"},{"floor":49,"key":"REST"}],"circlet_count":0,"master_deck":["AscendersBane","Strike_P","Strike_P","Strike_P","Strike_P","Defend_P","Defend_P","Defend_P","Eruption+1","Vigilance","JustLucky","FearNoEvil","FlurryOfBlows","EmptyFist","Prostrate+1","Vengeance+1","Weave","CutThroughFate+1","DevaForm","FollowUp","Fasting2+1","CarveReality","Wireheading","EmptyFist","Vault+1","Consecrate","Perseverance+1","FearNoEvil+1"],"relics":["HolyWater","NeowsBlessing","Omamori","Singing Bowl","Toxic Egg 2","Ginger","Pen Nib","Lizard Tail","Lantern","Boot","Akabeko","White Beast Statue","SacredBark","Orichalcum","Damaru","Vajra","Regal Pillow","Mango"],"acts_visited":["Exordium","TheCity","TheBeyond"],"potions_floor_usage":[10,12,19,25,33,33,33,39,41,41,47,50,50],"damage_taken":[{"damage":0,"enemies":"2 Louse","floor":1,"turns":1},{"damage":0,"enemies":"Cultist","floor":3,"turns":1},{"damage":0,"enemies":"Lagavulin","floor":7,"turns":1},{"damage":5,"enemies":"Small Slimes","floor":8,"turns":3},{"damage":23,"enemies":"3 Sentries","floor":10,"turns":6},{"damage":11,"enemies":"3 Sentries","floor":12,"turns":4},{"damage":0,"enemies":"2 Fungi Beasts","floor":14,"turns":2},{"damage":0,"enemies":"Slime Boss","floor":16,"turns":5},{"damage":15,"enemies":"Spheric Guardian","floor":18,"turns":3},{"damage":0,"enemies":"3 Byrds","floor":19,"turns":1},{"damage":16,"enemies":"Snake Plant","floor":22,"turns":3},{"damage":11,"enemies":"Gremlin Leader","floor":23,"turns":5},{"damage":36,"enemies":"Book of Stabbing","floor":25,"turns":4},{"damage":38,"enemies":"Centurion and Healer","floor":29,"turns":5},{"damage":32,"enemies":"Collector","floor":33,"turns":7},{"damage":8,"enemies":"3 Shapes","floor":35,"turns":2},{"damage":6,"enemies":"Orb Walker","floor":37,"turns":2},{"damage":1,"enemies":"Transient","floor":39,"turns":6},{"damage":38,"enemies":"Nemesis","floor":41,"turns":5},{"damage":31,"enemies":"3 Darklings","floor":42,"turns":3},{"damage":1,"enemies":"Jaw Worm Horde","floor":47,"turns":5},{"damage":41,"enemies":"Reptomancer","floor":48,"turns":6},{"damage":84,"enemies":"Awakened One","floor":50,"turns":8}],"seed_played":"-5664588366567328101","potions_obtained":[{"floor":2,"key":"LiquidBronze"},{"floor":2,"key":"Regen Potion"},{"floor":14,"key":"SmokeBomb"},{"floor":22,"key":"LiquidMemories"},{"floor":23,"key":"Weak Potion"},{"floor":29,"key":"EntropicBrew"},{"floor":33,"key":"SpeedPotion"},{"floor":35,"key":"BottledMiracle"},{"floor":37,"key":"DistilledChaos"},{"floor":39,"key":"SpeedPotion"},{"floor":41,"key":"FearPotion"},{"floor":42,"key":"ColorlessPotion"},{"floor":47,"key":"AttackPotion"}],"is_trial":false,"path_per_floor":["M","?","M","$","T","R","E","M","T","?","$","E","R","M","R","B",null,"M","M","$","?","M","E","R","E","T","?","R","M","R","?","R","B",null,"M","$","M","$","M","R","E","M","T","R","?","R","M","E","R","B",null],"character_chosen":"WATCHER","items_purchased":["FlurryOfBlows","EmptyFist","Vengeance+1","Pen Nib","Fasting2","CarveReality","Orichalcum","Damaru"],"campfire_rested":9,"item_purchase_floors":[4,4,11,11,20,20,36,38],"current_hp_per_floor":[65,65,65,65,65,65,67,64,64,56,56,45,67,67,67,67,74,59,59,59,59,45,36,60,24,24,24,48,10,34,22,46,14,64,58,58,52,52,53,78,40,11,11,51,51,86,87,60,102,18],"gold":211,"neow_bonus":"THREE_ENEMY_KILL","is_daily":false,"chose_seed":false,"campfire_upgraded":2,"win_rate":0.0,"timestamp":1614038799,"path_taken":["M","?","M","$","?","R","E","M","T","?","$","E","R","M","R","BOSS","M","M","$","?","M","E","R","E","T","?","R","?","R","?","R","BOSS","M","$","M","$","M","R","E","M","T","R","?","R","?","E","R","BOSS"],"items_purchased_type":["Card","Card","Card","Relic","Card","Card","Relic","Relic"],"build_version":"2020-12-22","purchased_purges":1,"victory":true,"max_hp_per_floor":[72,72,72,72,72,72,74,76,76,76,76,76,76,76,76,76,76,76,76,76,76,78,80,80,80,80,80,80,80,80,80,80,80,80,82,82,82,82,84,84,84,86,86,86,86,86,88,102,102,102],"relic_stats":{"Lizard Tail":0,"Regal Pillow":37,"Singing Bowl":16,"counters":[23,88],"Pen Nib":[30],"Ginger":[6],"Orichalcum":[54],"Boot":[38],"obtain_stats":[{"Lantern":23,"Regal Pillow":43,"NeowsBlessing":0,"Singing Bowl":7,"SacredBark":34,"Damaru":38,"Vajra":41,"Mango":48,"Pen Nib":11,"Omamori":5,"Ginger":10,"Orichalcum":36,"Boot":25,"Akabeko":26,"White Beast Statue":27,"Lizard Tail":12,"HolyWater":17,"PureWater":0,"Toxic Egg 2":9},{"Lantern":12,"Regal Pillow":20,"NeowsBlessing":0,"Singing Bowl":3,"SacredBark":15,"Damaru":17,"Vajra":19,"Mango":22,"Pen Nib":5,"Omamori":2,"Ginger":5,"Orichalcum":16,"Boot":13,"Akabeko":13,"White Beast Statue":13,"Lizard Tail":6,"HolyWater":8,"PureWater":0,"Toxic Egg 2":4},{"Lantern":35,"Regal Pillow":69,"NeowsBlessing":0,"Singing Bowl":3,"SacredBark":51,"Damaru":55,"Vajra":66,"Mango":80,"Pen Nib":12,"Omamori":2,"Ginger":12,"Orichalcum":53,"Boot":39,"Akabeko":39,"White Beast Statue":39,"Lizard Tail":16,"HolyWater":23,"PureWater":0,"Toxic Egg 2":6}]},"card_choices":[{"not_picked":["Prostrate","TalkToTheHand"],"picked":"JustLucky","floor":1},{"not_picked":["FlyingSleeves","Adaptation"],"picked":"FearNoEvil","floor":3},{"not_picked":["Conclude","CrushJoints","ClearTheMind"],"picked":"Singing Bowl","floor":7},{"not_picked":["DeceiveReality","CrushJoints","Crescendo"],"picked":"Singing Bowl","floor":8},{"not_picked":["Brilliance","SignatureMove"],"picked":"Prostrate+1","floor":10},{"not_picked":["Protect+1","SashWhip"],"picked":"Weave","floor":12},{"not_picked":["ThirdEye+1","BowlingBash"],"picked":"CutThroughFate","floor":14},{"not_picked":["Brilliance","Omniscience+1"],"picked":"DevaForm","floor":16},{"not_picked":["Halt+1","Prostrate+1"],"picked":"FollowUp","floor":18},{"not_picked":["Halt+1","Protect+1","ReachHeaven"],"picked":"Singing Bowl","floor":22},{"not_picked":["WaveOfTheHand+1","InnerPeace+1","SignatureMove"],"picked":"Singing Bowl","floor":23},{"not_picked":["Crescendo+1","PathToVictory+1"],"picked":"Wireheading","floor":25},{"not_picked":["Vengeance+1","Wish+1"],"picked":"EmptyFist","floor":29},{"not_picked":["Blasphemy+1","Judgement+1"],"picked":"Vault+1","floor":33},{"not_picked":["Sanctity+1","WheelKick","EmptyMind+1"],"picked":"Singing Bowl","floor":35},{"not_picked":["ThirdEye+1","WheelKick"],"picked":"Consecrate","floor":37},{"not_picked":["Halt+1","EmptyFist","Pray+1"],"picked":"Singing Bowl","floor":39},{"not_picked":["BowlingBash+1","Collect+1"],"picked":"Perseverance+1","floor":41},{"not_picked":["CutThroughFate","WreathOfFlame+1","EmptyFist"],"picked":"Singing Bowl","floor":42},{"not_picked":["Indignation+1","CutThroughFate","MentalFortress"],"picked":"Singing Bowl","floor":47},{"not_picked":["Brilliance","BowlingBash"],"picked":"FearNoEvil+1","floor":48}],"player_experience":389278,"relics_obtained":[{"floor":5,"key":"Omamori"},{"floor":7,"key":"Singing Bowl"},{"floor":9,"key":"Toxic Egg 2"},{"floor":10,"key":"Ginger"},{"floor":12,"key":"Lizard Tail"},{"floor":23,"key":"Lantern"},{"floor":25,"key":"Boot"},{"floor":26,"key":"Akabeko"},{"floor":41,"key":"Vajra"},{"floor":43,"key":"Regal Pillow"},{"floor":48,"key":"Mango"}],"event_choices":[{"damage_healed":0,"gold_gain":0,"player_choice":"Got Potions","damage_taken":0,"max_hp_gain":0,"max_hp_loss":0,"event_name":"Lab","floor":2,"gold_loss":0},{"damage_healed":0,"gold_gain":30,"player_choice":"Searched \u00273\u0027 times","damage_taken":0,"max_hp_gain":0,"max_hp_loss":0,"event_name":"Dead Adventurer","floor":10,"gold_loss":0},{"damage_healed":0,"gold_gain":0,"player_choice":"Ignored","damage_taken":0,"max_hp_gain":0,"max_hp_loss":0,"event_name":"Beggar","floor":21,"gold_loss":0},{"damage_healed":0,"gold_gain":0,"player_choice":"Gave Potion","damage_taken":0,"relics_obtained":["White Beast Statue"],"max_hp_gain":0,"max_hp_loss":0,"event_name":"WeMeetAgain","floor":27,"gold_loss":0},{"damage_healed":0,"gold_gain":90,"player_choice":"GOLD ","damage_taken":12,"max_hp_gain":0,"max_hp_loss":0,"event_name":"Knowing Skull","floor":31,"potions_obtained":[],"gold_loss":0,"cards_obtained":[]},{"damage_healed":0,"gold_gain":0,"player_choice":"Forge","damage_taken":0,"max_hp_gain":0,"max_hp_loss":0,"event_name":"Accursed Blacksmith","floor":45,"gold_loss":0,"cards_upgraded":["Fasting2"]}],"is_beta":false,"boss_relics":[{"not_picked":["Fusion Hammer","Coffee Dripper"],"picked":"HolyWater"},{"not_picked":["Runic Dome","Sozu"],"picked":"SacredBark"}],"items_purged_floors":[38],"is_endless":false,"potions_floor_spawned":[7,8,14,19,22,23,29,33,35,37,39,41,42,47,48],"ascension_level":12}}