{"host":"dzs26xzxvr8oc34c","time":1614083375,"event":{"mods":["100% Spire Juice","Act Like it!","Arknights","BaseMod","Colored Map","Downfall","Minty Spire (QoL Compilation)","StSLib","SuperFastMode","Waifu the Spire"],"gold_per_floor":[115,115,115,115,140,140,179,197,197,238,16,16,16,16,16,144,144,167,181,181,200,220,220,220,220],"floor_reached":24,"language":"ZHS","playtime":947,"items_purged":["ats:Strike C"],"score":240,"play_id":"36c236a3-2814-41f2-8c4f-fb4dbd82a9ec","local_time":"20210223202935","is_ascension_mode":true,"campfire_choices":[{"data":"ats:Emotion Absorption","floor":6.0,"key":"SMITH"},{"data":"ats:Defend Order","floor":13.0,"key":"SMITH"},{"data":"ats:Roar Of Ursus","floor":15.0,"key":"SMITH"},{"data":"ats:Shadow Assault","floor":23.0,"key":"SMITH"}],"circlet_count":0,"master_deck":["ats:Strike G","ats:Strike S","ats:Armor Crushing Shot","ats:Defend+1","ats:Defend","ats:Defend","ats:Defend","ats:Emotion Absorption+1","ats:Leaping Hammer","ats:Support Order+1","ats:Defend Order+1","ats:Closed Bolt Burst Fire","ats:Roar Of Ursus+1","ats:Shadow Assault+1","ats:Spore Proliferation","ats:Soul Absorption+1","ats:Apocalypse","ats:Literary Storm"],"relics":["ats:Sanity","NeowsBlessing","Golden Idol","ats:Originium","Matryoshka","ats:Military Tradition","War Paint","Oddly Smooth Stone","Tiny Chest","ats:Berate","SacredBark"],"acts_visited":["Exordium","TheCity"],"potions_floor_usage":[],"damage_taken":[{"damage":0.0,"enemies":"Jaw Worm","floor":1.0,"turns":1.0},{"damage":0.0,"enemies":"Small Slimes","floor":5.0,"turns":1.0},{"damage":0.0,"enemies":"Lagavulin","floor":7.0,"turns":1.0},{"damage":0.0,"enemies":"2 Louse","floor":8.0,"turns":3.0},{"damage":14.0,"enemies":"3 Sentries","floor":10.0,"turns":10.0},{"damage":14.0,"enemies":"The Guardian","floor":16.0,"turns":7.0},{"damage":6.0,"enemies":"Chosen","floor":18.0,"turns":6.0},{"damage":16.0,"enemies":"3 Byrds","floor":19.0,"turns":7.0},{"damage":37.0,"enemies":"Cultist and Chosen","floor":21.0,"turns":11.0},{"damage":25.0,"enemies":"Snake Plant","floor":22.0,"turns":8.0},{"damage":17,"enemies":"Book of Stabbing","floor":24,"turns":4}],"seed_played":"6100429144870699635","potions_obtained":[{"floor":5.0,"key":"AttackPotion"},{"floor":8.0,"key":"Explosive Potion"},{"floor":16.0,"key":"PowerPotion"},{"floor":18.0,"key":"ats:Burn Small Potion"}],"is_trial":false,"path_per_floor":["M","?","?","?","M","R","E","M","T","E","$","?","R","$","R","B",null,"M","M","?","M","M","R","E"],"character_chosen":"DOCTOR_CLASS","items_purchased":["Tiny Chest"],"campfire_rested":0,"item_purchase_floors":[11],"current_hp_per_floor":[72,67,72,65,65,65,65,65,65,51,51,26,26,26,26,12,72,66,50,44,7,9,9,0,0],"gold":220,"neow_bonus":"THREE_ENEMY_KILL","is_daily":false,"chose_seed":false,"campfire_upgraded":4,"win_rate":0.0,"timestamp":1614083375,"path_taken":["M","?","?","?","M","R","E","M","T","E","$","?","R","$","R","BOSS","M","M","?","?","M","R","E"],"items_purchased_type":["Relic"],"build_version":"2020-12-22","purchased_purges":1,"victory":false,"max_hp_per_floor":[72,67,72,72,72,72,72,72,72,72,72,72,72,72,72,72,72,72,72,72,72,72,72,72,72],"card_choices":[{"not_picked":["ats:Blood Oath","ats:Spore Proliferation"],"picked":"ats:Leaping Hammer","floor":1.0},{"not_picked":["ats:Blood Oath","ats:Literary Storm"],"picked":"ats:Support Order","floor":5.0},{"not_picked":["ats:Blood Oath","ats:Flexible Camouflage"],"picked":"ats:Defend Order","floor":7.0},{"not_picked":["ats:Leaping Hammer","ats:Guard Mode"],"picked":"ats:Closed Bolt Burst Fire","floor":8.0},{"not_picked":["ats:Thorns","ats:Consecutive Shot Auto"],"picked":"ats:Roar Of Ursus","floor":10.0},{"not_picked":["ats:Wolf Pack","ats:Durian"],"picked":"ats:Shadow Assault","floor":16.0},{"not_picked":["ats:Consecutive Shot Auto","ats:Poison Spread"],"picked":"ats:Spore Proliferation","floor":18.0},{"not_picked":["ats:Absolute Focus","ats:Curse Doll"],"picked":"ats:Soul Absorption+1","floor":19.0},{"not_picked":["ats:Closed Bolt Burst Fire+1","ats:Support Order"],"picked":"ats:Apocalypse","floor":21.0},{"not_picked":["ats:Red Shift","ats:Curse Doll+1"],"picked":"ats:Literary Storm","floor":22.0}],"player_experience":1217909,"relics_obtained":[{"floor":7.0,"key":"ats:Originium"},{"floor":7.0,"key":"Matryoshka"},{"floor":9.0,"key":"ats:Military Tradition"},{"floor":9.0,"key":"War Paint"},{"floor":10.0,"key":"ats:Originium"},{"floor":10.0,"key":"Oddly Smooth Stone"}],"event_choices":[{"damage_healed":0.0,"max_hp_gain":0.0,"max_hp_loss":5.0,"gold_gain":0.0,"event_name":"Golden Idol","player_choice":"Lose Max HP","floor":2.0,"gold_loss":0.0,"damage_taken":0.0,"relics_obtained":["Golden Idol"]},{"damage_healed":0.0,"max_hp_gain":5.0,"max_hp_loss":0.0,"gold_gain":0.0,"event_name":"Big Fish","player_choice":"Donut","floor":3.0,"gold_loss":0.0,"damage_taken":0.0},{"cards_removed":["ats:Strike V"],"damage_healed":0.0,"max_hp_gain":0.0,"max_hp_loss":0.0,"gold_gain":0.0,"event_name":"Golden Wing","player_choice":"Card Removal","floor":4.0,"gold_loss":0.0,"damage_taken":7.0},{"damage_healed":0.0,"max_hp_gain":0.0,"max_hp_loss":0.0,"gold_gain":0.0,"event_name":"Scrap Ooze","player_choice":"Success","floor":12.0,"gold_loss":0.0,"damage_taken":25.0,"relics_obtained":["ats:Berate"]},{"damage_healed":0.0,"max_hp_gain":0.0,"max_hp_loss":0.0,"gold_gain":0.0,"event_name":"Knowing Skull","player_choice":"","floor":20.0,"potions_obtained":[],"gold_loss":0.0,"damage_taken":6.0,"cards_obtained":[]}],"is_beta":false,"boss_relics":[{"not_picked":["Snecko Eye","Empty Cage"],"picked":"SacredBark"}],"items_purged_floors":[11],"is_endless":false,"potions_floor_spawned":[5,8,16,18],"killed_by":"Book of Stabbing","ascension_level":1}}