{"host":"ormi09wwzv7sq47a","time":1614097194,"event":{"mods":["2.2 Compatiblity","AchievementEnabler","Act Like it!","BaseMod","Bestiary","Better Altar","Better Note","Better Sensory Stone","Better Silent Start","Better Skull","Better Third Choice","Better Vampires","BetterRewards","Block Reminder","Card Forge","Colored Map","Colored Powertips","Curses Come First","DeckTracker","Downfall","Highlight Path","Minty Spire (QoL Compilation)","Permanent Neow","Quick Restart","Rare Cards Sparkle","Relic Stats","Shop Mod","StSLib","The Jungle"],"gold_per_floor":[114,127,147,147,166,166,166,166,166],"floor_reached":7,"language":"ENG","playtime":452,"items_purged":["champ:Strike"],"score":60,"play_id":"56fde1fb-f158-4c6a-91d3-56df74321b95","local_time":"20210223131954","is_ascension_mode":true,"campfire_choices":[{"data":"champ:PerfectedStrike","floor":6,"key":"SMITH"}],"circlet_count":0,"master_deck":["champ:Strike","champ:Strike","champ:Strike","champ:Defend+1","champ:Defend+1","champ:Defend","champ:Defend","champ:Execute","champ:Taunt","champ:StanceDance","champ:RageSigil","champ:PerfectedStrike+1","champ:BerserkersShout","champ:Backstep","champ:EnragedBash"],"relics":["champ:ChampionCrown","Hammer of Thor","Seething Fire","Anvil of the Gods","Gambling Chip","War Paint","HornCleat","bronze:BronzeIdol"],"acts_visited":["Exordium"],"potions_floor_usage":[7],"damage_taken":[{"damage":15.0,"enemies":"Small Slimes","floor":1.0,"turns":4.0},{"damage":10.0,"enemies":"2 Louse","floor":2.0,"turns":3.0},{"damage":0,"enemies":"Jaw Worm","floor":3,"turns":3},{"damage":25,"enemies":"Exordium Wildlife","floor":5,"turns":3},{"damage":36,"enemies":"Gremlin Nob","floor":7,"turns":3}],"seed_played":"-6397800675678861051","potions_obtained":[{"floor":2.0,"key":"bronze:BurnAndBuffPotion"},{"floor":3,"key":"sneckomod:MuddlingPotion"}],"is_trial":false,"path_per_floor":["M","M","M","?","M","R","E"],"character_chosen":"THE_CHAMP","items_purchased":["champ:StanceDance","champ:RageSigil","War Paint","HornCleat"],"campfire_rested":0,"item_purchase_floors":[0,0,0,0],"current_hp_per_floor":[40,40,40,28,28,28,0,0,0],"gold":166,"neow_bonus":"","is_daily":false,"chose_seed":false,"campfire_upgraded":1,"win_rate":0.0,"timestamp":1614097194,"path_taken":["M","M","M","?","M","R","E"],"items_purchased_type":["Card","Card","Relic","Relic"],"build_version":"2020-12-22","purchased_purges":1,"victory":false,"max_hp_per_floor":[90,90,90,90,90,90,90,90,90],"relic_stats":{"counters":[5,16],"Gambling Chip":[0],"War Paint":["champ:Defend","champ:Defend"],"obtain_stats":[{"HornCleat":0,"Anvil of the Gods":0,"Gambling Chip":0,"champ:ChampionCrown":0,"Hammer of Thor":0,"Seething Fire":0,"War Paint":0,"bronze:BronzeIdol":4},{"HornCleat":0,"Anvil of the Gods":0,"Gambling Chip":0,"champ:ChampionCrown":0,"Hammer of Thor":0,"Seething Fire":0,"War Paint":0,"bronze:BronzeIdol":3},{"HornCleat":0,"Anvil of the Gods":0,"Gambling Chip":0,"champ:ChampionCrown":0,"Hammer of Thor":0,"Seething Fire":0,"War Paint":0,"bronze:BronzeIdol":10}]},"card_choices":[{"not_picked":["champ:Backstep","champ:FalseCounter"],"picked":"champ:PerfectedStrike","floor":1.0},{"not_picked":["champ:BladeFlurry","champ:BringItOn"],"picked":"champ:BerserkersShout","floor":2.0},{"not_picked":["champ:BringItOn","champ:EnGarde"],"picked":"champ:Backstep","floor":3},{"not_picked":["champ:Lariat","champ:EndlessRage"],"picked":"champ:EnragedBash","floor":5}],"player_experience":1147696,"relics_obtained":[],"event_choices":[{"damage_healed":0,"gold_gain":0,"player_choice":"Relic ","damage_taken":12,"max_hp_gain":0,"max_hp_loss":0,"event_name":"betterThird:BetterScrap","floor":4,"gold_loss":0,"cards_obtained":["Blood for Blood"]}],"is_beta":false,"boss_relics":[],"items_purged_floors":[0],"is_endless":false,"potions_floor_spawned":[2,3],"killed_by":"Gremlin Nob","ascension_level":8}}