{"host":"ibckqdmmf9y74ymf","time":1614124571,"event":{"mods":["2.2 Compatiblity","BaseMod","Colored Map","Curses Come First","Highlight Path","Minty Spire (QoL Compilation)","Quick Restart","Rare Cards Sparkle","Relic Stats","StSLib"],"gold_per_floor":[360,360,374,385,395,395,395],"floor_reached":6,"language":"ENG","playtime":176,"items_purged":[],"score":76,"play_id":"3d964c7b-43a5-4cbd-8d27-4c84b3c36511","local_time":"20210224005611","is_ascension_mode":true,"campfire_choices":[],"circlet_count":0,"master_deck":["AscendersBane","Strike_P","Strike_P","Strike_P","Strike_P","Defend_P","Defend_P","Defend_P","Defend_P","Eruption","Vigilance","EmptyFist+1","Consecrate","LikeWater","FlurryOfBlows"],"relics":["PureWater"],"acts_visited":["Exordium"],"potions_floor_usage":[6],"damage_taken":[{"damage":0,"enemies":"Small Slimes","floor":1,"turns":2},{"damage":0,"enemies":"Cultist","floor":3,"turns":2},{"damage":0,"enemies":"2 Louse","floor":4,"turns":2},{"damage":38,"enemies":"Exordium Thugs","floor":5,"turns":6},{"damage":30,"enemies":"Lagavulin","floor":6,"turns":5}],"seed_played":"-8657839996493484267","potions_obtained":[{"floor":5,"key":"Strength Potion"}],"is_trial":false,"path_per_floor":["M","?","M","M","M","E"],"character_chosen":"WATCHER","items_purchased":[],"campfire_rested":0,"item_purchase_floors":[],"current_hp_per_floor":[61,61,61,61,23,0,0],"gold":395,"neow_bonus":"TWO_FIFTY_GOLD","is_daily":false,"chose_seed":false,"campfire_upgraded":0,"win_rate":0.0,"timestamp":1614124571,"path_taken":["M","?","M","M","M","E"],"items_purchased_type":[],"build_version":"2020-12-22","purchased_purges":0,"victory":false,"max_hp_per_floor":[62,62,62,62,62,62,62],"relic_stats":{"counters":[5,17],"obtain_stats":[{"PureWater":0},{"PureWater":0},{"PureWater":0}]},"card_choices":[{"not_picked":["Consecrate","Worship"],"picked":"EmptyFist","floor":1},{"not_picked":["WindmillStrike","ClearTheMind"],"picked":"Consecrate","floor":3},{"not_picked":["PathToVictory","EmptyFist"],"picked":"LikeWater","floor":4},{"not_picked":["PathToVictory","CrushJoints"],"picked":"FlurryOfBlows","floor":5}],"player_experience":562326,"relics_obtained":[],"event_choices":[{"damage_healed":0,"gold_gain":0,"player_choice":"Upgraded","damage_taken":0,"max_hp_gain":0,"max_hp_loss":0,"event_name":"Upgrade Shrine","floor":2,"gold_loss":0,"cards_upgraded":["EmptyFist"]}],"is_beta":false,"boss_relics":[],"items_purged_floors":[],"is_endless":false,"potions_floor_spawned":[5],"killed_by":"Lagavulin","ascension_level":20}}