{"host":"982whgfapomb3lkp","time":1614051035,"event":{"mods":["AchievementEnabler","BaseMod","Colored Map","Minty Spire (QoL Compilation)","Relic Stats"],"gold_per_floor":[112,125,143,218,231,231,265,265,320,320,320,339,364,65,65,167,167,184,204,204,217,66,66,92,103,129,129,159,159,159,159,159,159,159],"floor_reached":33,"language":"ENG","playtime":2725,"items_purged":["Strike_G"],"score":382,"play_id":"91a52e9d-5868-4c34-b60c-cf466d01e601","local_time":"20210222223034","is_ascension_mode":true,"campfire_choices":[{"data":"Dagger Spray","floor":6,"key":"SMITH"},{"data":"Poisoned Stab","floor":11,"key":"SMITH"},{"floor":15,"key":"REST"},{"floor":23,"key":"REST"},{"floor":27,"key":"REST"},{"data":"Noxious Fumes","floor":29,"key":"SMITH"},{"data":"Neutralize","floor":32,"key":"SMITH"}],"circlet_count":0,"master_deck":["Defend_G","Defend_G","Defend_G","Defend_G","Survivor","Neutralize+1","Doppelganger+1","Dash+1","Malaise+1","Dagger Spray","Prepared","Sucker Punch","Dagger Spray+1","Poisoned Stab+1","Parasite","Dagger Throw","Backflip","Noxious Fumes+1","Adrenaline","CurseOfTheBell","Dagger Throw+1","Dodge and Roll","Acrobatics","Concentrate"],"relics":["Astrolabe","Ornamental Fan","Tiny Chest","NlothsMask","Happy Flower","Pen Nib","Calling Bell","Potion Belt","Ninja Scroll","Incense Burner","PreservedInsect","Shuriken","MealTicket"],"acts_visited":["Exordium","TheCity"],"potions_floor_usage":[5,13,33,33,33],"damage_taken":[{"damage":0,"enemies":"Jaw Worm","floor":1,"turns":5},{"damage":7,"enemies":"Small Slimes","floor":2,"turns":4},{"damage":0,"enemies":"2 Louse","floor":3,"turns":3},{"damage":8,"enemies":"Gremlin Gang","floor":5,"turns":4},{"damage":1,"enemies":"3 Sentries","floor":7,"turns":5},{"damage":0,"enemies":"3 Louse","floor":12,"turns":2},{"damage":23,"enemies":"Lagavulin","floor":13,"turns":6},{"damage":10,"enemies":"The Guardian","floor":16,"turns":10},{"damage":17,"enemies":"2 Thieves","floor":18,"turns":3},{"damage":1,"enemies":"Spheric Guardian","floor":19,"turns":4},{"damage":16,"enemies":"Shelled Parasite and Fungi","floor":21,"turns":4},{"damage":10,"enemies":"Slavers","floor":24,"turns":3},{"damage":7,"enemies":"Centurion and Healer","floor":25,"turns":8},{"damage":0,"enemies":"Gremlin Leader","floor":28,"turns":4},{"damage":73,"enemies":"Collector","floor":33,"turns":7}],"seed_played":"2086038567081281398","potions_obtained":[{"floor":2,"key":"Poison Potion"},{"floor":3,"key":"Ancient Potion"},{"floor":7,"key":"SteroidPotion"},{"floor":12,"key":"PowerPotion"},{"floor":18,"key":"Dexterity Potion"},{"floor":25,"key":"Ancient Potion"}],"is_trial":false,"path_per_floor":["M","M","M","?","M","R","E","?","T","?","R","M","E","$","R","B",null,"M","M","?","M","$","R","E","M","T","R","E","R","T","?","R","B"],"character_chosen":"THE_SILENT","items_purchased":["Pen Nib","Noxious Fumes","PreservedInsect"],"campfire_rested":3,"item_purchase_floors":[14,14,22],"current_hp_per_floor":[70,63,63,52,44,44,43,60,60,60,60,60,37,37,58,48,70,53,52,52,36,36,57,47,40,40,61,61,61,61,61,61,0,0],"gold":159,"neow_bonus":"BOSS_RELIC","is_daily":false,"chose_seed":false,"campfire_upgraded":4,"win_rate":0.0,"timestamp":1614051034,"path_taken":["M","M","M","?","M","R","E","?","T","?","R","?","E","$","R","BOSS","M","M","?","M","$","R","E","M","T","R","E","R","?","?","R","BOSS"],"items_purchased_type":["Relic","Card","Relic"],"build_version":"2020-12-22","purchased_purges":1,"victory":false,"max_hp_per_floor":[70,70,70,70,70,70,70,70,70,70,70,70,70,70,70,70,70,70,70,70,70,70,70,70,70,70,70,70,70,70,70,70,70,70],"relic_stats":{"Happy Flower":[14],"counters":[15,72],"Ornamental Fan":[96],"Shuriken":[8],"Astrolabe":["Doppelganger","Dash","Malaise"],"Tiny Chest":1,"MealTicket":0,"Pen Nib":[10],"PreservedInsect":87,"obtain_stats":[{"Potion Belt":17,"Happy Flower":13,"Astrolabe":0,"Pen Nib":14,"PreservedInsect":22,"Incense Burner":17,"Calling Bell":17,"Ornamental Fan":7,"Ninja Scroll":17,"Shuriken":24,"Tiny Chest":9,"MealTicket":28,"Ring of the Snake":0,"NlothsMask":10},{"Potion Belt":8,"Happy Flower":7,"Astrolabe":0,"Pen Nib":7,"PreservedInsect":11,"Incense Burner":8,"Calling Bell":8,"Ornamental Fan":5,"Ninja Scroll":8,"Shuriken":12,"Tiny Chest":5,"MealTicket":14,"Ring of the Snake":0,"NlothsMask":5},{"Potion Belt":39,"Happy Flower":29,"Astrolabe":0,"Pen Nib":29,"PreservedInsect":50,"Incense Burner":39,"Calling Bell":39,"Ornamental Fan":21,"Ninja Scroll":39,"Shuriken":53,"Tiny Chest":21,"MealTicket":65,"Ring of the Snake":0,"NlothsMask":21}]},"card_choices":[{"not_picked":["Deflect","Concentrate"],"picked":"Dagger Spray","floor":1},{"not_picked":["Concentrate","PiercingWail"],"picked":"Prepared","floor":2},{"not_picked":["PiercingWail","Dash"],"picked":"Sucker Punch","floor":3},{"not_picked":["Deflect","Calculated Gamble"],"picked":"Dagger Spray","floor":5},{"not_picked":["Sucker Punch","Finisher"],"picked":"Poisoned Stab","floor":7},{"not_picked":["Dodge and Roll","Blade Dance"],"picked":"Dagger Throw","floor":12},{"not_picked":["Bane","Blade Dance"],"picked":"Backflip","floor":13},{"not_picked":["Bullet Time","Malaise"],"picked":"Adrenaline","floor":16},{"not_picked":["Quick Slash","Catalyst"],"picked":"Dagger Throw+1","floor":18},{"not_picked":["Acrobatics","Backflip","Dagger Throw"],"picked":"SKIP","floor":19},{"not_picked":["Leg Sweep","Dagger Spray+1","Crippling Poison+1"],"picked":"SKIP","floor":21},{"not_picked":["Bullet Time","Sucker Punch"],"picked":"Dodge and Roll","floor":24},{"not_picked":["Skewer","PiercingWail+1","Masterful Stab"],"picked":"SKIP","floor":25},{"not_picked":["PiercingWail","Expertise","Backflip"],"picked":"SKIP","floor":28}],"player_experience":440551,"relics_obtained":[{"floor":7,"key":"Ornamental Fan"},{"floor":9,"key":"Tiny Chest"},{"floor":13,"key":"Happy Flower"},{"floor":17,"key":"Potion Belt"},{"floor":17,"key":"Ninja Scroll"},{"floor":17,"key":"Incense Burner"},{"floor":24,"key":"Shuriken"},{"floor":28,"key":"MealTicket"}],"event_choices":[{"damage_healed":0,"gold_gain":75,"player_choice":"Gather Gold","damage_taken":11,"max_hp_gain":0,"max_hp_loss":0,"event_name":"World of Goop","floor":4,"gold_loss":0},{"damage_healed":17,"gold_gain":0,"player_choice":"Healed and dodged fight","damage_taken":0,"max_hp_gain":0,"max_hp_loss":0,"event_name":"Mushrooms","floor":8,"gold_loss":0,"cards_obtained":["Parasite"]},{"damage_healed":0,"gold_gain":0,"player_choice":"Trade","damage_taken":0,"relics_obtained":["NlothsMask"],"max_hp_gain":0,"max_hp_loss":0,"event_name":"FaceTrader","floor":10,"gold_loss":0},{"damage_healed":0,"gold_gain":0,"player_choice":"Ignored","damage_taken":0,"max_hp_gain":0,"max_hp_loss":0,"event_name":"Vampires","floor":20,"gold_loss":0},{"damage_healed":0,"gold_gain":0,"cards_transformed":["Defend_G","Strike_G"],"player_choice":"Became Test Subject","damage_taken":0,"max_hp_gain":0,"max_hp_loss":0,"event_name":"Drug Dealer","floor":31,"gold_loss":0,"cards_obtained":["Acrobatics","Concentrate"]}],"is_beta":false,"boss_relics":[{"not_picked":["Philosopher\u0027s Stone","Coffee Dripper"],"picked":"Calling Bell"}],"items_purged_floors":[14],"is_endless":false,"potions_floor_spawned":[2,3,7,12,18,25],"killed_by":"Collector","ascension_level":4}}