{"host":"oq9vgnvl0fi8z8ha","time":1614064548,"event":{"mods":["Act Like it!","BaseMod","Block Reminder","Curses Come First","Evolution","Fox Events","Hallownest","Highlight Path","Minty Spire (QoL Compilation)","Relic Stats","Smile Girya","StSLib","The Blue Laboratory","The Bug Knight","Treasure Hunter","Unceasing Turn Reminder"],"gold_per_floor":[144,144,162,179,22,47,47,47,72,86,117,117,117,150,150,246,246,266,27,38,50,84,103,132,152,203,203,222,13,13,42,42,42,42],"floor_reached":33,"language":"ENG","playtime":2896,"items_purged":[],"score":410,"play_id":"e0dd0d8a-4bcd-497e-bbdf-9d8663cadf50","local_time":"20210223001548","is_ascension_mode":true,"campfire_choices":[{"floor":7,"key":"RECALL"},{"data":"Defragment","floor":12,"key":"SMITH"},{"floor":15,"key":"REST"},{"floor":27,"key":"REST"},{"floor":32,"key":"REST"}],"circlet_count":0,"master_deck":["Barrage","Strike_B","Defend_B","Defend_B+1","Zap","Dualcast","Compile Driver","Leap","Defragment+1","Cold Snap","Coolheaded","TH:EnergyPotion","Streamline","Undo","TH:EnergyPotion","TH:BikiniMail","Melter","TH:EnergyPotion","Auto Shields","TH:PixieDust","Electrodynamics","Loop+1","Storm+1","Thunder Strike+1","Hologram+1","Jack Of All Trades","Sweeping Beam","Recycle+1","Streamline","TH:EnergyPotion","Loop","TH:BikiniMail","Leap","Redo","TH:PixieDust","Coolheaded+1"],"relics":["EVO:Axolotl","Busted Crown","Boot","HornCleat","Bottled Flame","Astrolabe","Vajra","Red Mask","Shuriken","HollowMod:PaleOreRelic","War Paint","Potion Belt"],"acts_visited":["Exordium","TheCity"],"potions_floor_usage":[16,24,28,31],"damage_taken":[{"damage":2,"enemies":"Hallownest:2_Tiktiks_and_1_Crawlid","floor":1,"turns":5},{"damage":3,"enemies":"Hallownest:2_MossCreeps","floor":3,"turns":5},{"damage":8,"enemies":"Hallownest:monsterHuskGuard","floor":4,"turns":4},{"damage":0,"enemies":"Hallownest:eliteVengeflyKing","floor":6,"turns":8},{"damage":0,"enemies":"Hallownest:monsterAspidMother","floor":10,"turns":6},{"damage":1,"enemies":"Hallownest:eliteMossKnight","floor":11,"turns":9},{"damage":3,"enemies":"Hallownest:eliteCrystalGuardian","floor":14,"turns":5},{"damage":12,"enemies":"Hallownest:BossBrokenVessel","floor":16,"turns":13},{"damage":0,"enemies":"Spheric Guardian","floor":18,"turns":3},{"damage":0,"enemies":"3 Cultists","floor":20,"turns":3},{"damage":0,"enemies":"Sentry and Sphere","floor":21,"turns":2},{"damage":12,"enemies":"Masked Bandits","floor":22,"turns":4},{"damage":13,"enemies":"Cultist and Chosen","floor":23,"turns":5},{"damage":10,"enemies":"HollowMod:Nosk","floor":24,"turns":6},{"damage":23,"enemies":"Centurion and Healer","floor":25,"turns":6},{"damage":12,"enemies":"3 Cultists","floor":28,"turns":6},{"damage":10,"enemies":"Slavers","floor":31,"turns":4},{"damage":40,"enemies":"Collector","floor":33,"turns":3}],"seed_played":"-5637852618153019522","potions_obtained":[{"floor":1,"key":"FocusPotion"},{"floor":3,"key":"blueLaboratory:SystemWipe"},{"floor":14,"key":"SpeedPotion"},{"floor":16,"key":"FearPotion"},{"floor":18,"key":"Dexterity Potion"},{"floor":22,"key":"EssenceOfDarkness"},{"floor":25,"key":"BlessingOfTheForge"}],"is_trial":false,"path_per_floor":["M","?","M","M","$","E","R","?","T","M","E","R","?","E","R","B",null,"M","$","M","M","?","M","E","M","T","R","M","$","?","E","R","B"],"character_chosen":"DEFECT","items_purchased":["Defragment","Cold Snap","Coolheaded","Vajra","Jack Of All Trades","War Paint","Redo"],"campfire_rested":3,"item_purchase_floors":[5,5,5,19,19,29,29],"current_hp_per_floor":[73,63,60,52,52,52,52,52,52,52,51,51,42,39,61,49,75,75,75,75,75,63,50,40,17,17,39,27,27,27,17,39,0,0],"gold":42,"neow_bonus":"BOSS_RELIC","is_daily":false,"chose_seed":false,"campfire_upgraded":1,"win_rate":0.0,"timestamp":1614064548,"path_taken":["M","?","M","?","?","E","R","?","T","M","E","R","?","E","R","BOSS","M","$","M","M","?","M","E","M","T","R","M","$","?","E","R","BOSS"],"items_purchased_type":["Card","Card","Card","Relic","Card","Relic","Card"],"build_version":"2020-12-22","purchased_purges":0,"victory":false,"max_hp_per_floor":[75,75,75,75,75,75,75,75,75,75,75,75,75,75,75,75,75,75,75,75,75,75,75,75,75,75,75,75,75,75,75,75,75,75],"relic_stats":{"Busted Crown":66,"counters":[18,95],"Shuriken":[1],"Astrolabe":["Loop","Storm","Thunder Strike"],"War Paint":["Defend_B","Recycle"],"Boot":[20],"obtain_stats":[{"Potion Belt":31,"Astrolabe":17,"Vajra":19,"EVO:Axolotl":0,"War Paint":29,"Boot":6,"Bottled Flame":14,"Busted Crown":0,"HornCleat":11,"Shuriken":24,"Red Mask":22,"HollowMod:PaleOreRelic":26,"Cracked Core":0},{"Potion Belt":17,"Astrolabe":8,"Vajra":9,"EVO:Axolotl":0,"War Paint":16,"Boot":4,"Bottled Flame":7,"Busted Crown":0,"HornCleat":6,"Shuriken":14,"Red Mask":12,"HollowMod:PaleOreRelic":15,"Cracked Core":0},{"Potion Belt":92,"Astrolabe":55,"Vajra":58,"EVO:Axolotl":0,"War Paint":88,"Boot":22,"Bottled Flame":42,"Busted Crown":0,"HornCleat":37,"Shuriken":77,"Red Mask":67,"HollowMod:PaleOreRelic":83,"Cracked Core":0}]},"card_choices":[{"not_picked":[],"picked":"Compile Driver","floor":1},{"not_picked":[],"picked":"Leap","floor":3},{"not_picked":["Barrage"],"picked":"SKIP","floor":4},{"not_picked":[],"picked":"TH:EnergyPotion","floor":6},{"not_picked":[],"picked":"Streamline","floor":6},{"not_picked":[],"picked":"TH:EnergyPotion","floor":9},{"not_picked":["Steam Power"],"picked":"SKIP","floor":10},{"not_picked":[],"picked":"TH:BikiniMail","floor":11},{"not_picked":[],"picked":"Melter","floor":11},{"not_picked":[],"picked":"TH:EnergyPotion","floor":14},{"not_picked":[],"picked":"Auto Shields","floor":14},{"not_picked":[],"picked":"TH:PixieDust","floor":16},{"not_picked":[],"picked":"Electrodynamics","floor":16},{"not_picked":[],"picked":"Hologram+1","floor":18},{"not_picked":[],"picked":"Sweeping Beam","floor":20},{"not_picked":["Barrage"],"picked":"SKIP","floor":21},{"not_picked":[],"picked":"Recycle","floor":22},{"not_picked":[],"picked":"Streamline","floor":23},{"not_picked":[],"picked":"TH:EnergyPotion","floor":24},{"not_picked":[],"picked":"Loop","floor":24},{"not_picked":["Turbo"],"picked":"SKIP","floor":25},{"not_picked":[],"picked":"TH:BikiniMail","floor":26},{"not_picked":[],"picked":"Leap","floor":28},{"not_picked":[],"picked":"TH:PixieDust","floor":31},{"not_picked":[],"picked":"Coolheaded+1","floor":31}],"player_experience":254963,"relics_obtained":[{"floor":6,"key":"Boot"},{"floor":11,"key":"HornCleat"},{"floor":14,"key":"Bottled Flame"},{"floor":22,"key":"Red Mask"},{"floor":24,"key":"Shuriken"},{"floor":26,"key":"HollowMod:PaleOreRelic"},{"floor":31,"key":"Potion Belt"}],"event_choices":[{"damage_healed":0,"gold_gain":0,"player_choice":"Fought Bandits","damage_taken":0,"max_hp_gain":0,"max_hp_loss":0,"event_name":"Masked Bandits","floor":22,"gold_loss":0},{"damage_healed":0,"gold_gain":0,"player_choice":"Ignored","damage_taken":0,"max_hp_gain":0,"max_hp_loss":0,"event_name":"Cursed Tome","floor":30,"gold_loss":0}],"is_beta":false,"boss_relics":[{"not_picked":["Empty Cage","Pandora\u0027s Box"],"picked":"Astrolabe"}],"items_purged_floors":[],"is_endless":false,"potions_floor_spawned":[1,3,14,16,18,21,22,25],"killed_by":"Collector","ascension_level":2}}