{"host":"df48i9djcn92c5sx","time":1614086129,"event":{"mods":["Act Like it!","Arknights","BaseMod","Decade(王小明)","Downfall","Gensokyo","Marisa（F雨　魔理沙）","Minty Spire (QoL Compilation)","READ ME - Guardian Mod","READ ME - Snecko Mod","Reimu（博丽灵梦）","Remilia（蕾米莉亚）","Shop Mod","StSLib","The Jungle","The Servant 0.9.4"],"gold_per_floor":[119,119,135,147,147,147,180,47,47,47,47,47,64,90,90,139,139,130,130,147,162,0,0,35,35,35,46,46,46,46,46,46,43,43],"floor_reached":33,"language":"ZHS","playtime":930,"items_purged":["Strike_B"],"score":470,"play_id":"292c6c88-d809-4ccc-aeb2-574a9320996d","local_time":"20210223211529","is_ascension_mode":true,"campfire_choices":[{"data":"Buffer","floor":6.0,"key":"SMITH"},{"data":"Beam Cell","floor":10.0,"key":"SMITH"},{"data":"Streamline","floor":12.0,"key":"SMITH"},{"data":"Creative AI","floor":15.0,"key":"SMITH"},{"data":"Seek","floor":23.0,"key":"SMITH"},{"data":"Rip and Tear","floor":25.0,"key":"SMITH"},{"floor":30.0,"key":"REST"},{"floor":32.0,"key":"REST"}],"circlet_count":0,"master_deck":["AscendersBane","Defend_B+1","Defend_B+1","Defend_B+1","Defend_B+1","Zap","Dualcast","Streamline+1","Rip and Tear+1","Buffer+1","FTL","Hologram","Beam Cell+1","Creative AI+1","Seek+1","Auto Shields+1","Go for the Eyes+1","Cold Snap+1","Rebound","Leap"],"relics":["Cracked Core","NeowsBlessing","White Beast Statue","YidongShenshe:ReiMu","Bronze Scales","Astrolabe","Juzu Bracelet","Guardian:GemstoneGun","Emotion Chip"],"acts_visited":["Exordium","TheCity"],"potions_floor_usage":[33],"damage_taken":[{"damage":0.0,"enemies":"Small Slimes","floor":1.0,"turns":1.0},{"damage":0.0,"enemies":"Cultist","floor":3.0,"turns":1.0},{"damage":0.0,"enemies":"Jaw Worm","floor":4.0,"turns":1.0},{"damage":20.0,"enemies":"3 Sentries","floor":7.0,"turns":7.0},{"damage":0.0,"enemies":"Looter","floor":13.0,"turns":1.0},{"damage":31.0,"enemies":"Hexaghost","floor":16.0,"turns":8.0},{"damage":7.0,"enemies":"Shell Parasite","floor":18.0,"turns":4.0},{"damage":0.0,"enemies":"3 Byrds","floor":20.0,"turns":3.0},{"damage":12.0,"enemies":"Shelled Parasite and Fungi","floor":21.0,"turns":7.0},{"damage":35.0,"enemies":"Gremlin Leader","floor":24.0,"turns":7.0},{"damage":0.0,"enemies":"Snecko","floor":27.0,"turns":5.0},{"damage":55,"enemies":"Automaton","floor":33,"turns":10}],"seed_played":"1339260639379235093","potions_obtained":[{"floor":1.0,"key":"AttackPotion"},{"floor":13.0,"key":"AttackPotion"},{"floor":16.0,"key":"ColorlessPotion"},{"floor":18.0,"key":"LiquidBronze"},{"floor":20.0,"key":"SteroidPotion"},{"floor":21.0,"key":"Fire Potion"},{"floor":24.0,"key":"Weak Potion"}],"is_trial":false,"path_per_floor":["M","?","M","M","?","R","E","$","T","R","?","R","M","T","R","B",null,"M","?","M","M","$","R","E","R","T","M","?","$","R","?","R","B"],"character_chosen":"DEFECT","items_purchased":["Beam Cell","Juzu Bracelet"],"campfire_rested":2,"item_purchase_floors":[8,22],"current_hp_per_floor":[64,64,64,64,69,69,49,49,49,49,49,49,49,49,49,18,62,55,55,55,43,43,43,8,8,8,8,8,8,30,30,52,0,0],"gold":43,"neow_bonus":"THREE_ENEMY_KILL","is_daily":false,"chose_seed":false,"campfire_upgraded":6,"win_rate":0.0,"timestamp":1614086129,"path_taken":["M","?","?","M","?","R","E","?","T","R","?","R","?","?","R","BOSS","M","?","M","?","$","R","E","R","T","M","?","$","R","?","R","BOSS"],"items_purchased_type":["Card","Relic"],"build_version":"2020-12-22","purchased_purges":1,"victory":false,"max_hp_per_floor":[71,71,71,71,76,76,76,76,76,76,76,76,76,76,76,76,76,76,76,76,76,76,76,76,76,76,76,76,76,76,76,76,76,76],"card_choices":[{"not_picked":["Heatsinks","Recycle"],"picked":"Streamline","floor":1.0},{"not_picked":["Stack","Redo","Static Discharge"],"picked":"SKIP","floor":3.0},{"not_picked":["Rip and Tear","Ball Lightning"],"picked":"FTL","floor":4.0},{"not_picked":["Cold Snap","FTL"],"picked":"Hologram","floor":7.0},{"not_picked":["Doom and Gloom","Sweeping Beam"],"picked":"Creative AI","floor":13.0},{"not_picked":["Thunder Strike","Reboot"],"picked":"Seek","floor":16.0},{"not_picked":["Turbo","Leap"],"picked":"Rebound","floor":18.0},{"not_picked":["Lockon","Beam Cell","Hello World"],"picked":"SKIP","floor":20.0},{"not_picked":["Rebound","FTL"],"picked":"Leap","floor":21.0},{"not_picked":["Scrape","Undo","Recycle"],"picked":"SKIP","floor":24.0},{"not_picked":["Cold Snap","Doom and Gloom","Leap"],"picked":"SKIP","floor":27.0}],"player_experience":1621222,"relics_obtained":[{"floor":7.0,"key":"White Beast Statue"},{"floor":14.0,"key":"Bronze Scales"},{"floor":24.0,"key":"Guardian:GemstoneGun"},{"floor":26.0,"key":"Emotion Chip"}],"event_choices":[{"damage_healed":0.0,"max_hp_gain":0.0,"max_hp_loss":0.0,"gold_gain":0.0,"event_name":"Match and Keep!","player_choice":"2 cards matched","floor":2.0,"gold_loss":0.0,"damage_taken":0.0,"cards_obtained":["Rip and Tear","Buffer"]},{"damage_healed":0.0,"max_hp_gain":5.0,"max_hp_loss":0.0,"gold_gain":0.0,"event_name":"Big Fish","player_choice":"Donut","floor":5.0,"gold_loss":0.0,"damage_taken":0.0},{"damage_healed":0.0,"max_hp_gain":0.0,"max_hp_loss":0.0,"gold_gain":0.0,"event_name":"yidonshenshe","player_choice":"带走神社","floor":11.0,"gold_loss":0.0,"damage_taken":0.0,"relics_obtained":["YidongShenshe:ReiMu"],"cards_obtained":["Poor:ReiMu"]},{"cards_removed":["Poor:ReiMu"],"damage_healed":0.0,"max_hp_gain":0.0,"max_hp_loss":0.0,"gold_gain":0.0,"event_name":"Purifier","player_choice":"Purged","floor":19.0,"gold_loss":0.0,"damage_taken":0.0},{"damage_healed":0.0,"max_hp_gain":0.0,"max_hp_loss":0.0,"gold_gain":0.0,"event_name":"Ghosts","player_choice":"Ignored","floor":28.0,"gold_loss":0.0,"damage_taken":0.0},{"damage_healed":0.0,"max_hp_gain":0.0,"max_hp_loss":0.0,"gold_gain":0.0,"event_name":"Back to Basics","player_choice":"Simplicity","floor":31.0,"gold_loss":0.0,"damage_taken":0.0,"cards_upgraded":["Defend_B","Defend_B","Defend_B","Defend_B"]}],"is_beta":false,"boss_relics":[{"not_picked":["Empty Cage","expansioncontent:StudyCardRelic"],"picked":"Astrolabe"}],"items_purged_floors":[8],"is_endless":false,"potions_floor_spawned":[1,13,16,18,20,21,24,27],"killed_by":"Automaton","ascension_level":16}}