{"host":"ronyeowk3fr4dw6n","time":1614083800,"event":{"mods":["AchievementEnabler","BaseMod","Bestiary","Better Note","DeckTracker","Minty Spire (QoL Compilation)","Permanent Neow","Quick Restart","Relic Stats","StSLib","SuperFastMode"],"gold_per_floor":[117,128,145,145,161,161,191,219,219,239,255,330,343,360,360,460,460,475,486,486,302,302,327,3,21,21,21,46,46,79,97,97,194,194,208,225,58,73,86,86,121,121,121,121,133,148,179,189,189,189,189,189,13,42,42],"floor_reached":56,"language":"ENG","playtime":4103,"items_purged":["Strike_B"],"score":1693,"play_id":"2dbb9a42-61d2-486a-9c37-d6ac23623a54","local_time":"20210223193640","is_ascension_mode":true,"campfire_choices":[{"data":"Cold Snap","floor":6.0,"key":"SMITH"},{"floor":15.0,"key":"DIG"},{"data":"Self Repair","floor":27,"key":"SMITH"},{"data":"Go for the Eyes","floor":32,"key":"SMITH"},{"floor":40,"key":"DIG"},{"floor":42,"key":"DIG"},{"floor":44,"key":"DIG"},{"floor":49,"key":"RECALL"},{"floor":52,"key":"DIG"}],"circlet_count":0,"master_deck":["Strike_B+1","Defend_B","Defend_B","Defend_B+1","Zap","Dualcast","Cold Snap+1","Hologram","Core Surge","Rebound","Auto Shields","Ball Lightning","Reinforced Body","Sweeping Beam","Cold Snap","White Noise","Electrodynamics","Ball Lightning","Meteor Strike","Static Discharge","Force Field+1","Self Repair+1","Hologram","Go for the Eyes+1","Amplify","Aggregate+1","Heatsinks+1","Barrage+1","Storm","Ball Lightning","Compile Driver","Creative AI","Tempest+1","Fusion","Meteor Strike","Coolheaded+1"],"relics":["Coffee Dripper","TungstenRod","Odd Mushroom","Shovel","Letter Opener","Snecko Eye","InkBottle","Kunai","Red Mask","Dream Catcher","Astrolabe","DataDisk","Bird Faced Urn","HornCleat","PreservedInsect","The Courier","Nunchaku","Art of War","Gremlin Horn","DollysMirror","Vajra"],"acts_visited":["Exordium","TheCity","TheBeyond","TheEnding"],"potions_floor_usage":[16,23,33,33,38,41,41,50,54],"damage_taken":[{"damage":3.0,"enemies":"Small Slimes","floor":1.0,"turns":3.0},{"damage":5.0,"enemies":"2 Louse","floor":2.0,"turns":3.0},{"damage":0.0,"enemies":"Jaw Worm","floor":3.0,"turns":4.0},{"damage":1.0,"enemies":"Looter","floor":5.0,"turns":3.0},{"damage":13.0,"enemies":"Gremlin Nob","floor":7.0,"turns":4.0},{"damage":2.0,"enemies":"The Mushroom Lair","floor":8.0,"turns":5.0},{"damage":0.0,"enemies":"2 Fungi Beasts","floor":10.0,"turns":3.0},{"damage":0.0,"enemies":"3 Louse","floor":11.0,"turns":2.0},{"damage":8.0,"enemies":"Exordium Thugs","floor":13.0,"turns":4.0},{"damage":1.0,"enemies":"Exordium Wildlife","floor":14.0,"turns":2.0},{"damage":14,"enemies":"Hexaghost","floor":16,"turns":9},{"damage":0,"enemies":"3 Byrds","floor":18,"turns":2},{"damage":0,"enemies":"Shell Parasite","floor":19,"turns":3},{"damage":12,"enemies":"Book of Stabbing","floor":23,"turns":4},{"damage":5,"enemies":"Cultist and Chosen","floor":25,"turns":4},{"damage":0,"enemies":"Masked Bandits","floor":28,"turns":3},{"damage":9,"enemies":"Slavers","floor":30,"turns":3},{"damage":1,"enemies":"Snake Plant","floor":31,"turns":3},{"damage":21,"enemies":"Automaton","floor":33,"turns":10},{"damage":5,"enemies":"3 Darklings","floor":35,"turns":4},{"damage":0,"enemies":"Orb Walker","floor":36,"turns":3},{"damage":13,"enemies":"Writhing Mass","floor":38,"turns":6},{"damage":0,"enemies":"Maw","floor":39,"turns":5},{"damage":33,"enemies":"Reptomancer","floor":41,"turns":5},{"damage":0,"enemies":"Sphere and 2 Shapes","floor":45,"turns":2},{"damage":4,"enemies":"Jaw Worm Horde","floor":46,"turns":3},{"damage":0,"enemies":"Nemesis","floor":47,"turns":6},{"damage":15,"enemies":"4 Shapes","floor":48,"turns":3},{"damage":72,"enemies":"Donu and Deca","floor":50,"turns":9},{"damage":10,"enemies":"Shield and Spear","floor":54,"turns":5},{"damage":72,"enemies":"The Heart","floor":55,"turns":7}],"seed_played":"-198447629144533626","potions_obtained":[{"floor":3.0,"key":"Energy Potion"},{"floor":8.0,"key":"BlessingOfTheForge"},{"floor":10.0,"key":"Strength Potion"},{"floor":11.0,"key":"Regen Potion"},{"floor":14.0,"key":"Energy Potion"},{"floor":16,"key":"DuplicationPotion"},{"floor":25,"key":"LiquidMemories"},{"floor":33,"key":"Weak Potion"},{"floor":36,"key":"LiquidMemories"},{"floor":47,"key":"SkillPotion"}],"is_trial":false,"path_per_floor":["M","M","M","?","M","R","E","?","T","M","M","?","M","M","R","B",null,"M","M","?","$","?","E","$","M","T","R","?","$","E","M","R","B",null,"M","M","$","M","M","R","E","R","T","R","M","M","E","M","R","B",null,"R","$","E","B",null],"character_chosen":"DEFECT","items_purchased":["Static Discharge","Regen Potion","Self Repair","Kunai","DataDisk","Ball Lightning","DollysMirror","DistilledChaos"],"campfire_rested":0,"item_purchase_floors":[21,21,24,24,37,37,53,53],"current_hp_per_floor":[65,60,60,45,44,44,31,29,29,29,29,19,23,22,22,8,58,58,58,58,58,45,33,33,35,35,35,45,45,46,55,55,59,75,80,80,80,77,80,80,55,55,55,55,75,80,80,79,79,26,67,67,67,67,41],"gold":42,"neow_bonus":"BOSS_RELIC","is_daily":false,"chose_seed":false,"campfire_upgraded":3,"win_rate":0.0,"timestamp":1614083800,"path_taken":["M","M","M","?","M","R","E","?","T","M","M","?","M","M","R","BOSS","M","M","?","$","?","E","$","M","T","R","?","$","E","M","R","BOSS","M","M","$","M","M","R","E","R","T","R","M","M","E","M","R","BOSS","R","$","E","BOSS"],"items_purchased_type":["Card","Potion","Card","Relic","Relic","Card","Relic","Potion"],"build_version":"2020-12-22","purchased_purges":1,"victory":true,"max_hp_per_floor":[75,75,75,75,75,75,75,75,75,75,75,75,75,75,75,75,75,75,75,75,75,80,80,80,80,80,80,80,80,80,80,80,80,80,80,80,80,80,80,80,80,80,80,80,80,80,80,80,80,80,80,80,80,80,80],"relic_stats":{"Gremlin Horn":[1,1],"counters":[31,132],"Astrolabe":["Aggregate","Heatsinks","Barrage"],"PreservedInsect":127,"Letter Opener":[150],"Dream Catcher":0,"Nunchaku":[9],"Shovel":5,"Bird Faced Urn":[82],"Snecko Eye":[185,183,181,182],"Art of War":[2],"Kunai":[44],"obtain_stats":[{"Gremlin Horn":52,"Astrolabe":34,"Vajra":54,"PreservedInsect":42,"The Courier":43,"Letter Opener":15,"Odd Mushroom":8,"Dream Catcher":30,"DataDisk":37,"Nunchaku":44,"Shovel":9,"HornCleat":41,"DollysMirror":53,"Bird Faced Urn":40,"Snecko Eye":17,"Coffee Dripper":0,"Red Mask":28,"Art of War":47,"Kunai":24,"Cracked Core":0,"TungstenRod":7,"InkBottle":23},{"Gremlin Horn":29,"Astrolabe":19,"Vajra":30,"PreservedInsect":24,"The Courier":24,"Letter Opener":10,"Odd Mushroom":6,"Dream Catcher":17,"DataDisk":21,"Nunchaku":24,"Shovel":6,"HornCleat":24,"DollysMirror":29,"Bird Faced Urn":23,"Snecko Eye":11,"Coffee Dripper":0,"Red Mask":16,"Art of War":27,"Kunai":14,"Cracked Core":0,"TungstenRod":5,"InkBottle":14},{"Gremlin Horn":120,"Astrolabe":74,"Vajra":125,"PreservedInsect":97,"The Courier":97,"Letter Opener":33,"Odd Mushroom":22,"Dream Catcher":61,"DataDisk":81,"Nunchaku":97,"Shovel":22,"HornCleat":97,"DollysMirror":120,"Bird Faced Urn":92,"Snecko Eye":42,"Coffee Dripper":0,"Red Mask":58,"Art of War":108,"Kunai":51,"Cracked Core":0,"TungstenRod":17,"InkBottle":51}],"TungstenRod":69,"InkBottle":[40]},"card_choices":[{"not_picked":["Compile Driver","Coolheaded"],"picked":"Cold Snap","floor":1.0},{"not_picked":["Conserve Battery","Steam"],"picked":"Hologram","floor":2.0},{"not_picked":["Leap","Steam Power"],"picked":"Core Surge","floor":3.0},{"not_picked":["Hologram","Beam Cell"],"picked":"Rebound","floor":5.0},{"not_picked":["Streamline","Steam"],"picked":"Auto Shields","floor":7.0},{"not_picked":["Leap","Streamline"],"picked":"Ball Lightning","floor":8.0},{"not_picked":["Blizzard","Barrage"],"picked":"Reinforced Body","floor":10.0},{"not_picked":["Hyperbeam","Rebound"],"picked":"Sweeping Beam","floor":11.0},{"not_picked":["Stack","Coolheaded"],"picked":"Cold Snap","floor":13.0},{"not_picked":["Lockon","Streamline"],"picked":"White Noise","floor":14.0},{"not_picked":["Amplify","Hyperbeam"],"picked":"Electrodynamics","floor":16},{"not_picked":["Cold Snap","Redo"],"picked":"Ball Lightning","floor":18},{"not_picked":["Steam","Cold Snap+1","Ball Lightning"],"picked":"SKIP","floor":19},{"not_picked":["Electrodynamics","Loop"],"picked":"Force Field+1","floor":23},{"not_picked":["Streamline","Force Field"],"picked":"Hologram","floor":25},{"not_picked":["Leap","Barrage","Stack"],"picked":"SKIP","floor":30},{"not_picked":["White Noise","Ball Lightning"],"picked":"Go for the Eyes","floor":31},{"not_picked":["Thunder Strike","All For One"],"picked":"Amplify","floor":33},{"not_picked":["Rebound","Gash+1","Steam"],"picked":"SKIP","floor":35},{"not_picked":["Rebound+1","Tempest+1"],"picked":"Storm","floor":36},{"not_picked":["Conserve Battery","Steam+1"],"picked":"Compile Driver","floor":38},{"not_picked":["Barrage+1","Redo"],"picked":"Creative AI","floor":39},{"not_picked":["Ball Lightning","Static Discharge","Double Energy+1"],"picked":"SKIP","floor":41},{"not_picked":["Sweeping Beam","Conserve Battery+1","Redo"],"picked":"SKIP","floor":45},{"not_picked":["Streamline","Machine Learning","Barrage"],"picked":"SKIP","floor":46},{"not_picked":["Cold Snap","Steam Power+1"],"picked":"Tempest+1","floor":47},{"not_picked":["Gash","Streamline+1"],"picked":"Fusion","floor":48},{"not_picked":["Rebound+1","Chaos+1"],"picked":"Coolheaded+1","floor":54}],"player_experience":248735,"relics_obtained":[{"floor":7.0,"key":"TungstenRod"},{"floor":8.0,"key":"Odd Mushroom"},{"floor":9.0,"key":"Shovel"},{"floor":15.0,"key":"Letter Opener"},{"floor":23,"key":"InkBottle"},{"floor":28,"key":"Red Mask"},{"floor":30,"key":"Dream Catcher"},{"floor":40,"key":"Bird Faced Urn"},{"floor":41,"key":"HornCleat"},{"floor":42,"key":"PreservedInsect"},{"floor":43,"key":"The Courier"},{"floor":44,"key":"Nunchaku"},{"floor":47,"key":"Art of War"},{"floor":52,"key":"Gremlin Horn"},{"floor":54,"key":"Vajra"}],"event_choices":[{"damage_healed":0.0,"max_hp_gain":0.0,"max_hp_loss":0.0,"gold_gain":0.0,"event_name":"Shining Light","player_choice":"Entered Light","floor":4.0,"gold_loss":0.0,"damage_taken":15.0,"cards_upgraded":["Defend_B","Strike_B"]},{"damage_healed":0.0,"max_hp_gain":0.0,"max_hp_loss":0.0,"gold_gain":0.0,"event_name":"Mushrooms","player_choice":"Fought Mushrooms","floor":8.0,"gold_loss":0.0,"damage_taken":0.0},{"damage_healed":0.0,"max_hp_gain":0.0,"max_hp_loss":0.0,"gold_gain":75.0,"event_name":"World of Goop","player_choice":"Gather Gold","floor":12.0,"gold_loss":0.0,"damage_taken":11.0},{"cards_removed":["Electrodynamics"],"damage_healed":0,"gold_gain":0,"player_choice":"Take \u0026 Give","damage_taken":0,"max_hp_gain":0,"max_hp_loss":0,"event_name":"betterNote:BetterNote","floor":20,"gold_loss":0,"cards_obtained":["Meteor Strike"]},{"damage_healed":0,"gold_gain":0,"player_choice":"Shed Blood","damage_taken":19,"max_hp_gain":5,"max_hp_loss":0,"event_name":"Forgotten Altar","floor":22,"gold_loss":0},{"damage_healed":0,"gold_gain":0,"player_choice":"Fought Bandits","damage_taken":0,"max_hp_gain":0,"max_hp_loss":0,"event_name":"Masked Bandits","floor":28,"gold_loss":0}],"is_beta":false,"boss_relics":[{"not_picked":["Calling Bell","Velvet Choker"],"picked":"Snecko Eye"},{"not_picked":["Nuclear Battery","Pandora\u0027s Box"],"picked":"Astrolabe"}],"items_purged_floors":[21],"is_endless":false,"potions_floor_spawned":[3,8,10,11,14,16,25,31,33,36,47],"ascension_level":9}}