{"host":"ssahdsoo349p0ms1","time":1614056103,"event":{"mods":["AchievementEnabler","BaseMod","Colored Powertips","Filter the Spire","Minty Spire (QoL Compilation)","StSLib"],"gold_per_floor":[117,130,149,35,53,86,86,118,145,172,172,0,18,18,18,122,122,133,133,144,154,104,137,137,150,150,150,175,190,205,230,230,334,334,353,353,353,209,209,242,292,362,416,416,433,433,463,474,474,474,474,474,0,34,34],"floor_reached":56,"language":"ENG","playtime":4077,"items_purged":["Strike_B","Reprogram","Sunder"],"score":1900,"play_id":"310bd9b6-de02-40e0-907c-fc0c23b76753","local_time":"20210222225503","is_ascension_mode":true,"campfire_choices":[{"floor":7.0,"key":"REST"},{"floor":15.0,"key":"REST"},{"floor":24.0,"key":"RECALL"},{"floor":32.0,"key":"REST"}],"circlet_count":0,"master_deck":["AscendersBane","Zap","Dualcast","Doom and Gloom","Self Repair","Redo","Seek","Compile Driver","FTL","Electrodynamics","Steam","Hyperbeam","Biased Cognition","Coolheaded","Auto Shields","Amplify","Hologram+1","Genetic Algorithm","Coolheaded","Coolheaded","Loop+1","Heatsinks","Static Discharge","Buffer","Biased Cognition","Cold Snap+1","Barrage+1","Loop+1","Capacitor","Flash of Steel"],"relics":["Fusion Hammer","Blood Vial","Anchor","Bag of Preparation","Smiling Mask","Ancient Tea Set","ClockworkSouvenir","Pocketwatch","FaceOfCleric","Pandora\u0027s Box","Thread and Needle","InkBottle","Incense Burner","Juzu Bracelet","Coffee Dripper","Frozen Eye","Kunai","Unceasing Top","Omamori","Mummified Hand","Centennial Puzzle","Pear"],"acts_visited":["Exordium","TheCity","TheBeyond","TheEnding"],"potions_floor_usage":[55,55,55],"damage_taken":[{"damage":0.0,"enemies":"Cultist","floor":1.0,"turns":4.0},{"damage":4.0,"enemies":"2 Louse","floor":2.0,"turns":3.0},{"damage":1.0,"enemies":"Jaw Worm","floor":3.0,"turns":4.0},{"damage":14.0,"enemies":"3 Louse","floor":5.0,"turns":4.0},{"damage":25.0,"enemies":"Lagavulin","floor":6.0,"turns":5.0},{"damage":22.0,"enemies":"Gremlin Nob","floor":8.0,"turns":4.0},{"damage":10.0,"enemies":"Lagavulin","floor":10.0,"turns":5.0},{"damage":3.0,"enemies":"Blue Slaver","floor":13.0,"turns":4.0},{"damage":25.0,"enemies":"The Guardian","floor":16.0,"turns":9.0},{"damage":2.0,"enemies":"3 Byrds","floor":18.0,"turns":2.0},{"damage":8.0,"enemies":"Shell Parasite","floor":20.0,"turns":5.0},{"damage":1.0,"enemies":"Centurion and Healer","floor":21.0,"turns":4.0},{"damage":4.0,"enemies":"Book of Stabbing","floor":23.0,"turns":8.0},{"damage":0.0,"enemies":"Snake Plant","floor":25.0,"turns":3.0},{"damage":8.0,"enemies":"Gremlin Leader","floor":28.0,"turns":6.0},{"damage":0.0,"enemies":"Shelled Parasite and Fungi","floor":29.0,"turns":5.0},{"damage":0.0,"enemies":"Centurion and Healer","floor":30.0,"turns":11.0},{"damage":0.0,"enemies":"Book of Stabbing","floor":31.0,"turns":5.0},{"damage":0.0,"enemies":"Automaton","floor":33.0,"turns":12.0},{"damage":3.0,"enemies":"3 Darklings","floor":35.0,"turns":3.0},{"damage":0.0,"enemies":"Nemesis","floor":40.0,"turns":11.0},{"damage":0.0,"enemies":"Mind Bloom Boss Battle","floor":41.0,"turns":9.0},{"damage":0.0,"enemies":"3 Shapes","floor":45.0,"turns":4.0},{"damage":8.0,"enemies":"Reptomancer","floor":47.0,"turns":5.0},{"damage":0.0,"enemies":"Spire Growth","floor":48.0,"turns":5.0},{"damage":11.0,"enemies":"Awakened One","floor":50.0,"turns":15.0},{"damage":25,"enemies":"Shield and Spear","floor":54,"turns":5},{"damage":34,"enemies":"The Heart","floor":55,"turns":12}],"seed_played":"-3092330817730692731","potions_obtained":[{"floor":2.0,"key":"SneckoOil"},{"floor":3.0,"key":"PotionOfCapacity"},{"floor":5.0,"key":"LiquidMemories"},{"floor":16.0,"key":"SpeedPotion"},{"floor":21.0,"key":"PotionOfCapacity"},{"floor":23.0,"key":"FocusPotion"},{"floor":28.0,"key":"Fire Potion"},{"floor":31.0,"key":"GamblersBrew"},{"floor":33.0,"key":"SmokeBomb"},{"floor":35.0,"key":"Explosive Potion"},{"floor":41.0,"key":"DuplicationPotion"}],"is_trial":false,"path_per_floor":["M","M","M","$","M","E","R","E","T","E","?","$","M","?","R","B",null,"M","?","M","M","$","E","R","M","T","?","E","M","M","E","R","B",null,"M","$","?","$","?","E","?","T","T","$","M","?","E","M","R","B",null,"R","$","E","B",null],"character_chosen":"DEFECT","items_purchased":["Self Repair","ClockworkSouvenir","Pocketwatch","Frozen Eye","Capacitor","Centennial Puzzle","FocusPotion","Dexterity Potion","Flash of Steel"],"campfire_rested":3,"item_purchase_floors":[4,12,12,38,53,53,53,53,53],"current_hp_per_floor":[68,64,63,63,56,38,60,47,47,46,13,13,19,19,41,26,64,72,72,78,78,78,80,80,81,81,81,82,83,84,85,85,86,86,84,84,84,84,83,84,85,85,85,85,86,86,79,82,82,81,87,87,87,82,58],"gold":34,"neow_bonus":"BOSS_RELIC","is_daily":false,"chose_seed":false,"campfire_upgraded":0,"win_rate":0.0,"timestamp":1614056103,"path_taken":["M","M","M","$","M","E","R","E","T","E","?","$","M","?","R","BOSS","M","?","M","M","$","E","R","M","T","?","E","M","M","E","R","BOSS","M","$","?","$","?","E","?","?","T","$","M","?","E","M","R","BOSS","R","$","E","BOSS"],"items_purchased_type":["Card","Relic","Relic","Relic","Card","Relic","Potion","Potion","Card"],"build_version":"2020-12-22","purchased_purges":3,"victory":true,"max_hp_per_floor":[75,75,75,75,75,75,75,75,75,75,75,75,75,75,75,76,76,77,77,78,79,79,80,80,81,81,81,82,83,84,85,85,86,86,87,87,87,87,83,84,85,85,85,85,86,86,87,88,88,89,89,89,89,100,101],"card_choices":[{"not_picked":["Stack","Barrage","Hologram"],"picked":"SKIP","floor":1.0},{"not_picked":["Redo","Loop"],"picked":"Sweeping Beam","floor":2.0},{"not_picked":["Coolheaded","Steam"],"picked":"Doom and Gloom","floor":3.0},{"not_picked":["Stack","Turbo"],"picked":"Redo","floor":5.0},{"not_picked":["Static Discharge","Compile Driver"],"picked":"Seek","floor":6.0},{"not_picked":["Leap","FTL"],"picked":"Compile Driver","floor":8.0},{"not_picked":["Redo","Hologram"],"picked":"FTL","floor":10.0},{"not_picked":["Steam","FTL","Sweeping Beam"],"picked":"SKIP","floor":13.0},{"not_picked":["All For One","Creative AI"],"picked":"Electrodynamics","floor":16.0},{"not_picked":["Streamline","Doom and Gloom"],"picked":"Hologram+1","floor":18.0},{"not_picked":["Steam Power","Heatsinks"],"picked":"Genetic Algorithm","floor":20.0},{"not_picked":["Barrage","Gash"],"picked":"Coolheaded","floor":21.0},{"not_picked":["Stack","Fusion"],"picked":"Coolheaded","floor":23.0},{"not_picked":["Chaos","Steam"],"picked":"Loop+1","floor":25.0},{"not_picked":["Fusion","Double Energy"],"picked":"Heatsinks","floor":28.0},{"not_picked":["Chill","Sweeping Beam"],"picked":"Static Discharge","floor":29.0},{"not_picked":["Gash","Leap"],"picked":"Sunder","floor":30.0},{"not_picked":["Hologram","Steam"],"picked":"Buffer","floor":31.0},{"not_picked":["Machine Learning","Buffer"],"picked":"Biased Cognition","floor":33.0},{"not_picked":["Stack","Fusion","Rebound+1"],"picked":"SKIP","floor":35.0},{"not_picked":["Electrodynamics","Turbo+1"],"picked":"Cold Snap+1","floor":40.0},{"not_picked":["Coolheaded+1","Self Repair+1"],"picked":"Barrage+1","floor":41.0},{"not_picked":["Hologram+1","Coolheaded","Ball Lightning"],"picked":"SKIP","floor":45.0},{"not_picked":["Sweeping Beam+1","Steam Power+1","Rip and Tear"],"picked":"SKIP","floor":47.0},{"not_picked":["Sweeping Beam","Stack+1","Gash+1"],"picked":"SKIP","floor":48.0},{"not_picked":["Go for the Eyes","Stack+1","Turbo+1"],"picked":"SKIP","floor":54}],"player_experience":623248,"relics_obtained":[{"floor":6.0,"key":"Blood Vial"},{"floor":8.0,"key":"Anchor"},{"floor":9.0,"key":"Bag of Preparation"},{"floor":10.0,"key":"Smiling Mask"},{"floor":23.0,"key":"Thread and Needle"},{"floor":26.0,"key":"InkBottle"},{"floor":28.0,"key":"Incense Burner"},{"floor":31.0,"key":"Juzu Bracelet"},{"floor":40.0,"key":"Kunai"},{"floor":41.0,"key":"Unceasing Top"},{"floor":43.0,"key":"Omamori"},{"floor":47.0,"key":"Mummified Hand"},{"floor":54,"key":"Pear"}],"event_choices":[{"damage_healed":0.0,"max_hp_gain":0.0,"max_hp_loss":0.0,"gold_gain":0.0,"event_name":"Scrap Ooze","player_choice":"Success","floor":11.0,"gold_loss":0.0,"damage_taken":33.0,"relics_obtained":["Ancient Tea Set"]},{"damage_healed":0.0,"max_hp_gain":0.0,"max_hp_loss":0.0,"gold_gain":0.0,"event_name":"FaceTrader","player_choice":"Trade","floor":14.0,"gold_loss":0.0,"damage_taken":0.0,"relics_obtained":["FaceOfCleric"]},{"damage_healed":0.0,"max_hp_gain":0.0,"max_hp_loss":0.0,"gold_gain":0.0,"event_name":"Beggar","player_choice":"Ignored","floor":19.0,"gold_loss":0.0,"damage_taken":0.0},{"cards_removed":["Sweeping Beam"],"damage_healed":0.0,"max_hp_gain":0.0,"max_hp_loss":0.0,"gold_gain":0.0,"event_name":"Back to Basics","player_choice":"Elegance","floor":27.0,"gold_loss":0.0,"damage_taken":0.0},{"damage_healed":0.0,"max_hp_gain":0.0,"max_hp_loss":0.0,"gold_gain":0.0,"event_name":"Tomb of Lord Red Mask","player_choice":"Ignored","floor":37.0,"gold_loss":0.0,"damage_taken":0.0},{"damage_healed":0.0,"max_hp_gain":0.0,"max_hp_loss":4.0,"gold_gain":0.0,"event_name":"Winding Halls","player_choice":"Max HP","floor":39.0,"gold_loss":0.0,"damage_taken":0.0},{"damage_healed":0.0,"max_hp_gain":0.0,"max_hp_loss":0.0,"gold_gain":0.0,"event_name":"MindBloom","player_choice":"Fight","floor":41.0,"gold_loss":0.0,"damage_taken":0.0},{"damage_healed":0.0,"max_hp_gain":0.0,"max_hp_loss":0.0,"gold_gain":0.0,"event_name":"Duplicator","player_choice":"Copied","floor":46.0,"gold_loss":0.0,"damage_taken":0.0,"cards_obtained":["Loop"]}],"is_beta":false,"boss_relics":[{"not_picked":["SlaversCollar","Philosopher\u0027s Stone"],"picked":"Pandora\u0027s Box"},{"not_picked":["Snecko Eye","Nuclear Battery"],"picked":"Coffee Dripper"}],"items_purged_floors":[4,22,53],"is_endless":false,"potions_floor_spawned":[2,3,5,16,21,23,28,31,33,35,41],"ascension_level":10}}