{"host":"gl5rgsfncjl28cj1","time":1614046777,"event":{"mods":["Act Like it!","BaseMod","Colored Map","Highlight Path","Minty Spire (QoL Compilation)","Permanent Neow","Ruina","StSLib"],"gold_per_floor":[113,127,51,65,75,75,86,113,113,113,38,53,53,70,70,174,224,240,190,210,227,227,227,238,238,238,238,238,43,43,54,54,158,158,172,172,186,205,224,224,224,224,224,43,59,73,30,41,41,41],"floor_reached":51,"language":"KOR","playtime":2325,"items_purged":["Strike_G","Defend_G"],"score":553,"play_id":"47fcf7e5-8ffc-47ee-bf27-a6bb758a233e","local_time":"20210223111937","is_ascension_mode":false,"campfire_choices":[{"data":"Blade Dance","floor":6,"key":"SMITH"},{"data":"Acrobatics","floor":10,"key":"SMITH"},{"data":"A Thousand Cuts","floor":15,"key":"SMITH"},{"floor":23,"key":"REST"},{"floor":25,"key":"REST"},{"data":"Cloak And Dagger","floor":28,"key":"SMITH"},{"data":"Clumsy","floor":32,"key":"PURGE"},{"data":"Defend_G","floor":40,"key":"PURGE"},{"data":"Defend_G","floor":42,"key":"PURGE"},{"data":"Dagger Spray","floor":49,"key":"PURGE"}],"circlet_count":0,"master_deck":["Strike_G+1","Survivor","Terror","Blade Dance+1","Accuracy","Blur","Acrobatics+1","A Thousand Cuts+1","Corpse Explosion","Backflip","Cloak And Dagger+1","Acrobatics+1","Adrenaline","Blade Dance+1","Apotheosis","Accuracy","Deflect+1","Tactician+1","Prepared","Burst"],"relics":["Empty Cage","Toy Ornithopter","Peace Pipe","Tiny House","ruina:FalsePresent","The Courier","Ninja Scroll","Lee\u0027s Waffle","Sozu","Bag of Preparation"],"acts_visited":["Exordium","Exordium","TheBeyond"],"potions_floor_usage":[8,12,16,18,21,33],"damage_taken":[{"damage":3,"enemies":"Jaw Worm","floor":1,"turns":6},{"damage":3,"enemies":"2 Louse","floor":2,"turns":4},{"damage":5,"enemies":"Small Slimes","floor":4,"turns":4},{"damage":0,"enemies":"Blue Slaver","floor":5,"turns":4},{"damage":9,"enemies":"Exordium Wildlife","floor":7,"turns":4},{"damage":3,"enemies":"Lagavulin","floor":8,"turns":6},{"damage":0,"enemies":"Lots of Slimes","floor":12,"turns":2},{"damage":1,"enemies":"Exordium Thugs","floor":14,"turns":4},{"damage":7,"enemies":"Hexaghost","floor":16,"turns":9},{"damage":19,"enemies":"ruina:3_Bats","floor":18,"turns":3},{"damage":24,"enemies":"ruina:BadWolf","floor":20,"turns":6},{"damage":16,"enemies":"ruina:Woodsman","floor":21,"turns":6},{"damage":54,"enemies":"ruina:3_Scarecrows","floor":24,"turns":5},{"damage":0,"enemies":"ruina:QueenOfHate","floor":31,"turns":3},{"damage":40,"enemies":"ruina:Ozma","floor":33,"turns":10},{"damage":3,"enemies":"3 Darklings","floor":35,"turns":2},{"damage":2,"enemies":"3 Shapes","floor":37,"turns":5},{"damage":4,"enemies":"Maw","floor":38,"turns":7},{"damage":0,"enemies":"Transient","floor":39,"turns":5},{"damage":12,"enemies":"Writhing Mass","floor":45,"turns":3},{"damage":0,"enemies":"Sphere and 2 Shapes","floor":46,"turns":2},{"damage":0,"enemies":"3 Darklings","floor":48,"turns":1},{"damage":29,"enemies":"Awakened One","floor":50,"turns":9}],"seed_played":"202711969129736863","potions_obtained":[{"floor":1,"key":"ColorlessPotion"},{"floor":5,"key":"SkillPotion"},{"floor":7,"key":"AttackPotion"},{"floor":14,"key":"BlessingOfTheForge"},{"floor":17,"key":"FairyPotion"},{"floor":18,"key":"GamblersBrew"},{"floor":19,"key":"GhostInAJar"},{"floor":20,"key":"BlessingOfTheForge"},{"floor":24,"key":"Explosive Potion"}],"is_trial":false,"path_per_floor":["M","M","$","M","M","R","M","E","T","R","$","M","?","M","R","B",null,"M","?","M","M","?","R","M","R","T","T","R","$","?","M","R","B",null,"M","?","M","M","M","R","?","R","T","$","M","M","$","M","R","B",null],"character_chosen":"THE_SILENT","items_purchased":["Accuracy","Lee\u0027s Waffle","Apotheosis","Accuracy","Prepared"],"campfire_rested":2,"item_purchase_floors":[3,29,44,44,47],"current_hp_per_floor":[67,64,64,59,59,59,50,47,47,47,47,52,45,44,44,42,75,56,52,28,17,17,38,6,27,27,27,27,77,77,77,77,37,77,74,74,72,68,68,68,68,68,68,68,56,56,56,56,56,27],"gold":41,"neow_bonus":"BOSS_RELIC","is_daily":false,"chose_seed":false,"campfire_upgraded":4,"win_rate":0.0,"timestamp":1614046777,"path_taken":["M","M","$","M","M","R","M","E","T","R","$","M","?","M","R","BOSS","M","?","M","M","?","R","M","R","T","?","R","$","?","M","R","BOSS","M","?","M","M","M","R","?","R","T","$","?","M","?","M","R","BOSS"],"items_purchased_type":["Card","Relic","Card","Card","Card"],"build_version":"2020-12-22","purchased_purges":2,"victory":true,"max_hp_per_floor":[70,70,70,70,70,70,70,70,70,70,70,70,70,70,70,70,75,75,70,70,70,70,70,70,70,70,70,70,77,77,77,77,77,77,77,77,77,77,77,77,77,77,77,77,77,77,77,77,77,77],"card_choices":[{"not_picked":["Bane","Outmaneuver"],"picked":"Terror","floor":1},{"not_picked":["Quick Slash","Dodge and Roll"],"picked":"Blade Dance","floor":2},{"not_picked":["Setup","Blade Dance"],"picked":"Dagger Spray","floor":4},{"not_picked":["Outmaneuver","Cloak And Dagger"],"picked":"Blur","floor":5},{"not_picked":["Prepared","Expertise"],"picked":"Acrobatics","floor":7},{"not_picked":["Deflect","Wraith Form v2"],"picked":"A Thousand Cuts","floor":8},{"not_picked":["Acrobatics","Quick Slash","Backstab"],"picked":"SKIP","floor":12},{"not_picked":["Deflect","Underhanded Strike","Flying Knee"],"picked":"SKIP","floor":14},{"not_picked":["Adrenaline","Night Terror"],"picked":"Corpse Explosion","floor":16},{"not_picked":["Quick Slash","Bane"],"picked":"Backflip","floor":18},{"not_picked":["Outmaneuver","Caltrops","Backflip"],"picked":"SKIP","floor":20},{"not_picked":["Outmaneuver","Flying Knee+1"],"picked":"Cloak And Dagger","floor":21},{"not_picked":["Accuracy","Expertise"],"picked":"Acrobatics+1","floor":24},{"not_picked":["Acrobatics","Distraction","Riddle With Holes"],"picked":"SKIP","floor":31},{"not_picked":["Storm of Steel","Corpse Explosion"],"picked":"Adrenaline","floor":33},{"not_picked":["Terror+1","Slice+1","All Out Attack"],"picked":"SKIP","floor":35},{"not_picked":["Setup+1","Dagger Spray","Backflip+1"],"picked":"SKIP","floor":37},{"not_picked":["Poisoned Stab+1","Quick Slash"],"picked":"Blade Dance+1","floor":38},{"not_picked":["Blade Dance+1","Quick Slash+1","Backflip"],"picked":"SKIP","floor":39},{"not_picked":["Dash+1","Concentrate","Deflect+1"],"picked":"SKIP","floor":45},{"not_picked":["Dash+1","Concentrate"],"picked":"Deflect+1","floor":45},{"not_picked":["Dodge and Roll+1","Crippling Poison"],"picked":"Tactician+1","floor":46},{"not_picked":["Dagger Throw","Dodge and Roll+1"],"picked":"Burst","floor":48}],"player_experience":1050679,"relics_obtained":[{"floor":8,"key":"Toy Ornithopter"},{"floor":9,"key":"Peace Pipe"},{"floor":26,"key":"The Courier"},{"floor":27,"key":"Ninja Scroll"},{"floor":43,"key":"Bag of Preparation"}],"event_choices":[{"cards_removed":["Strike_G"],"damage_healed":0,"gold_gain":0,"player_choice":"Card Removal","damage_taken":7,"max_hp_gain":0,"max_hp_loss":0,"event_name":"Golden Wing","floor":13,"gold_loss":0},{"damage_healed":0,"gold_gain":0,"player_choice":"Memory 1","damage_taken":0,"max_hp_gain":0,"max_hp_loss":0,"event_name":"SensoryStone","floor":36,"gold_loss":0},{"cards_removed":["Neutralize"],"damage_healed":0,"gold_gain":0,"player_choice":"Removed Attack","damage_taken":0,"max_hp_gain":0,"max_hp_loss":0,"event_name":"Falling","floor":41,"gold_loss":0}],"is_beta":false,"boss_relics":[{"not_picked":["Busted Crown","Black Star"],"picked":"Tiny House"},{"not_picked":["HoveringKite","Calling Bell"],"picked":"Sozu"}],"items_purged_floors":[11,29],"is_endless":false,"potions_floor_spawned":[1,5,7,14,18,20,24,35,37,45,48],"ascension_level":0}}