{"host":"dyzdf8svqmiivg97","time":1614078519,"event":{"mods":["AchievementEnabler","BaseMod","Colored Map","DeckTracker","Minty Spire (QoL Compilation)","Quick Restart","Rare Cards Sparkle","SuperFastMode"],"gold_per_floor":[153,367,221,237,85,85,115,48,65,65,95,95,123,123,148,148,222,222,238,288,238,313,325,325,119,145,199,232,3,37,87,151,151,222,222,234,304,117,132,207,235,235,265,265,90,118,132,144,194,194,194,194,194,94,124,124],"floor_reached":56,"language":"KOR","playtime":1642,"items_purged":["Strike_P","Strike_P","Strike_P","Defend_P","Defend_P"],"score":2251,"play_id":"5e57baf5-de05-4c0c-842c-fa2bff8b4133","local_time":"20210223200839","is_ascension_mode":true,"campfire_choices":[{"floor":11.0,"key":"REST"},{"data":"Eruption","floor":13.0,"key":"SMITH"},{"data":"Adaptation","floor":15.0,"key":"SMITH"},{"data":"WheelKick","floor":23.0,"key":"SMITH"},{"data":"MentalFortress","floor":32.0,"key":"SMITH"},{"data":"Adaptation","floor":41,"key":"SMITH"},{"floor":49,"key":"RECALL"},{"data":"TalkToTheHand","floor":52,"key":"SMITH"}],"circlet_count":0,"master_deck":["AscendersBane","Eruption+1","Vigilance","Tantrum","Adaptation+1","TalkToTheHand+1","WheelKick+1","DeusExMachina","Adaptation+1","MentalFortress+1","InnerPeace","MentalFortress+1","FearNoEvil","Ragnarok"],"relics":["PureWater","Vajra","SsserpentHead","Yang","Nunchaku","Incense Burner","Sundial","Akabeko","Runic Pyramid","Tiny Chest","Calipers","PreservedInsect","Art of War","Happy Flower","Empty Cage","DollysMirror","Juzu Bracelet","Omamori","Question Card","TungstenRod","InkBottle"],"acts_visited":["Exordium","TheCity","TheBeyond","TheEnding"],"potions_floor_usage":[45,45,50,55,55],"damage_taken":[{"damage":0.0,"enemies":"Small Slimes","floor":1.0,"turns":2.0},{"damage":0.0,"enemies":"Cultist","floor":3.0,"turns":2.0},{"damage":29.0,"enemies":"Gremlin Nob","floor":6.0,"turns":3.0},{"damage":0.0,"enemies":"Jaw Worm","floor":8.0,"turns":1.0},{"damage":11.0,"enemies":"Lagavulin","floor":10.0,"turns":5.0},{"damage":20.0,"enemies":"3 Sentries","floor":12.0,"turns":4.0},{"damage":0.0,"enemies":"Lagavulin","floor":14.0,"turns":5.0},{"damage":4.0,"enemies":"Hexaghost","floor":16.0,"turns":6.0},{"damage":0.0,"enemies":"Chosen","floor":18.0,"turns":2.0},{"damage":0.0,"enemies":"Shell Parasite","floor":22.0,"turns":2.0},{"damage":5.0,"enemies":"Book of Stabbing","floor":25.0,"turns":3.0},{"damage":0.0,"enemies":"Gremlin Leader","floor":27.0,"turns":3.0},{"damage":19.0,"enemies":"Slavers","floor":29.0,"turns":3.0},{"damage":0.0,"enemies":"Snecko","floor":31.0,"turns":4.0},{"damage":39,"enemies":"Collector","floor":33,"turns":4},{"damage":0,"enemies":"3 Shapes","floor":35,"turns":2},{"damage":0,"enemies":"Orb Walker","floor":36,"turns":2},{"damage":0,"enemies":"Writhing Mass","floor":38,"turns":3},{"damage":0,"enemies":"Reptomancer","floor":40,"turns":3},{"damage":0,"enemies":"Giant Head","floor":42,"turns":3},{"damage":0,"enemies":"Nemesis","floor":45,"turns":2},{"damage":0,"enemies":"Spire Growth","floor":46,"turns":2},{"damage":0,"enemies":"3 Darklings","floor":47,"turns":2},{"damage":5,"enemies":"Time Eater","floor":50,"turns":4},{"damage":0,"enemies":"Shield and Spear","floor":54,"turns":3},{"damage":12,"enemies":"The Heart","floor":55,"turns":5}],"seed_played":"7357002243482651257","potions_obtained":[{"floor":3.0,"key":"FairyPotion"},{"floor":12.0,"key":"Energy Potion"},{"floor":14.0,"key":"SkillPotion"},{"floor":16.0,"key":"FearPotion"},{"floor":22.0,"key":"ColorlessPotion"},{"floor":25.0,"key":"Fruit Juice"},{"floor":33,"key":"Dexterity Potion"},{"floor":36,"key":"BottledMiracle"},{"floor":38,"key":"DistilledChaos"},{"floor":45,"key":"Fire Potion"},{"floor":46,"key":"SkillPotion"},{"floor":47,"key":"GamblersBrew"}],"is_trial":false,"path_per_floor":["M","$","M","$","?","E","$","M","T","E","R","E","R","E","R","B",null,"M","?","$","T","M","R","$","E","T","E","$","E","$","M","R","B",null,"M","M","$","M","T","E","R","E","T","$","E","M","M","?","R","B",null,"R","$","E","B",null],"character_chosen":"WATCHER","items_purchased":["Tantrum","Vajra","Adaptation","Adaptation","InnerPeace","DollysMirror","FearNoEvil","CultistPotion"],"campfire_rested":1,"item_purchase_floors":[2,4,7,24,28,37,37,53],"current_hp_per_floor":[1,65,65,65,65,65,36,36,36,36,25,44,24,24,24,24,20,54,54,54,54,54,54,54,54,49,49,49,49,30,30,30,30,19,54,54,54,54,54,54,54,54,54,54,54,54,54,54,54,54,49,61,61,61,61,49],"gold":124,"neow_bonus":"TWO_FIFTY_GOLD","is_daily":false,"chose_seed":false,"campfire_upgraded":6,"win_rate":0.0,"timestamp":1614078519,"path_taken":["M","$","M","$","?","E","$","M","T","E","R","E","R","E","R","BOSS","M","?","?","?","M","R","$","E","T","E","$","E","?","?","R","BOSS","M","?","$","M","?","E","R","E","T","$","E","M","M","?","R","BOSS","R","$","E","BOSS"],"items_purchased_type":["Card","Relic","Card","Card","Card","Relic","Card","Potion"],"build_version":"2020-12-22","purchased_purges":5,"victory":true,"max_hp_per_floor":[72,65,65,65,65,65,65,65,65,65,65,65,65,65,65,65,65,65,65,65,65,65,65,65,65,65,65,65,65,65,65,65,65,65,65,65,65,65,65,65,65,65,65,65,65,65,65,65,65,65,65,65,65,65,65,65],"card_choices":[{"not_picked":["CutThroughFate","EmptyBody","ThirdEye"],"picked":"SKIP","floor":1.0},{"not_picked":["ClearTheMind","Swivel","PathToVictory"],"picked":"SKIP","floor":3.0},{"not_picked":["Worship","ClearTheMind"],"picked":"EmptyFist","floor":6.0},{"not_picked":["Evaluate","CutThroughFate"],"picked":"TalkToTheHand","floor":8.0},{"not_picked":["FlyingSleeves","Fasting2"],"picked":"WheelKick","floor":10.0},{"not_picked":["ThirdEye","EmptyFist","Tantrum"],"picked":"SKIP","floor":12.0},{"not_picked":["Study","EmptyFist","ConjureBlade"],"picked":"SKIP","floor":14.0},{"not_picked":["Wish","Alpha"],"picked":"DeusExMachina","floor":16.0},{"not_picked":["PathToVictory","CarveReality+1","Protect"],"picked":"SKIP","floor":18.0},{"not_picked":["PathToVictory","FlyingSleeves","ClearTheMind"],"picked":"SKIP","floor":22.0},{"not_picked":["ThirdEye","Evaluate"],"picked":"MentalFortress","floor":25.0},{"not_picked":["EmptyMind+1","ClearTheMind","Nirvana"],"picked":"SKIP","floor":27.0},{"not_picked":["TalkToTheHand+1","Meditate","Judgement"],"picked":"SKIP","floor":29.0},{"not_picked":["Halt","EmptyFist","EmptyBody"],"picked":"SKIP","floor":31.0},{"not_picked":["FlurryOfBlows+1","CrushJoints","SashWhip+1"],"picked":"SKIP","floor":35},{"not_picked":["SignatureMove","EmptyFist","JustLucky"],"picked":"SKIP","floor":36},{"not_picked":["Wireheading","Crescendo","BowlingBash"],"picked":"SKIP","floor":38},{"not_picked":["Perseverance","Halt+1","FollowUp"],"picked":"SKIP","floor":40},{"not_picked":["CarveReality","ThirdEye","Evaluate"],"picked":"SKIP","floor":42},{"not_picked":["Perseverance","JustLucky","TalkToTheHand","CrushJoints"],"picked":"SKIP","floor":45},{"not_picked":["FlurryOfBlows","ClearTheMind","BowlingBash+1","ThirdEye"],"picked":"SKIP","floor":46},{"not_picked":["Sanctity","EmptyBody","WindmillStrike","ClearTheMind+1"],"picked":"SKIP","floor":47},{"not_picked":["Swivel","WindmillStrike","DevaForm","InnerPeace"],"picked":"SKIP","floor":54}],"player_experience":598540,"relics_obtained":[{"floor":6.0,"key":"Yang"},{"floor":9.0,"key":"Nunchaku"},{"floor":10.0,"key":"Incense Burner"},{"floor":12.0,"key":"Sundial"},{"floor":14.0,"key":"Akabeko"},{"floor":21.0,"key":"Tiny Chest"},{"floor":25.0,"key":"Calipers"},{"floor":26.0,"key":"PreservedInsect"},{"floor":27.0,"key":"Art of War"},{"floor":29.0,"key":"Happy Flower"},{"floor":40,"key":"Juzu Bracelet"},{"floor":42,"key":"Omamori"},{"floor":43,"key":"Question Card"},{"floor":45,"key":"TungstenRod"},{"floor":54,"key":"InkBottle"}],"event_choices":[{"damage_healed":0.0,"max_hp_gain":0.0,"max_hp_loss":0.0,"gold_gain":0.0,"event_name":"FaceTrader","player_choice":"Trade","floor":5.0,"gold_loss":0.0,"damage_taken":0.0,"relics_obtained":["SsserpentHead"]},{"cards_removed":["Strike_P"],"damage_healed":0.0,"max_hp_gain":0.0,"max_hp_loss":0.0,"gold_gain":0.0,"event_name":"Purifier","player_choice":"Purged","floor":19.0,"gold_loss":0.0,"damage_taken":0.0},{"damage_healed":0,"gold_gain":0,"cards_transformed":["EmptyFist"],"player_choice":"Transformed","damage_taken":0,"max_hp_gain":0,"max_hp_loss":0,"event_name":"Transmorgrifier","floor":48,"gold_loss":0,"cards_obtained":["Ragnarok"]}],"is_beta":false,"boss_relics":[{"not_picked":["Snecko Eye","Runic Dome"],"picked":"Runic Pyramid"},{"not_picked":["Velvet Choker","Pandora\u0027s Box"],"picked":"Empty Cage"}],"items_purged_floors":[2,20,24,28,44],"is_endless":false,"potions_floor_spawned":[3,12,14,16,22,25,33,36,38,45,46,47],"ascension_level":13}}