{"host":"0y1696yaafq19vki","time":1614086919,"event":{"mods":["BaseMod","Colored Map","Conspire","Minty Spire (QoL Compilation)","Replay The Spire","StSLib"],"gold_per_floor":[112,131,148,166,181,215,215,215,262,309,321,112,135,154,154,275,275,295,318,318,335,335,335],"floor_reached":22,"language":"ENG","playtime":1986,"items_purged":[],"score":200,"play_id":"7611de1c-30a8-4c5b-b40e-2f7d7d5d08cf","local_time":"20210223132838","is_ascension_mode":false,"campfire_choices":[{"floor":8.0,"key":"REST"},{"floor":15,"key":"REST"}],"circlet_count":0,"master_deck":["Strike_G","Strike_G","Strike_G","Strike_G","Strike_G","Defend_G","Defend_G","Defend_G","Defend_G","Defend_G","Survivor","Neutralize","Backstab","Choke","Dagger Throw","Sucker Punch","Die Die Die","Blur+1","Terror","Outmaneuver","Noxious Fumes","Catalyst","Quick Slash","Endless Agony","Sneak Up","Bullet Time","Blade Dance","Flying Knee+1","Deadly Poison"],"relics":["Ring of the Snake","NeowsBlessing","Omamori","MawBank","Question Card","Bloody Idol","Calling Bell","Potion Belt","Gremlin Horn","CaptainsWheel"],"acts_visited":["TheCity"],"potions_floor_usage":[],"damage_taken":[{"damage":0.0,"enemies":"Jaw Worm","floor":1.0,"turns":1.0},{"damage":0.0,"enemies":"2 Louse","floor":2.0,"turns":1.0},{"damage":0.0,"enemies":"Small Slimes","floor":3.0,"turns":1.0},{"damage":9.0,"enemies":"Blue Slaver","floor":4.0,"turns":2.0},{"damage":8.0,"enemies":"Lots of Slimes","floor":5.0,"turns":5.0},{"damage":19.0,"enemies":"3 Sentries","floor":6.0,"turns":6.0},{"damage":16.0,"enemies":"Gremlin Nob","floor":10.0,"turns":4.0},{"damage":11.0,"enemies":"Large Slime","floor":13.0,"turns":4.0},{"damage":4,"enemies":"Red Slaver","floor":14,"turns":3},{"damage":30,"enemies":"The Guardian","floor":16,"turns":11},{"damage":20,"enemies":"Shell Parasite","floor":18,"turns":4},{"damage":5,"enemies":"3 Byrds","floor":19,"turns":5},{"damage":27,"enemies":"3 Cultists","floor":21,"turns":6},{"damage":33,"enemies":"Centurion and Healer","floor":22,"turns":6}],"seed_played":"1579932627120133156","potions_obtained":[{"floor":2.0,"key":"Strength Potion"},{"floor":3.0,"key":"Fruit Juice"},{"floor":4.0,"key":"FearPotion"},{"floor":13,"key":"Ancient Potion"},{"floor":14,"key":"SkillPotion"},{"floor":18,"key":"PowerPotion"}],"is_trial":false,"path_per_floor":["M","M","M","M","M","E","?","R","T","E","?","$","M","M","R_BF","B",null,"M","M","?","M","M"],"character_chosen":"THE_SILENT","items_purchased":["Outmaneuver","Noxious Fumes","Catalyst","Quick Slash"],"campfire_rested":2,"item_purchase_floors":[12,12,12,12],"current_hp_per_floor":[70,70,75,66,58,39,39,61,61,45,45,45,34,30,52,22,75,55,50,50,28,0,0],"gold":335,"neow_bonus":"THREE_ENEMY_KILL","is_daily":false,"chose_seed":false,"campfire_upgraded":0,"win_rate":0.0,"timestamp":1614086918,"path_taken":["M","M","M","M","M","E","?","R","T","E","?","$","M","M","R_BF","BOSS","M","M","?","M","M"],"items_purchased_type":["Card","Card","Card","Card"],"build_version":"2020-12-22","purchased_purges":0,"victory":false,"max_hp_per_floor":[70,70,75,75,75,75,75,75,75,75,75,75,75,75,75,75,75,75,75,75,75,75,75],"card_choices":[{"not_picked":["Dagger Spray","Prepared"],"picked":"Backstab","floor":1.0},{"not_picked":["Deflect","Bane"],"picked":"Choke","floor":2.0},{"not_picked":["All Out Attack","Backflip"],"picked":"Dagger Throw","floor":3.0},{"not_picked":["Expertise","Dagger Spray"],"picked":"Sucker Punch","floor":4.0},{"not_picked":["PiercingWail","Dagger Throw"],"picked":"Die Die Die","floor":5.0},{"not_picked":["Crippling Poison","Caltrops"],"picked":"Blur","floor":6.0},{"not_picked":["Caltrops","Bane"],"picked":"Terror","floor":10.0},{"not_picked":["Calculated Gamble","Bouncing Flask","Sucker Punch"],"picked":"Endless Agony","floor":13},{"not_picked":["Dodge and Roll","Fluid Movement","Hidden Blade"],"picked":"Sneak Up","floor":14},{"not_picked":["ReplayTheSpireMod:From All Sides","Night Terror","Malaise"],"picked":"Bullet Time","floor":16},{"not_picked":["Dagger Spray","Sneak Up","Tactician"],"picked":"Blade Dance","floor":18},{"not_picked":["Dash","Quick Slash","Endless Agony"],"picked":"Flying Knee+1","floor":19},{"not_picked":["Dodge and Roll","Acrobatics","Flying Knee"],"picked":"Deadly Poison","floor":21}],"player_experience":48819,"relics_obtained":[{"floor":6.0,"key":"Omamori"},{"floor":9.0,"key":"MawBank"},{"floor":10.0,"key":"Question Card"},{"floor":17,"key":"Potion Belt"},{"floor":17,"key":"Gremlin Horn"},{"floor":17,"key":"CaptainsWheel"}],"event_choices":[{"damage_healed":0.0,"max_hp_gain":0.0,"max_hp_loss":0.0,"gold_gain":0.0,"event_name":"Living Wall","player_choice":"Grow","floor":7.0,"gold_loss":0.0,"damage_taken":0.0,"cards_upgraded":["Blur"]},{"damage_healed":0.0,"max_hp_gain":0.0,"max_hp_loss":0.0,"gold_gain":0.0,"event_name":"Golden Idol","player_choice":"Take Wound","floor":11.0,"gold_loss":0.0,"damage_taken":0.0,"relics_obtained":["Golden Idol"],"cards_obtained":["Injury"]},{"damage_healed":0,"gold_gain":0,"player_choice":"Gave Idol","damage_taken":0,"relics_obtained":["Bloody Idol"],"max_hp_gain":0,"max_hp_loss":0,"event_name":"Forgotten Altar","floor":20,"relics_lost":["Golden Idol"],"gold_loss":0}],"is_beta":false,"boss_relics":[{"not_picked":["Philosopher\u0027s Stone","HoveringKite"],"picked":"Calling Bell"}],"items_purged_floors":[],"is_endless":false,"potions_floor_spawned":[2,3,4,13,14,16,18],"killed_by":"Centurion and Healer","ascension_level":0}}