{"host":"gzsdmyo07u314vug","time":1614040269,"event":{"mods":["2.2 Compatiblity","Astrologer","BaseMod","Colored Powertips","GifTheSpireLib","Gremlin Mod","Hermit","Jorbs\u0027s Wanderer Trilogy","Minty Spire (QoL Compilation)","Quick Restart","Rare Cards Sparkle","Relic Stats","Replay The Spire","Robot Space Explorer","Shop Mod","StSLib","The Bladedancer","The Bug Knight","The Construct","The Cursed","The Elementalist","The Hierophant","The IronCluck","The Marked","The Necromancer","The Runesmith","The Servant 0.9.4","Unceasing Turn Reminder","everything is the same but u backflip on backflip","slay the spire mod where everything is the same but ironclad has a cowboy hat"],"gold_per_floor":[114,131,56,75,95,95,114,114,114,125,137,93,93,93,93,165,465,479,212,212,229,243,243,262,262,262,293,208,83,93,93,93],"floor_reached":31,"language":"ENG","playtime":1311,"items_purged":["Strike_G","Strike_G","Strike_G"],"score":498,"play_id":"e4f3c548-224b-4916-891c-724114d4e8e1","local_time":"20210222213109","is_ascension_mode":true,"campfire_choices":[{"data":"A Thousand Cuts","floor":6.0,"key":"SMITH"},{"floor":8.0,"key":"REST"},{"data":"Cloak And Dagger","floor":13.0,"key":"SMITH"},{"data":"Footwork","floor":15.0,"key":"SMITH"},{"data":"Tools of the Trade","floor":23.0,"key":"SMITH"},{"floor":25.0,"key":"REST"}],"circlet_count":0,"master_deck":["AscendersBane","Strike_G+1","Strike_G+1","Defend_G","Defend_G","Defend_G","Defend_G","Defend_G","Survivor","Neutralize","A Thousand Cuts+1","Blade Dance","Cloak And Dagger+1","Footwork+1","Tools of the Trade+1","CurseOfTheBell","Deflect+1","Envenom+1"],"relics":["Ring of the Snake","Replay:Bottled Steam","Calling Bell","Simple Rune","Old Coin","Replay:Bottled Snecko","Bag of Preparation","Frozen Egg 2","Golden Egg","Mummified Hand"],"acts_visited":["Exordium","TheCity"],"potions_floor_usage":[31],"damage_taken":[{"damage":8.0,"enemies":"Cultist","floor":1.0,"turns":5.0},{"damage":8.0,"enemies":"Small Slimes","floor":2.0,"turns":5.0},{"damage":4.0,"enemies":"2 Louse","floor":4.0,"turns":3.0},{"damage":12.0,"enemies":"Gremlin Gang","floor":5.0,"turns":6.0},{"damage":1.0,"enemies":"2 Fungi Beasts","floor":7.0,"turns":3.0},{"damage":8.0,"enemies":"3 Louse","floor":10.0,"turns":4.0},{"damage":3.0,"enemies":"Looter","floor":11.0,"turns":4.0},{"damage":18.0,"enemies":"Slime Boss","floor":16.0,"turns":12.0},{"damage":18.0,"enemies":"3 Byrds","floor":18.0,"turns":6.0},{"damage":10.0,"enemies":"2 Thieves","floor":21.0,"turns":4.0},{"damage":3.0,"enemies":"3 Cultists","floor":22.0,"turns":5.0},{"damage":19.0,"enemies":"Centurion and Healer","floor":24.0,"turns":7.0},{"damage":28.0,"enemies":"Slavers","floor":27.0,"turns":6.0},{"damage":17.0,"enemies":"Shelled Parasite and Fungi","floor":30.0,"turns":5.0},{"damage":2,"enemies":"Cultist and Chosen","floor":31,"turns":2}],"seed_played":"4095552671991198723","potions_obtained":[{"floor":2.0,"key":"Swift Potion"},{"floor":5.0,"key":"LiquidMemories"},{"floor":11.0,"key":"ColorlessPotion"},{"floor":18.0,"key":"PowerPotion"},{"floor":24.0,"key":"FearPotion"}],"is_trial":false,"path_per_floor":["M","M","$","M","M","R","M","R","T","M","M","?","R","?","R","B",null,"M","$","?","M","M","R","M","R","T","E","?","$","M","M"],"character_chosen":"THE_SILENT","items_purchased":["Bag of Preparation"],"campfire_rested":2,"item_purchase_floors":[19],"current_hp_per_floor":[51,43,43,39,27,27,26,44,44,36,33,33,33,33,33,15,49,31,31,60,50,47,47,28,46,46,18,18,18,1,0,0],"gold":93,"neow_bonus":"THREE_RARE_CARDS","is_daily":false,"chose_seed":false,"campfire_upgraded":4,"win_rate":0.0,"timestamp":1614040269,"path_taken":["M","M","?","M","M","R","M","R","T","?","?","?","R","?","R","BOSS","M","$","?","?","M","R","M","R","T","E","?","$","M","M"],"items_purchased_type":["Relic"],"build_version":"2020-12-22","purchased_purges":3,"victory":false,"max_hp_per_floor":[60,60,60,60,60,60,60,60,60,60,60,60,60,60,60,60,60,60,60,60,60,60,60,60,60,60,60,60,60,60,60,60],"relic_stats":{"counters":[15,77],"Mummified Hand":[7],"Bag of Preparation":[12],"obtain_stats":[{"Calling Bell":17,"Golden Egg":27,"Mummified Hand":28,"Simple Rune":17,"Bag of Preparation":19,"Replay:Bottled Snecko":17,"Frozen Egg 2":26,"Ring of the Snake":0,"Replay:Bottled Steam":9,"Old Coin":17},{"Calling Bell":8,"Golden Egg":13,"Mummified Hand":13,"Simple Rune":8,"Bag of Preparation":9,"Replay:Bottled Snecko":8,"Frozen Egg 2":12,"Ring of the Snake":0,"Replay:Bottled Steam":5,"Old Coin":8},{"Calling Bell":42,"Golden Egg":70,"Mummified Hand":70,"Simple Rune":42,"Bag of Preparation":48,"Replay:Bottled Snecko":42,"Frozen Egg 2":64,"Ring of the Snake":0,"Replay:Bottled Steam":22,"Old Coin":42}],"Ring of the Snake":[30]},"card_choices":[{"not_picked":["Phantasmal Killer","Doppelganger"],"picked":"A Thousand Cuts","floor":0.0},{"not_picked":["Catalyst","Hidden Blade"],"picked":"Blade Dance","floor":1.0},{"not_picked":["Deflect","Quick Slash"],"picked":"ReplayTheSpireMod:Scrap Shanks","floor":2.0},{"not_picked":["Setup","Quick Slash"],"picked":"Cloak And Dagger","floor":4.0},{"not_picked":["PiercingWail","Backflip","Dash"],"picked":"SKIP","floor":5.0},{"not_picked":["Sucker Punch","Outmaneuver","Caltrops"],"picked":"SKIP","floor":7.0},{"not_picked":["Slice","Hidden Blade","Flying Knee"],"picked":"SKIP","floor":10.0},{"not_picked":["Poisoned Stab","Riddle With Holes"],"picked":"Footwork","floor":11.0},{"not_picked":["Adrenaline","ReplayTheSpireMod:Necrosis"],"picked":"Tools of the Trade","floor":16.0},{"not_picked":["Dagger Throw+1","Leg Sweep","Catalyst"],"picked":"SKIP","floor":18.0},{"not_picked":["Blade Dance","Tactician","Underhanded Strike"],"picked":"SKIP","floor":21.0},{"not_picked":["Acrobatics","Flying Knee"],"picked":"Deflect+1","floor":22.0},{"not_picked":["Dagger Throw+1","Dagger Spray+1","Sucker Punch"],"picked":"SKIP","floor":24.0},{"not_picked":["Leg Sweep+1","Acrobatics"],"picked":"Envenom+1","floor":27.0},{"not_picked":["Dodge and Roll","Dash","Quick Slash"],"picked":"SKIP","floor":30.0}],"player_experience":949858,"relics_obtained":[{"floor":9.0,"key":"Replay:Bottled Steam"},{"floor":17.0,"key":"Simple Rune"},{"floor":17.0,"key":"Old Coin"},{"floor":17.0,"key":"Replay:Bottled Snecko"},{"floor":26.0,"key":"Frozen Egg 2"},{"floor":27.0,"key":"Golden Egg"}],"event_choices":[{"damage_healed":0.0,"max_hp_gain":0.0,"max_hp_loss":0.0,"gold_gain":0.0,"event_name":"World of Goop","player_choice":"Left Gold","floor":12.0,"gold_loss":44.0,"damage_taken":0.0},{"cards_removed":["ReplayTheSpireMod:Scrap Shanks"],"damage_healed":29.0,"max_hp_gain":0.0,"max_hp_loss":0.0,"gold_gain":0.0,"event_name":"Bonfire Elementals","player_choice":"Offered Uncommon","floor":20.0,"gold_loss":0.0,"damage_taken":0.0},{"damage_healed":0.0,"max_hp_gain":0.0,"max_hp_loss":0.0,"gold_gain":0.0,"event_name":"Addict","player_choice":"Obtained Relic","floor":28.0,"gold_loss":85.0,"damage_taken":0.0,"relics_obtained":["Mummified Hand"]}],"is_beta":false,"boss_relics":[{"not_picked":["SacredBark","ReplayTheSpireMod:DimensionalGlitch"],"picked":"Calling Bell"}],"items_purged_floors":[3,19,29],"is_endless":false,"potions_floor_spawned":[2,5,11,18,24],"killed_by":"Cultist and Chosen","ascension_level":20}}