{"host":"n2sr453jcjz6vvl4","time":1614118397,"event":{"mods":["BaseMod","Colored Map","Minty Spire (QoL Compilation)","Permanent Neow","Relic Stats","StSLib"],"gold_per_floor":[117,117,127,52,52,86,86,121,145,165,180,180,213,229,229,325,325,325,325,325,280,180,180,180,180,180,180,180,180,180,180,180,180,180,180,180,24,24,0,0,0,0,0,0,0,0,0,0,0,0],"floor_reached":51,"language":"ENG","playtime":2401,"items_purged":["Strike_B","Strike_B+1"],"score":932,"play_id":"3523254a-58d6-477e-b45b-e541f1552db5","local_time":"20210223181317","is_ascension_mode":true,"campfire_choices":[{"data":"Zap","floor":7.0,"key":"SMITH"},{"data":"Coolheaded","floor":12.0,"key":"SMITH"},{"floor":15.0,"key":"REST"},{"floor":27,"key":"REST"},{"data":"Buffer","floor":29,"key":"SMITH"},{"data":"Lockon","floor":32,"key":"SMITH"},{"floor":40,"key":"RECALL"},{"floor":44,"key":"REST"},{"floor":49,"key":"REST"}],"circlet_count":0,"master_deck":["Strike_B+1","Strike_B+1","Defend_B+1","Defend_B+1","Defend_B+1","Defend_B+1","Zap+1","Dualcast+1","Streamline+1","Ball Lightning","Heatsinks","Biased Cognition","Lockon+1","Coolheaded+1","Ball Lightning","White Noise","Buffer+1","Double Energy","Defragment","Glacier+1","Cold Snap","Redo+1","Barrage+1","Conserve Battery+1","Electrodynamics","True Grit+1","Panacea+1","CutThroughFate+1"],"relics":["Cracked Core","NeowsBlessing","Ancient Tea Set","Pear","Oddly Smooth Stone","Dream Catcher","Vajra","Ectoplasm","Regal Pillow","Bag of Marbles","TungstenRod","Bag of Preparation","Fusion Hammer","PrismaticShard","Red Mask","War Paint","DataDisk"],"acts_visited":["Exordium","TheCity","TheBeyond"],"potions_floor_usage":[50],"damage_taken":[{"damage":0.0,"enemies":"Jaw Worm","floor":1.0,"turns":1.0},{"damage":0.0,"enemies":"2 Louse","floor":3.0,"turns":1.0},{"damage":0.0,"enemies":"Gremlin Nob","floor":6.0,"turns":1.0},{"damage":20.0,"enemies":"3 Sentries","floor":8.0,"turns":6.0},{"damage":0.0,"enemies":"Small Slimes","floor":10.0,"turns":2.0},{"damage":3.0,"enemies":"Blue Slaver","floor":11.0,"turns":3.0},{"damage":14.0,"enemies":"Gremlin Nob","floor":13.0,"turns":3.0},{"damage":8.0,"enemies":"Exordium Wildlife","floor":14.0,"turns":3.0},{"damage":31.0,"enemies":"Hexaghost","floor":16.0,"turns":6.0},{"damage":14.0,"enemies":"Shell Parasite","floor":18.0,"turns":3.0},{"damage":13.0,"enemies":"2 Thieves","floor":21.0,"turns":3.0},{"damage":31.0,"enemies":"Book of Stabbing","floor":23.0,"turns":4.0},{"damage":11.0,"enemies":"Snecko","floor":24.0,"turns":4.0},{"damage":18,"enemies":"Slavers","floor":25,"turns":6},{"damage":0,"enemies":"Chosen and Byrds","floor":28,"turns":5},{"damage":2,"enemies":"3 Cultists","floor":30,"turns":4},{"damage":0,"enemies":"Cultist and Chosen","floor":31,"turns":4},{"damage":21,"enemies":"Automaton","floor":33,"turns":9},{"damage":1,"enemies":"3 Darklings","floor":35,"turns":3},{"damage":0,"enemies":"Orb Walker","floor":38,"turns":3},{"damage":0,"enemies":"Sphere and 2 Shapes","floor":41,"turns":3},{"damage":20,"enemies":"Nemesis","floor":42,"turns":7},{"damage":0,"enemies":"Spire Growth","floor":45,"turns":4},{"damage":0,"enemies":"3 Darklings","floor":46,"turns":3},{"damage":0,"enemies":"Jaw Worm Horde","floor":48,"turns":4},{"damage":39,"enemies":"Time Eater","floor":50,"turns":9}],"seed_played":"836002690534652418","potions_obtained":[{"floor":8.0,"key":"DistilledChaos"},{"floor":10.0,"key":"GamblersBrew"},{"floor":14.0,"key":"LiquidBronze"},{"floor":18.0,"key":"Fruit Juice"},{"floor":21.0,"key":"FairyPotion"},{"floor":31,"key":"Strength Potion"},{"floor":38,"key":"FairyPotion"},{"floor":41,"key":"LiquidMemories"}],"is_trial":false,"path_per_floor":["M","?","M","$","?","E","R","E","T","M","M","R","E","M","R","B",null,"M","?","?","M","$","E","M","E","T","R","M","R","M","M","R","B",null,"M","?","$","M","?","R","M","E","T","R","M","M","$","M","R","B",null],"character_chosen":"DEFECT","items_purchased":["PrismaticShard"],"campfire_rested":4,"item_purchase_floors":[37],"current_hp_per_floor":[75,60,60,60,53,63,63,43,43,43,40,40,26,18,43,12,85,76,76,76,63,63,32,21,3,3,45,45,45,43,43,43,22,90,89,89,89,89,89,89,89,69,69,90,90,90,90,90,90,51],"gold":0,"neow_bonus":"THREE_ENEMY_KILL","is_daily":false,"chose_seed":false,"campfire_upgraded":4,"win_rate":0.0,"timestamp":1614118397,"path_taken":["M","?","M","$","?","E","R","E","T","M","M","R","E","M","R","BOSS","M","?","?","M","$","E","M","E","T","R","M","R","M","M","R","BOSS","M","?","$","M","?","R","M","E","T","R","M","M","$","M","R","BOSS"],"items_purchased_type":["Relic"],"build_version":"2020-12-22","purchased_purges":2,"victory":true,"max_hp_per_floor":[75,75,75,75,75,85,85,85,85,85,85,85,85,85,85,85,85,90,90,90,90,90,90,90,90,90,90,90,90,90,90,90,90,90,90,90,90,90,90,90,90,90,90,90,90,90,90,90,90,90],"relic_stats":{"Dream Catcher":4,"Regal Pillow":15,"counters":[26,104],"Ectoplasm":485,"Bag of Preparation":[24],"War Paint":["Glacier","Dualcast"],"obtain_stats":[{"Regal Pillow":20,"Pear":6,"NeowsBlessing":0,"Oddly Smooth Stone":8,"Vajra":13,"Bag of Preparation":26,"War Paint":42,"Ancient Tea Set":5,"PrismaticShard":37,"Dream Catcher":9,"DataDisk":43,"Ectoplasm":17,"Fusion Hammer":34,"Bag of Marbles":23,"Red Mask":39,"Cracked Core":0,"TungstenRod":25},{"Regal Pillow":10,"Pear":3,"NeowsBlessing":0,"Oddly Smooth Stone":4,"Vajra":7,"Bag of Preparation":14,"War Paint":22,"Ancient Tea Set":2,"PrismaticShard":19,"Dream Catcher":4,"DataDisk":22,"Ectoplasm":9,"Fusion Hammer":18,"Bag of Marbles":12,"Red Mask":20,"Cracked Core":0,"TungstenRod":14},{"Regal Pillow":29,"Pear":3,"NeowsBlessing":0,"Oddly Smooth Stone":9,"Vajra":17,"Bag of Preparation":46,"War Paint":84,"Ancient Tea Set":2,"PrismaticShard":71,"Dream Catcher":9,"DataDisk":84,"Ectoplasm":26,"Fusion Hammer":68,"Bag of Marbles":36,"Red Mask":74,"Cracked Core":0,"TungstenRod":46}],"TungstenRod":11},"card_choices":[{"not_picked":["Rebound","Melter"],"picked":"Streamline","floor":1.0},{"not_picked":["Stack","Leap"],"picked":"Ball Lightning","floor":3.0},{"not_picked":["Barrage","Beam Cell"],"picked":"Heatsinks","floor":6.0},{"not_picked":["Darkness","Storm"],"picked":"Biased Cognition","floor":8.0},{"not_picked":["Rebound","Redo"],"picked":"Lockon","floor":10.0},{"not_picked":["Blizzard","Gash"],"picked":"Coolheaded","floor":11.0},{"not_picked":["Barrage","Streamline"],"picked":"Ball Lightning","floor":13.0},{"not_picked":["Beam Cell","Barrage","Steam"],"picked":"SKIP","floor":14.0},{"not_picked":["Ball Lightning","Beam Cell"],"picked":"White Noise","floor":15.0},{"not_picked":["Multi-Cast","Biased Cognition"],"picked":"Buffer","floor":16.0},{"not_picked":["Turbo","Compile Driver","Sweeping Beam"],"picked":"SKIP","floor":18.0},{"not_picked":["Gash","Steam Power"],"picked":"Double Energy","floor":21.0},{"not_picked":["Doom and Gloom","Recycle"],"picked":"Defragment","floor":23.0},{"not_picked":["Storm","Defragment"],"picked":"Glacier","floor":24.0},{"not_picked":["Gash","Go for the Eyes"],"picked":"Cold Snap","floor":25},{"not_picked":["Fusion","Rebound+1"],"picked":"Redo+1","floor":27},{"not_picked":["Leap","Chill"],"picked":"Barrage+1","floor":28},{"not_picked":["All For One","Stack","Barrage"],"picked":"SKIP","floor":30},{"not_picked":["Redo","Cold Snap"],"picked":"Conserve Battery+1","floor":31},{"not_picked":["Creative AI","Meteor Strike"],"picked":"Electrodynamics","floor":33},{"not_picked":["Genetic Algorithm+1","Lockon","Stack"],"picked":"SKIP","floor":35},{"not_picked":["Backflip","Acrobatics"],"picked":"True Grit+1","floor":38},{"not_picked":["Deadly Poison","Entrench+1"],"picked":"Panacea+1","floor":41},{"not_picked":["Double Energy","Barrage+1","Acrobatics"],"picked":"SKIP","floor":42},{"not_picked":["Aggregate","Quick Slash+1","Fasting2"],"picked":"SKIP","floor":45},{"not_picked":["Bane","Halt+1"],"picked":"CutThroughFate+1","floor":46},{"not_picked":["Worship","Impatience+1","Seek"],"picked":"SKIP","floor":48}],"player_experience":236447,"relics_obtained":[{"floor":6.0,"key":"Pear"},{"floor":8.0,"key":"Oddly Smooth Stone"},{"floor":9.0,"key":"Dream Catcher"},{"floor":13.0,"key":"Vajra"},{"floor":23.0,"key":"Bag of Marbles"},{"floor":25,"key":"TungstenRod"},{"floor":26,"key":"Bag of Preparation"},{"floor":42,"key":"War Paint"},{"floor":43,"key":"DataDisk"}],"event_choices":[{"damage_healed":0.0,"max_hp_gain":0.0,"max_hp_loss":0.0,"gold_gain":0.0,"event_name":"Shining Light","player_choice":"Entered Light","floor":2.0,"gold_loss":0.0,"damage_taken":15.0,"cards_upgraded":["Streamline","Strike_B"]},{"damage_healed":0.0,"max_hp_gain":0.0,"max_hp_loss":0.0,"gold_gain":0.0,"event_name":"Scrap Ooze","player_choice":"Success","floor":5.0,"gold_loss":0.0,"damage_taken":7.0,"relics_obtained":["Ancient Tea Set"]},{"damage_healed":0.0,"max_hp_gain":0.0,"max_hp_loss":0.0,"gold_gain":0.0,"event_name":"Back to Basics","player_choice":"Simplicity","floor":19.0,"gold_loss":0.0,"damage_taken":0.0,"cards_upgraded":["Strike_B","Strike_B","Defend_B","Defend_B","Defend_B","Defend_B"]},{"damage_healed":0.0,"max_hp_gain":0.0,"max_hp_loss":0.0,"gold_gain":0.0,"event_name":"The Mausoleum","player_choice":"Opened","floor":20.0,"gold_loss":0.0,"damage_taken":0.0,"relics_obtained":["Regal Pillow"]},{"damage_healed":0,"gold_gain":0,"player_choice":"Memory 1","damage_taken":0,"max_hp_gain":0,"max_hp_loss":0,"event_name":"SensoryStone","floor":36,"gold_loss":0},{"damage_healed":0,"gold_gain":0,"player_choice":"Paid","damage_taken":0,"relics_obtained":["Red Mask"],"max_hp_gain":0,"max_hp_loss":0,"event_name":"Tomb of Lord Red Mask","floor":39,"gold_loss":24}],"is_beta":false,"boss_relics":[{"not_picked":["Black Star","SlaversCollar"],"picked":"Ectoplasm"},{"not_picked":["Tiny House","Coffee Dripper"],"picked":"Fusion Hammer"}],"items_purged_floors":[4,22],"is_endless":false,"potions_floor_spawned":[8,10,14,16,18,21,25,30,31,38,41,45],"ascension_level":4}}