{"host":"j0v7rhnuiltzkmi5","time":1614116151,"event":{"mods":["BaseMod","Minty Spire (QoL Compilation)","Replay The Spire","Shop Mod","StSLib"],"gold_per_floor":[110,166,179,25,43,43,57,57,57,57,77,93,43,43,43,43,43,145,245,265,296,296,296,105,117,127,127,153,37,37,37],"floor_reached":30,"language":"ENG","playtime":1135,"items_purged":[],"score":268,"play_id":"6e657173-cab4-4ac3-8b92-d62402167dbb","local_time":"20210223153551","is_ascension_mode":false,"campfire_choices":[{"data":"Eruption","floor":6,"key":"SMITH"},{"data":"TalkToTheHand","floor":17,"key":"SMITH"}],"circlet_count":0,"master_deck":["Eruption+1","Vigilance","DevaForm+1","PathToVictory","Replay:DivineShield+1","EmptyBody","Replay:AllIn","FearNoEvil","EmptyFist+1","TalkToTheHand+1","CrushJoints","MentalFortress","MentalFortress","SpiritShield","Devotion","Replay:BluntJabs","PathToVictory","Replay:AllIn","Replay:Cycle","Brilliance","WaveOfTheHand","PathToVictory","Brilliance","ThirdEye","WaveOfTheHand","BattleHymn","Replay:ManipulateFuture","ReplayTheSpireMod:Brewmster","ReplayTheSpireMod:Brewmster","FollowUp","Replay:Cycle","TalkToTheHand"],"relics":["PureWater","Akabeko","Blue Doll","Replay:WaspNest","Coffee Dripper","Red Mask","MerchantsRug","Replay:Arrowhead","Bag of Preparation"],"acts_visited":["Exordium","TheCity"],"potions_floor_usage":[5,12,18,18,25,25,25,26,26,26,30],"damage_taken":[{"damage":4,"enemies":"2 Louse","floor":1,"turns":2},{"damage":6,"enemies":"Jaw Worm","floor":3,"turns":4},{"damage":0,"enemies":"Small Slimes","floor":5,"turns":1},{"damage":0,"enemies":"Red Slaver","floor":7,"turns":2},{"damage":2,"enemies":"Blue Slaver","floor":11,"turns":2},{"damage":0,"enemies":"2 Fungi Beasts","floor":12,"turns":2},{"damage":0,"enemies":"Slime Boss","floor":18,"turns":4},{"damage":1,"enemies":"Spheric Guardian","floor":20,"turns":3},{"damage":40,"enemies":"Masked Bandits","floor":21,"turns":5},{"damage":2,"enemies":"3 Byrds","floor":25,"turns":4},{"damage":27,"enemies":"3 Cultists","floor":26,"turns":5},{"damage":25,"enemies":"Gremlin Leader","floor":30,"turns":2}],"seed_played":"8716248707962875781","potions_obtained":[{"floor":2,"key":"AttackPotion"},{"floor":3,"key":"PowerPotion"},{"floor":5,"key":"Explosive Potion"},{"floor":11,"key":"DistilledChaos"},{"floor":20,"key":"DuplicationPotion"},{"floor":21,"key":"BottledMiracle"}],"is_trial":false,"path_per_floor":["M","?","M","$","M","R","M","?","T","?","M","M","$","PTL","PTL","?","R","B",null,"M","?","?","?","$","M","M","?","T","$","E"],"character_chosen":"WATCHER","items_purchased":["Blue Doll","MentalFortress","MerchantsRug","Replay:Arrowhead","ReplayTheSpireMod:Brewmster","Regen Potion","TalkToTheHand"],"campfire_rested":0,"item_purchase_floors":[4,13,24,24,24,29,29],"current_hp_per_floor":[68,50,44,44,44,44,44,30,30,30,28,28,28,28,28,28,28,28,72,71,31,31,31,31,29,2,2,2,2,0,0],"gold":37,"neow_bonus":"THREE_RARE_CARDS","is_daily":false,"chose_seed":false,"campfire_upgraded":2,"win_rate":0.0,"timestamp":1614116151,"path_taken":["M","?","M","$","M","R","M","?","T","?","?","M","$","PTL","PTL","?","R","BOSS","M","?","?","?","$","M","?","?","T","$","E"],"items_purchased_type":["Relic","Card","Relic","Relic","Card","Potion","Card"],"build_version":"2020-12-22","purchased_purges":0,"victory":false,"max_hp_per_floor":[72,72,72,72,72,72,72,72,72,72,72,72,72,72,72,72,72,72,72,72,72,72,72,72,72,72,72,72,72,72,72],"card_choices":[{"not_picked":["Brilliance","MasterReality"],"picked":"DevaForm","floor":0},{"not_picked":["Crescendo","Study"],"picked":"PathToVictory","floor":1},{"not_picked":["ForeignInfluence","Indignation"],"picked":"Replay:DivineShield","floor":2},{"not_picked":["Halt","MentalFortress"],"picked":"EmptyBody","floor":2},{"not_picked":["ClearTheMind","FollowUp"],"picked":"Replay:AllIn","floor":3},{"not_picked":["Swivel","MentalFortress"],"picked":"FearNoEvil","floor":5},{"not_picked":["EmptyBody","ThirdEye"],"picked":"EmptyFist","floor":7},{"not_picked":["Replay:AtTheReady","ThirdEye"],"picked":"TalkToTheHand","floor":11},{"not_picked":["Vengeance","EmptyBody"],"picked":"CrushJoints","floor":12},{"not_picked":["Ragnarok","Alpha"],"picked":"SpiritShield","floor":18},{"not_picked":["Crescendo","Replay:Vibes+1"],"picked":"WaveOfTheHand","floor":20},{"not_picked":["Vengeance","Evaluate"],"picked":"BattleHymn","floor":21},{"not_picked":["WreathOfFlame","SashWhip"],"picked":"FollowUp","floor":25},{"not_picked":["Fasting2","Crescendo"],"picked":"Replay:Cycle","floor":26}],"player_experience":838631,"relics_obtained":[{"floor":2,"key":"Akabeko"},{"floor":9,"key":"Replay:WaspNest"},{"floor":21,"key":"Red Mask"},{"floor":28,"key":"Bag of Preparation"}],"event_choices":[{"damage_healed":0,"gold_gain":0,"player_choice":"Entered Light","damage_taken":14,"max_hp_gain":0,"max_hp_loss":0,"event_name":"Shining Light","floor":8,"gold_loss":0,"cards_upgraded":["Defend_B","Replay:DivineShield"]},{"damage_healed":0,"gold_gain":0,"player_choice":"Forge","damage_taken":0,"max_hp_gain":0,"max_hp_loss":0,"event_name":"Accursed Blacksmith","floor":10,"gold_loss":0,"cards_upgraded":["DevaForm"]},{"damage_healed":0,"gold_gain":0,"player_choice":"Fought Bandits","damage_taken":0,"max_hp_gain":0,"max_hp_loss":0,"event_name":"Masked Bandits","floor":21,"gold_loss":0},{"damage_healed":0,"gold_gain":0,"player_choice":"Read","damage_taken":0,"max_hp_gain":0,"max_hp_loss":0,"event_name":"The Library","floor":22,"gold_loss":0,"cards_obtained":["Replay:ManipulateFuture"]},{"damage_healed":0,"gold_gain":0,"player_choice":"Ignored","damage_taken":0,"max_hp_gain":0,"max_hp_loss":0,"event_name":"Vampires","floor":23,"gold_loss":0}],"is_beta":false,"boss_relics":[{"not_picked":["SlaversCollar","Runic Dome"],"picked":"Replay:Grab Bag"},{"not_picked":["Ectoplasm","Busted Crown"],"picked":"Coffee Dripper"},{"not_picked":["Abe\u0027s Treasure","ReplayTheSpireMod:DimensionalGlitch"],"picked":"Replay:Wanted Poster"},{"not_picked":["Runic Pyramid","Snecko Eye"],"picked":"Pandora\u0027s Box"}],"items_purged_floors":[],"is_endless":false,"potions_floor_spawned":[3,5,11,20,21],"killed_by":"Gremlin Leader","ascension_level":0}}