{"host":"ujyomg7d1f18u2we","time":1614046174,"event":{"mods":["AchievementEnabler","AlwaysNeverKeys","Aspiration","BaseMod","Colored Map","DeckTracker","Gremlin Skip","Highlight Path","Hubris","Minty Spire (QoL Compilation)","Quick Restart","Random Character Button","StSLib"],"gold_per_floor":[113,113,124,143,143,168,168,16,16,30,30,30,64,82,82,182,182,198,198,213,213,232,232,232,157,183,215,215,231,330,346,346,447,447,459,459,475,475,525,525,525,558,605,106,123,138,138,151,151,151],"floor_reached":51,"language":"ENG","playtime":1283,"items_purged":["Defend_G"],"score":830,"play_id":"ca39178a-9550-41ca-a181-a05a29eabfff","local_time":"20210222230934","is_ascension_mode":false,"campfire_choices":[{"floor":7,"key":"REST"},{"floor":12,"key":"REST"},{"floor":15,"key":"REST"},{"data":"Terror","floor":23,"key":"SMITH"},{"data":"Poisoned Stab","floor":28,"key":"SMITH"},{"data":"Bane","floor":32,"key":"SMITH"},{"data":"After Image","floor":40,"key":"SMITH"},{"floor":49,"key":"REST"}],"circlet_count":0,"master_deck":["Strike_G","Strike_G","Strike_G","Strike_G","Strike_G","Defend_G","Defend_G","Defend_G","Defend_G","Survivor","Neutralize+1","Bane+1","Bane","Poisoned Stab+1","Crippling Poison","Poisoned Stab","After Image+1","Poisoned Stab+1","Poisoned Stab+1","Catalyst+1"],"relics":["Ring of the Snake","Ornamental Fan","ClockworkSouvenir","StrikeDummy","hubris:PeanutButter","SlaversCollar","hubris:Towel","MutagenicStrength","Nunchaku","aspiration:VileToxins","Busted Crown","Turnip","Eternal Feather","Centennial Puzzle","Ginger"],"acts_visited":["Exordium","TheCity","TheBeyond"],"potions_floor_usage":[6,6,16,16,16,18,27,33,35,46,50,50,50],"damage_taken":[{"damage":0,"enemies":"Cultist","floor":1,"turns":4},{"damage":2,"enemies":"Small Slimes","floor":3,"turns":3},{"damage":1,"enemies":"Jaw Worm","floor":4,"turns":4},{"damage":53,"enemies":"Lagavulin","floor":6,"turns":10},{"damage":2,"enemies":"2 Fungi Beasts","floor":10,"turns":4},{"damage":22,"enemies":"3 Sentries","floor":13,"turns":9},{"damage":0,"enemies":"Blue Slaver","floor":14,"turns":4},{"damage":0,"enemies":"Hexaghost","floor":16,"turns":6},{"damage":0,"enemies":"3 Byrds","floor":18,"turns":4},{"damage":8,"enemies":"Spheric Guardian","floor":20,"turns":5},{"damage":9,"enemies":"Shelled Parasite and Fungi","floor":22,"turns":7},{"damage":4,"enemies":"Slavers","floor":27,"turns":5},{"damage":0,"enemies":"3 Cultists","floor":29,"turns":5},{"damage":0,"enemies":"Snecko","floor":31,"turns":3},{"damage":10,"enemies":"hubris:MusketHawk","floor":33,"turns":6},{"damage":0,"enemies":"3 Darklings","floor":35,"turns":4},{"damage":5,"enemies":"3 Shapes","floor":37,"turns":4},{"damage":4,"enemies":"Mind Bloom Boss Battle","floor":39,"turns":5},{"damage":15,"enemies":"Giant Head","floor":42,"turns":8},{"damage":0,"enemies":"3 Darklings","floor":45,"turns":5},{"damage":4,"enemies":"Sphere and 2 Shapes","floor":46,"turns":6},{"damage":1,"enemies":"4 Shapes","floor":48,"turns":5},{"damage":9,"enemies":"Donu and Deca","floor":50,"turns":11}],"seed_played":"-7993127745453915397","potions_obtained":[{"floor":3,"key":"FearPotion"},{"floor":5,"key":"ColorlessPotion"},{"floor":5,"key":"CultistPotion"},{"floor":13,"key":"BlessingOfTheForge"},{"floor":14,"key":"BlessingOfTheForge"},{"floor":16,"key":"AttackPotion"},{"floor":18,"key":"Dexterity Potion"},{"floor":31,"key":"PowerPotion"},{"floor":33,"key":"CunningPotion"},{"floor":42,"key":"Fire Potion"},{"floor":46,"key":"SpeedPotion"},{"floor":48,"key":"DuplicationPotion"}],"is_trial":false,"path_per_floor":["M","?","M","M","?","E","R","$","T","M","?","R","E","M","R","B",null,"M","?","M","?","M","R","?","$","T","E","R","M","?","M","R","B",null,"M","?","M","?","?","R","?","E","T","$","M","M","?","M","R","B",null],"character_chosen":"THE_SILENT","items_purchased":["ClockworkSouvenir","Ginger","Catalyst","LiquidMemories","SkillPotion"],"campfire_rested":4,"item_purchase_floors":[8,44,44,44,44],"current_hp_per_floor":[77,77,75,74,74,21,44,44,44,42,42,65,43,43,66,66,77,77,77,69,77,68,68,68,68,68,64,64,64,64,64,64,54,77,77,77,72,72,68,68,73,58,58,58,58,54,54,53,73,64],"gold":151,"neow_bonus":"TEN_PERCENT_HP_BONUS","is_daily":false,"chose_seed":false,"campfire_upgraded":4,"win_rate":0.0,"timestamp":1614046174,"path_taken":["M","?","M","M","?","E","R","$","T","?","?","R","E","M","R","BOSS","M","?","M","?","M","R","?","$","T","E","R","M","?","M","R","BOSS","M","?","M","?","?","R","?","E","T","$","?","M","?","M","R","BOSS"],"items_purchased_type":["Relic","Relic","Card","Potion","Potion"],"build_version":"2020-12-22","purchased_purges":1,"victory":true,"max_hp_per_floor":[77,77,77,77,77,77,77,77,77,77,77,77,77,77,77,77,77,77,77,77,77,77,77,77,77,77,77,77,77,77,77,77,77,77,77,77,77,73,73,73,73,73,73,73,73,73,73,73,73,73],"card_choices":[{"not_picked":["Endless Agony","PiercingWail"],"picked":"Bane","floor":1},{"not_picked":["Footwork","Concentrate"],"picked":"Bane","floor":3},{"not_picked":["Infinite Blades","Endless Agony"],"picked":"Terror","floor":4},{"not_picked":["Finisher","Dagger Throw","Masterful Stab"],"picked":"SKIP","floor":6},{"not_picked":["Choke","Bane"],"picked":"Poisoned Stab","floor":10},{"not_picked":["Acrobatics","Cloak And Dagger","hubris:Sniper"],"picked":"SKIP","floor":13},{"not_picked":["Flying Knee","PiercingWail","Escape Plan"],"picked":"SKIP","floor":14},{"not_picked":["Outmaneuver","Quick Slash"],"picked":"Crippling Poison","floor":18},{"not_picked":["All Out Attack","Underhanded Strike","Outmaneuver+1"],"picked":"SKIP","floor":20},{"not_picked":["Dodge and Roll","Underhanded Strike","Distraction"],"picked":"SKIP","floor":22},{"not_picked":["Flying Knee","Dodge and Roll+1"],"picked":"Poisoned Stab","floor":27},{"not_picked":["Poisoned Stab","Cloak And Dagger","Sucker Punch"],"picked":"SKIP","floor":29},{"not_picked":["Night Terror","Choke+1","Slice"],"picked":"SKIP","floor":31},{"not_picked":["Bullet Time","Burst"],"picked":"After Image","floor":33},{"not_picked":["Dagger Throw+1"],"picked":"SKIP","floor":35},{"not_picked":[],"picked":"Poisoned Stab+1","floor":37},{"not_picked":[],"picked":"Poisoned Stab+1","floor":39},{"not_picked":["Flying Knee+1"],"picked":"SKIP","floor":42},{"not_picked":["Flying Knee"],"picked":"SKIP","floor":45},{"not_picked":["Eviscerate"],"picked":"SKIP","floor":46},{"not_picked":["Deadly Poison+1"],"picked":"SKIP","floor":48}],"player_experience":1590218,"relics_obtained":[{"floor":6,"key":"Ornamental Fan"},{"floor":9,"key":"StrikeDummy"},{"floor":13,"key":"hubris:PeanutButter"},{"floor":26,"key":"Nunchaku"},{"floor":27,"key":"aspiration:VileToxins"},{"floor":39,"key":"Turnip"},{"floor":42,"key":"Eternal Feather"},{"floor":43,"key":"Centennial Puzzle"}],"event_choices":[{"damage_healed":0,"gold_gain":0,"player_choice":"Got Potions","damage_taken":0,"max_hp_gain":0,"max_hp_loss":0,"event_name":"Lab","floor":5,"gold_loss":0},{"damage_healed":0,"gold_gain":0,"player_choice":"Fled","damage_taken":0,"max_hp_gain":0,"max_hp_loss":0,"event_name":"Scrap Ooze","floor":11,"gold_loss":0},{"damage_healed":25,"gold_gain":0,"player_choice":"Heal","damage_taken":0,"max_hp_gain":0,"max_hp_loss":0,"event_name":"The Library","floor":21,"gold_loss":0},{"damage_healed":0,"gold_gain":0,"player_choice":"Inject Mutagens","damage_taken":0,"relics_obtained":["MutagenicStrength"],"max_hp_gain":0,"max_hp_loss":0,"event_name":"Drug Dealer","floor":24,"gold_loss":0},{"damage_healed":0,"gold_gain":99,"player_choice":"Stole From Cult","damage_taken":0,"max_hp_gain":0,"max_hp_loss":0,"event_name":"Nest","floor":30,"gold_loss":0},{"damage_healed":0,"gold_gain":0,"player_choice":"Max HP","damage_taken":0,"max_hp_gain":0,"max_hp_loss":4,"event_name":"Winding Halls","floor":38,"gold_loss":0},{"damage_healed":0,"gold_gain":0,"player_choice":"Fight","damage_taken":0,"max_hp_gain":0,"max_hp_loss":0,"event_name":"MindBloom","floor":39,"gold_loss":0},{"cards_removed":["Terror"],"damage_healed":5,"gold_gain":0,"player_choice":"Offered Uncommon","damage_taken":0,"max_hp_gain":0,"max_hp_loss":0,"event_name":"Bonfire Elementals","floor":41,"gold_loss":0},{"damage_healed":0,"gold_gain":0,"player_choice":"Forge","damage_taken":0,"max_hp_gain":0,"max_hp_loss":0,"event_name":"Accursed Blacksmith","floor":47,"gold_loss":0,"cards_upgraded":["Catalyst"]}],"is_beta":false,"boss_relics":[{"not_picked":["Runic Pyramid","Pandora\u0027s Box"],"picked":"SlaversCollar"},{"not_picked":["Ring of the Serpent","aspiration:FutureDiary"],"picked":"Busted Crown"}],"items_purged_floors":[25],"is_endless":false,"potions_floor_spawned":[3,13,14,16,18,31,33,42,45,46,48],"ascension_level":0}}