{"host":"en4narc5947t7k9n","time":1614122855,"event":{"mods":["AchievementEnabler","BaseMod","Colored Map","Minty Spire (QoL Compilation)","SuperFastMode"],"gold_per_floor":[115,115,135,151,169,196,214,98,125,139,156,156,186,219,219,318,318,336,336,23,23,23,23,23,37,61,61,61,61,76,89,89,89,89],"floor_reached":33,"language":"KOR","playtime":1514,"items_purged":["Strike_G"],"score":282,"play_id":"219c37ae-8282-4ca2-be91-214e7f1b4009","local_time":"20210224082735","is_ascension_mode":false,"campfire_choices":[{"floor":12,"key":"REST"},{"floor":15,"key":"RECALL"},{"data":"Night Terror","floor":23,"key":"SMITH"},{"data":"Envenom","floor":28,"key":"SMITH"},{"floor":32,"key":"REST"}],"circlet_count":0,"master_deck":["Strike_G","Defend_G","Defend_G","Defend_G","Defend_G","Defend_G","Survivor","Neutralize","Acrobatics","Noxious Fumes","Deflect","Infinite Blades","Backflip","Deadly Poison","Corpse Explosion","Prepared","Reflex","Underhanded Strike","Heel Hook","Catalyst","Night Terror+1","Dash","Envenom+1","Cloak And Dagger","Decay","Cloak And Dagger","Noxious Fumes","Backstab","PiercingWail","Blade Dance"],"relics":["Ring of the Snake","Bronze Scales","Pen Nib","Potion Belt","Happy Flower","WristBlade","TwistedFunnel"],"acts_visited":["Exordium","TheCity"],"potions_floor_usage":[6,6,10,14,33],"damage_taken":[{"damage":0,"enemies":"2 Louse","floor":1,"turns":4},{"damage":0,"enemies":"Cultist","floor":3,"turns":4},{"damage":1,"enemies":"Small Slimes","floor":4,"turns":4},{"damage":12,"enemies":"Exordium Thugs","floor":5,"turns":5},{"damage":25,"enemies":"Gremlin Nob","floor":6,"turns":4},{"damage":7,"enemies":"Looter","floor":7,"turns":3},{"damage":17,"enemies":"Red Slaver","floor":10,"turns":3},{"damage":5,"enemies":"Large Slime","floor":11,"turns":5},{"damage":0,"enemies":"3 Sentries","floor":14,"turns":3},{"damage":14,"enemies":"Hexaghost","floor":16,"turns":7},{"damage":20,"enemies":"2 Thieves","floor":18,"turns":4},{"damage":8,"enemies":"3 Byrds","floor":25,"turns":3},{"damage":18,"enemies":"Snake Plant","floor":30,"turns":3},{"damage":4,"enemies":"Snecko","floor":31,"turns":4},{"damage":49,"enemies":"Automaton","floor":33,"turns":6}],"seed_played":"4740096993710969730","potions_obtained":[{"floor":3,"key":"ColorlessPotion"},{"floor":5,"key":"BlessingOfTheForge"},{"floor":6,"key":"Dexterity Potion"},{"floor":7,"key":"Energy Potion"},{"floor":25,"key":"Energy Potion"}],"is_trial":false,"path_per_floor":["M","?","M","M","M","E","M","$","T","M","M","R","?","E","R","B",null,"M","?","$","?","?","R","$","M","T","$","R","?","M","M","R","B"],"character_chosen":"THE_SILENT","items_purchased":["Reflex","TwistedFunnel","Envenom"],"campfire_rested":2,"item_purchase_floors":[8,20,20],"current_hp_per_floor":[70,70,70,69,57,32,25,25,25,8,3,24,24,24,24,10,70,50,50,50,37,37,37,37,29,29,29,29,29,11,7,29,0,0],"gold":89,"neow_bonus":"RANDOM_COMMON_RELIC","is_daily":false,"chose_seed":false,"campfire_upgraded":2,"win_rate":0.0,"timestamp":1614122855,"path_taken":["M","?","M","M","M","E","M","$","T","M","?","R","?","E","R","BOSS","M","?","$","?","?","R","$","?","T","$","R","?","M","M","R","BOSS"],"items_purchased_type":["Card","Relic","Card"],"build_version":"2020-12-22","purchased_purges":1,"victory":false,"max_hp_per_floor":[70,70,70,70,70,70,70,70,70,70,70,70,70,70,70,70,70,70,70,70,75,75,75,75,75,75,75,75,75,75,75,75,75,75],"card_choices":[{"not_picked":["Slice","Prepared"],"picked":"Acrobatics","floor":1},{"not_picked":["Predator","Finisher"],"picked":"Infinite Blades","floor":3},{"not_picked":["Flying Knee","Dodge and Roll"],"picked":"Backflip","floor":4},{"not_picked":["Calculated Gamble","Footwork"],"picked":"Deadly Poison","floor":5},{"not_picked":["Riddle With Holes","Quick Slash"],"picked":"Corpse Explosion","floor":6},{"not_picked":["Eviscerate","Deflect"],"picked":"Prepared","floor":7},{"not_picked":["Cloak And Dagger","Flying Knee"],"picked":"Underhanded Strike","floor":10},{"not_picked":["Quick Slash","Acrobatics"],"picked":"Heel Hook","floor":11},{"not_picked":["Flying Knee","Malaise"],"picked":"Catalyst","floor":14},{"not_picked":["Tools of the Trade","Phantasmal Killer"],"picked":"Night Terror","floor":16},{"not_picked":["Calculated Gamble","Noxious Fumes+1"],"picked":"Dash","floor":18},{"not_picked":["Skewer","Dagger Throw"],"picked":"Cloak And Dagger","floor":25},{"not_picked":["Dodge and Roll","Dagger Spray"],"picked":"PiercingWail","floor":30},{"not_picked":["Leg Sweep","Choke+1"],"picked":"Blade Dance","floor":31}],"player_experience":191606,"relics_obtained":[{"floor":6,"key":"Pen Nib"},{"floor":9,"key":"Potion Belt"},{"floor":14,"key":"Happy Flower"}],"event_choices":[{"damage_healed":0,"gold_gain":0,"player_choice":"2 cards matched","damage_taken":0,"max_hp_gain":0,"max_hp_loss":0,"event_name":"Match and Keep!","floor":2,"gold_loss":0,"cards_obtained":["Noxious Fumes","Deflect"]},{"damage_healed":0,"gold_gain":30,"player_choice":"Searched \u00271\u0027 times","damage_taken":0,"max_hp_gain":0,"max_hp_loss":0,"event_name":"Dead Adventurer","floor":13,"gold_loss":0},{"cards_removed":["Strike_G"],"damage_healed":0,"gold_gain":0,"player_choice":"Card Removal","damage_taken":0,"max_hp_gain":0,"max_hp_loss":0,"event_name":"Wheel of Change","floor":19,"gold_loss":0},{"damage_healed":0,"gold_gain":0,"player_choice":"Shed Blood","damage_taken":18,"max_hp_gain":5,"max_hp_loss":0,"event_name":"Forgotten Altar","floor":21,"gold_loss":0},{"damage_healed":0,"gold_gain":0,"player_choice":"2 cards matched","damage_taken":0,"max_hp_gain":0,"max_hp_loss":0,"event_name":"Match and Keep!","floor":22,"gold_loss":0,"cards_obtained":["Cloak And Dagger","Decay"]},{"damage_healed":0,"gold_gain":0,"cards_transformed":["Strike_G","Strike_G"],"player_choice":"Became Test Subject","damage_taken":0,"max_hp_gain":0,"max_hp_loss":0,"event_name":"Drug Dealer","floor":29,"gold_loss":0,"cards_obtained":["Noxious Fumes","Backstab"]}],"is_beta":false,"boss_relics":[{"not_picked":["Ectoplasm","Runic Dome"],"picked":"WristBlade"}],"items_purged_floors":[8],"is_endless":false,"potions_floor_spawned":[3,5,6,7,25],"killed_by":"Automaton","ascension_level":0}}