{"host":"birdoosa9v9yfc1w","time":1614062329,"event":{"mods":["2.2 Compatiblity","BaseMod","Bossed Relics","Colored Map","Colored Powertips","Dark Map","Halation","Highlight Path","Minty Spire (QoL Compilation)","Rare Cards Sparkle","Relic Filter","SacredBarkPlus","StSLib","The Jungle","Thrall Mod"],"gold_per_floor":[109,109,119,135,152,185,195,195,248,248,277,290,290,290,290,390,390,406,417,867,883,896,926,943,957,957,990,990,1001,1029,265,265,368,368,387,402,76,76,76,110,120,449,449,469,469,469,489,539,539,539,539,539,76,101,101],"floor_reached":56,"language":"ENG","playtime":2455,"items_purged":["Strike_Thrall"],"score":1872,"play_id":"ef2a1bf0-1c50-4072-86b1-35bac3376813","local_time":"20210223013849","is_ascension_mode":true,"campfire_choices":[{"data":"Doomhammer","floor":8.0,"key":"SMITH"},{"data":"Hallazeal","floor":10.0,"key":"SMITH"},{"data":"Manatidetotem","floor":13.0,"key":"SMITH"},{"data":"Flametonguetotem","floor":15.0,"key":"SMITH"},{"data":"Hallazeal","floor":28.0,"key":"SMITH"},{"floor":32.0,"key":"RECALL"},{"data":"Flametonguetotem","floor":45,"key":"SMITH"},{"data":"Hex","floor":49,"key":"SMITH"},{"data":"Maelstromportal","floor":52,"key":"SMITH"}],"circlet_count":0,"master_deck":["AscendersBane","Strike_Thrall","Strike_Thrall+1","Strike_Thrall","Defend_Thrall+1","Defend_Thrall","Defend_Thrall","Defend_Thrall","Lightningbolt","Thecoin","Hallazeal+1","Flametonguetotem+1","Hex+1","Manatidetotem+1","Doomhammer+1","Zap","Frostshock+1","Beakeredlightning+1","Beakeredlightning+1","Thingfrombelow","Dustdevil+1","Hallazeal+1","Dustdevil","Dramatic Entrance","Thralldeathseer","CurseOfTheBell","Maelstromportal+1","Flametonguetotem+1","Flametonguetotem+1","Rumblingelemental","Avalanche"],"relics":["Totem","Singing Bowl","Art of War","Pen Nib","Lavashock","halation:LettersToHer","Ginger","Potion Belt","Eternal Feather","Vajra","halation:TwoAmDonut","halation:Jellyphish","Calling Bell","TheAbacus","halation:LostSnail","halation:WeightlessCrab","HandDrill","Bag of Marbles","halation:PapillonHeart","Whetstone","halation:PrussianBluePaint","CaptainsWheel","DollysMirror","StrikeDummy","halation:SwordOfLegend"],"acts_visited":["Exordium","TheCity","TheBeyond","TheEnding"],"potions_floor_usage":[55,55,55,55,55],"damage_taken":[{"damage":15.0,"enemies":"Jaw Worm","floor":1.0,"turns":5.0},{"damage":13.0,"enemies":"Cultist","floor":3.0,"turns":5.0},{"damage":6.0,"enemies":"Small Slimes","floor":4.0,"turns":4.0},{"damage":38.0,"enemies":"2 Fungi Beasts","floor":5.0,"turns":6.0},{"damage":52.0,"enemies":"Lagavulin","floor":6.0,"turns":9.0},{"damage":26.0,"enemies":"Lots of Slimes","floor":7.0,"turns":3.0},{"damage":33.0,"enemies":"3 Sentries","floor":11.0,"turns":7.0},{"damage":16.0,"enemies":"Red Slaver","floor":12.0,"turns":5.0},{"damage":41.0,"enemies":"The Guardian","floor":16.0,"turns":9.0},{"damage":26.0,"enemies":"Spheric Guardian","floor":18.0,"turns":4.0},{"damage":45.0,"enemies":"Chosen","floor":19.0,"turns":6.0},{"damage":46.0,"enemies":"3 Cultists","floor":21.0,"turns":5.0},{"damage":19.0,"enemies":"Chosen and Byrds","floor":22.0,"turns":5.0},{"damage":8.0,"enemies":"Gremlin Leader","floor":23.0,"turns":7.0},{"damage":30.0,"enemies":"Snake Plant","floor":24.0,"turns":4.0},{"damage":52.0,"enemies":"Shelled Parasite and Fungi","floor":25.0,"turns":5.0},{"damage":33.0,"enemies":"Book of Stabbing","floor":27.0,"turns":5.0},{"damage":22.0,"enemies":"3 Cultists","floor":29.0,"turns":4.0},{"damage":34.0,"enemies":"Slavers","floor":30.0,"turns":3.0},{"damage":62.0,"enemies":"Champ","floor":33.0,"turns":9.0},{"damage":34,"enemies":"Orb Walker","floor":35,"turns":4},{"damage":23,"enemies":"3 Darklings","floor":36,"turns":4},{"damage":63,"enemies":"Giant Head","floor":40,"turns":7},{"damage":20,"enemies":"Jaw Worm Horde","floor":41,"turns":2},{"damage":78,"enemies":"Reptomancer","floor":42,"turns":4},{"damage":23,"enemies":"Writhing Mass","floor":44,"turns":3},{"damage":0,"enemies":"3 Darklings","floor":47,"turns":1},{"damage":0,"enemies":"Mind Bloom Boss Battle","floor":48,"turns":3},{"damage":82,"enemies":"Donu and Deca","floor":50,"turns":6},{"damage":32,"enemies":"Shield and Spear","floor":54,"turns":3},{"damage":100,"enemies":"The Heart","floor":55,"turns":8}],"seed_played":"361862223146920459","potions_obtained":[{"floor":2.0,"key":"Explosive Potion"},{"floor":2.0,"key":"CultistPotion"},{"floor":2.0,"key":"Energy Potion"},{"floor":11.0,"key":"Strength Potion"},{"floor":18.0,"key":"SneckoOil"},{"floor":22.0,"key":"SmokeBomb"},{"floor":27.0,"key":"Ancient Potion"},{"floor":30.0,"key":"Swift Potion"},{"floor":36,"key":"LiquidBronze"},{"floor":40,"key":"LiquidMemories"},{"floor":44,"key":"CultistPotion"}],"is_trial":false,"path_per_floor":["M","?","M","M","M","E","M","R","T","R","E","M","R","?","R","B",null,"M","M","?","M","M","E","M","M","T","E","R","M","E","$","R","B",null,"M","M","$","?","?","E","M","E","T","M","R","?","M","?","R","B",null,"R","$","E","B",null],"character_chosen":"THRALL","items_purchased":["Vajra","halation:TwoAmDonut","halation:Jellyphish","Dustdevil","Dramatic Entrance","Maelstromportal","HandDrill","Bag of Marbles","DollysMirror","StrikeDummy","Rumblingelemental"],"campfire_rested":0,"item_purchase_floors":[31,31,31,31,31,37,37,37,53,53,53],"current_hp_per_floor":[70,70,70,64,63,53,38,38,38,38,65,61,61,46,46,76,76,76,73,27,48,76,78,60,51,51,80,80,82,66,66,81,84,84,56,88,88,84,84,84,86,88,88,90,90,90,92,94,94,94,94,94,94,94,94],"gold":101,"neow_bonus":"TRANSFORM_CARD","is_daily":false,"chose_seed":false,"campfire_upgraded":8,"win_rate":0.0,"timestamp":1614062329,"path_taken":["M","?","M","?","M","E","M","R","T","R","E","M","R","?","R","BOSS","M","M","?","?","?","E","M","?","T","E","R","M","E","?","R","BOSS","M","M","$","?","?","E","?","E","T","M","R","?","M","?","R","BOSS","R","$","E","BOSS"],"items_purchased_type":["Relic","Relic","Relic","Card","Card","Card","Relic","Relic","Relic","Relic","Card"],"build_version":"2020-12-22","purchased_purges":1,"victory":true,"max_hp_per_floor":[70,70,70,70,70,70,72,72,72,72,72,74,74,74,74,76,76,76,76,76,76,76,78,80,80,80,80,80,82,84,84,84,84,84,86,88,88,84,84,84,86,88,88,90,90,90,92,94,94,94,94,94,94,94,94],"card_choices":[{"not_picked":["Jinyu","Jadecheiftain","Vitalitytotem"],"picked":"SKIP","floor":1.0},{"not_picked":["Menacingnimbus","Fireguard"],"picked":"Flametonguetotem","floor":3.0},{"not_picked":["Jadecheiftain","Healingwave"],"picked":"Hex","floor":4.0},{"not_picked":["Rumblingelemental","Drakkaridefender"],"picked":"Manatidetotem","floor":5.0},{"not_picked":["Blazing","Lightningbolt"],"picked":"Doomhammer","floor":6.0},{"not_picked":["Witchsapprentice","Farsight","Jinyu"],"picked":"Singing Bowl","floor":7.0},{"not_picked":["Whiteeyes","Rockbiter"],"picked":"Zap","floor":11.0},{"not_picked":["Jadecheiftain","Fireelemental","Jadelightning"],"picked":"Singing Bowl","floor":12.0},{"not_picked":["Lavaburst","Elementaldestruction","Hagatha"],"picked":"Singing Bowl","floor":16.0},{"not_picked":["Dustdevil","Thecoin"],"picked":"Frostshock","floor":18.0},{"not_picked":["Reincarnate","Rockbiter+1"],"picked":"Beakeredlightning","floor":19.0},{"not_picked":["Likkim","Forkedlightning+1"],"picked":"Beakeredlightning+1","floor":21.0},{"not_picked":["Jadelightning","Frostshock"],"picked":"Thingfrombelow","floor":22.0},{"not_picked":["Beakeredlightning","Elementaryreaction","Jadecheiftain"],"picked":"Singing Bowl","floor":23.0},{"not_picked":["Frostshock","Forkedlightning","Menacingnimbus+1"],"picked":"Singing Bowl","floor":24.0},{"not_picked":["Healingwave+1","Ancestralknow"],"picked":"Dustdevil+1","floor":25.0},{"not_picked":["Totemicsmash","Spiritofthefrog"],"picked":"Hallazeal","floor":27.0},{"not_picked":["Witchsapprentice","Frostshock","Farsight+1"],"picked":"Singing Bowl","floor":29.0},{"not_picked":["Evolve","Fireguard","Lightningbolt"],"picked":"Singing Bowl","floor":30.0},{"not_picked":["Tunneltrogg","Whiteeyes"],"picked":"Thralldeathseer","floor":33.0},{"not_picked":["Elementaryreaction+1","Dustdevil+1","Jinyu+1"],"picked":"Singing Bowl","floor":35},{"not_picked":["Healingrain+1","Witchsapprentice","Evolve+1"],"picked":"Singing Bowl","floor":36},{"not_picked":["Volcano+1","Snowfurygiant"],"picked":"Flametonguetotem","floor":40},{"not_picked":["Lightningbolt+1","Witchsapprentice","Dustdevil"],"picked":"Singing Bowl","floor":41},{"not_picked":["Healingrain","Fireguard","Dustdevil+1"],"picked":"Singing Bowl","floor":42},{"not_picked":["Elementaldestruction","Ancestralknow","Zap+1"],"picked":"Singing Bowl","floor":44},{"not_picked":["Elementaryreaction","Farsight+1","Thecoin"],"picked":"Singing Bowl","floor":47},{"not_picked":["Vitalitytotem","Lightningstorm","Tidalsurge+1"],"picked":"Singing Bowl","floor":48},{"not_picked":["Totemicsmash","Fireelemental"],"picked":"Avalanche","floor":54}],"player_experience":653180,"relics_obtained":[{"floor":6.0,"key":"Singing Bowl"},{"floor":9.0,"key":"Art of War"},{"floor":11.0,"key":"Pen Nib"},{"floor":23.0,"key":"halation:LettersToHer"},{"floor":26.0,"key":"halation:LettersToHer"},{"floor":26.0,"key":"Ginger"},{"floor":27.0,"key":"Potion Belt"},{"floor":30.0,"key":"Eternal Feather"},{"floor":34.0,"key":"TheAbacus"},{"floor":34.0,"key":"halation:LostSnail"},{"floor":34.0,"key":"halation:WeightlessCrab"},{"floor":40,"key":"Whetstone"},{"floor":42,"key":"halation:PrussianBluePaint"},{"floor":43,"key":"halation:LettersToHer"},{"floor":48,"key":"CaptainsWheel"},{"floor":54,"key":"halation:SwordOfLegend"}],"event_choices":[{"damage_healed":0.0,"max_hp_gain":0.0,"max_hp_loss":0.0,"gold_gain":0.0,"event_name":"Lab","player_choice":"Got Potions","floor":2.0,"gold_loss":0.0,"damage_taken":0.0},{"damage_healed":0.0,"max_hp_gain":0.0,"max_hp_loss":0.0,"gold_gain":0.0,"event_name":"Shining Light","player_choice":"Entered Light","floor":14.0,"gold_loss":0.0,"damage_taken":15.0,"cards_upgraded":["Strike_Thrall","Defend_Thrall"]},{"damage_healed":0.0,"max_hp_gain":0.0,"max_hp_loss":0.0,"gold_gain":450.0,"event_name":"Knowing Skull","player_choice":"GOLD GOLD GOLD GOLD GOLD ","floor":20.0,"potions_obtained":[],"gold_loss":0.0,"damage_taken":46.0,"cards_obtained":[]},{"cards_removed":["Defend_Thrall"],"damage_healed":0,"gold_gain":0,"player_choice":"Purged","damage_taken":0,"max_hp_gain":0,"max_hp_loss":0,"event_name":"Purifier","floor":39,"gold_loss":0},{"damage_healed":0,"gold_gain":0,"player_choice":"Ignored","damage_taken":0,"max_hp_gain":0,"max_hp_loss":0,"event_name":"Tomb of Lord Red Mask","floor":46,"gold_loss":0},{"damage_healed":0,"gold_gain":0,"player_choice":"Fight","damage_taken":0,"max_hp_gain":0,"max_hp_loss":0,"event_name":"MindBloom","floor":48,"gold_loss":0}],"is_beta":false,"boss_relics":[{"not_picked":["halation:HeavySnake","Philosopher\u0027s Stone"],"picked":"Lavashock"},{"not_picked":["Tiny House","halation:Yufonium"],"picked":"Calling Bell"}],"items_purged_floors":[31],"is_endless":false,"potions_floor_spawned":[3,6,11,18,22,23,27,30,36,40,44,48,54],"ascension_level":10}}