{"host":"2se5dq1do2gp0x9k","time":1614059648,"event":{"mods":["AchievementEnabler","BaseMod","Block Reminder","Colored Map","Colored Powertips","Minty Spire (QoL Compilation)","Relic Stats","StSLib","SuperFastMode"],"gold_per_floor":[114,34,109,119,119,119,154,154,154,174,174,205,219,231,231,309,309,327,327,337,173,173,173,73,73,73,90,101,133,133,143,143,143,143],"floor_reached":33,"language":"ENG","playtime":1021,"items_purged":["Strike_G","Strike_G"],"score":480,"play_id":"3df09794-f8b0-444a-a85f-ab21c7a71092","local_time":"20210222215408","is_ascension_mode":true,"campfire_choices":[{"data":"Neutralize","floor":6,"key":"SMITH"},{"data":"Catalyst","floor":8,"key":"SMITH"},{"data":"Deadly Poison","floor":15,"key":"SMITH"},{"data":"Burst","floor":23,"key":"SMITH"},{"data":"Footwork","floor":25,"key":"SMITH"},{"floor":30,"key":"REST"},{"floor":32,"key":"REST"}],"circlet_count":0,"master_deck":["AscendersBane","Strike_G","Strike_G","Strike_G","Defend_G","Defend_G","Defend_G","Defend_G","Defend_G","Survivor","Neutralize+1","Poisoned Stab","Crippling Poison+1","Quick Slash","Catalyst+1","Footwork+1","Leg Sweep","Deadly Poison+1","Cloak And Dagger","Burst+1","Deadly Poison","Noxious Fumes","Decay","Blur","Backflip","Outmaneuver","Acrobatics"],"relics":["Ring of the Snake","NeowsBlessing","Pen Nib","Ornamental Fan","Sundial","Unceasing Top","Snecko Eye","Matryoshka","InkBottle"],"acts_visited":["Exordium","TheCity"],"potions_floor_usage":[12,16,29,31,33],"damage_taken":[{"damage":0,"enemies":"Jaw Worm","floor":1,"turns":1},{"damage":0,"enemies":"2 Louse","floor":4,"turns":1},{"damage":0,"enemies":"Gremlin Nob","floor":7,"turns":1},{"damage":0,"enemies":"Cultist","floor":10,"turns":3},{"damage":12,"enemies":"3 Sentries","floor":12,"turns":9},{"damage":8,"enemies":"Looter","floor":13,"turns":3},{"damage":12,"enemies":"Exordium Thugs","floor":14,"turns":4},{"damage":10,"enemies":"Hexaghost","floor":16,"turns":8},{"damage":13,"enemies":"Chosen","floor":18,"turns":5},{"damage":15,"enemies":"Shell Parasite","floor":20,"turns":6},{"damage":14,"enemies":"Snake Plant","floor":27,"turns":2},{"damage":2,"enemies":"Snecko","floor":28,"turns":5},{"damage":0,"enemies":"Slavers","floor":29,"turns":5},{"damage":0,"enemies":"Centurion and Healer","floor":31,"turns":6},{"damage":46,"enemies":"Automaton","floor":33,"turns":8}],"seed_played":"1545515866644446122","potions_obtained":[{"floor":4,"key":"EssenceOfSteel"},{"floor":10,"key":"BlessingOfTheForge"},{"floor":13,"key":"Block Potion"},{"floor":18,"key":"LiquidMemories"},{"floor":29,"key":"LiquidBronze"}],"is_trial":false,"path_per_floor":["M","$","?","M","?","R","E","R","T","M","T","E","M","M","R","B",null,"M","?","M","$","?","R","$","R","T","M","M","E","R","M","R","B"],"character_chosen":"THE_SILENT","items_purchased":["Crippling Poison","Noxious Fumes"],"campfire_rested":2,"item_purchase_floors":[2,21],"current_hp_per_floor":[59,59,48,48,48,48,48,48,48,48,48,36,28,16,16,6,51,38,38,23,23,23,23,23,23,23,9,7,7,26,26,45,0,0],"gold":143,"neow_bonus":"THREE_ENEMY_KILL","is_daily":false,"chose_seed":false,"campfire_upgraded":5,"win_rate":0.0,"timestamp":1614059648,"path_taken":["M","$","?","M","?","R","E","R","T","M","?","E","M","?","R","BOSS","M","?","M","?","?","R","$","R","T","M","?","E","R","M","R","BOSS"],"items_purchased_type":["Card","Card"],"build_version":"2020-12-22","purchased_purges":2,"victory":false,"max_hp_per_floor":[66,66,66,66,66,66,66,66,66,66,66,66,66,66,66,66,66,66,66,66,66,66,66,66,66,66,66,66,66,66,66,66,66,66],"relic_stats":{"counters":[15,67],"Ornamental Fan":[32],"Sundial":[8],"Snecko Eye":[66,74,70,63],"Pen Nib":[7],"obtain_stats":[{"Matryoshka":26,"NeowsBlessing":0,"Ornamental Fan":9,"Sundial":11,"Snecko Eye":17,"Pen Nib":7,"Unceasing Top":12,"InkBottle":29,"Ring of the Snake":0},{"Matryoshka":10,"NeowsBlessing":0,"Ornamental Fan":3,"Sundial":4,"Snecko Eye":8,"Pen Nib":3,"Unceasing Top":5,"InkBottle":13,"Ring of the Snake":0},{"Matryoshka":41,"NeowsBlessing":0,"Ornamental Fan":3,"Sundial":6,"Snecko Eye":30,"Pen Nib":3,"Unceasing Top":15,"InkBottle":53,"Ring of the Snake":0}],"Unceasing Top":[1],"InkBottle":[5],"Ring of the Snake":[30]},"card_choices":[{"not_picked":["Deflect","Quick Slash"],"picked":"Poisoned Stab","floor":1},{"not_picked":["Dodge and Roll","Flechettes"],"picked":"Quick Slash","floor":4},{"not_picked":["Prepared","Doppelganger"],"picked":"Catalyst","floor":7},{"not_picked":["Infinite Blades","Slice"],"picked":"Footwork","floor":10},{"not_picked":["Masterful Stab","Predator"],"picked":"Leg Sweep","floor":12},{"not_picked":["Quick Slash","Cloak And Dagger"],"picked":"Deadly Poison","floor":13},{"not_picked":["Infinite Blades","Deflect"],"picked":"Cloak And Dagger","floor":14},{"not_picked":["Die Die Die","Wraith Form v2"],"picked":"Burst","floor":16},{"not_picked":["Dagger Throw","PiercingWail"],"picked":"Deadly Poison","floor":18},{"not_picked":["Concentrate","Cloak And Dagger","Slice"],"picked":"SKIP","floor":20},{"not_picked":["Cloak And Dagger","Masterful Stab+1"],"picked":"Blur","floor":27},{"not_picked":["Blur","Distraction"],"picked":"Backflip","floor":28},{"not_picked":["Glass Knife","Endless Agony"],"picked":"Outmaneuver","floor":29},{"not_picked":["Deadly Poison","Reflex+1"],"picked":"Acrobatics","floor":31}],"player_experience":4125357,"relics_obtained":[{"floor":7,"key":"Pen Nib"},{"floor":9,"key":"Ornamental Fan"},{"floor":11,"key":"Sundial"},{"floor":12,"key":"Unceasing Top"},{"floor":26,"key":"Matryoshka"},{"floor":29,"key":"InkBottle"}],"event_choices":[{"damage_healed":0,"gold_gain":75,"player_choice":"Gather Gold","damage_taken":11,"max_hp_gain":0,"max_hp_loss":0,"event_name":"World of Goop","floor":3,"gold_loss":0},{"damage_healed":0,"gold_gain":0,"player_choice":"Grow","damage_taken":0,"max_hp_gain":0,"max_hp_loss":0,"event_name":"Living Wall","floor":5,"gold_loss":0,"cards_upgraded":["Crippling Poison"]},{"damage_healed":0,"gold_gain":0,"player_choice":"0 cards matched","damage_taken":0,"max_hp_gain":0,"max_hp_loss":0,"event_name":"Match and Keep!","floor":19,"gold_loss":0,"cards_obtained":[]},{"damage_healed":0,"gold_gain":0,"player_choice":"Cursed","damage_taken":0,"max_hp_gain":0,"max_hp_loss":0,"event_name":"Wheel of Change","floor":22,"gold_loss":0,"cards_obtained":["Decay"]}],"is_beta":false,"boss_relics":[{"not_picked":["Ectoplasm","Cursed Key"],"picked":"Snecko Eye"}],"items_purged_floors":[21,24],"is_endless":false,"potions_floor_spawned":[4,10,13,18,28,29],"killed_by":"Automaton","ascension_level":20}}