{"host":"y4a3sxyjdefykvlo","time":1614057992,"event":{"mods":["AchievementEnabler","BaseMod","Colored Map","Colored Powertips","Downfall","Googly Eyes","Highlight Path","Minty Spire (QoL Compilation)","StSLib"],"gold_per_floor":[11,86,98,23,41,71,71,91,91,107,118,118,131,162,162,262,262,272,283,101,112,112,140,140,169,169,169,197,197,207,207,207],"floor_reached":31,"language":"ENG","playtime":1682,"items_purged":["Strike_R","Defend_R"],"score":365,"play_id":"0a0e1610-2a9b-4dec-8651-ecd5bef00bec","local_time":"20210222232632","is_ascension_mode":true,"campfire_choices":[{"data":"Metamorphosis","floor":7.0,"key":"SMITH"},{"data":"Battle Trance","floor":12.0,"key":"SMITH"},{"data":"Defend_R","floor":15.0,"key":"SMITH"},{"data":"Dual Wield","floor":24.0,"key":"SMITH"},{"data":"Brutality","floor":27.0,"key":"SMITH"}],"circlet_count":0,"master_deck":["Strike_R","Strike_R","Strike_R","Strike_R","Defend_R","Defend_R","Defend_R+1","Bash","Metamorphosis+1","Battle Trance+1","Brutality+1","Thunderclap+1","Dual Wield+1","Double Tap","downfall:Bewildered"],"relics":["Burning Blood","HornCleat","Matryoshka","PreservedInsect","Black Star","sneckomod:BabySnecko","Darkstone Periapt","Omamori","White Beast Statue","Orichalcum","Vajra","The Courier","Boot","InkBottle"],"acts_visited":["Exordium","TheCity"],"potions_floor_usage":[30],"damage_taken":[{"damage":3.0,"enemies":"Jaw Worm","floor":1.0,"turns":5.0},{"damage":0.0,"enemies":"Cultist","floor":3.0,"turns":2.0},{"damage":2.0,"enemies":"2 Louse","floor":5.0,"turns":3.0},{"damage":28.0,"enemies":"Gremlin Nob","floor":6.0,"turns":4.0},{"damage":9.0,"enemies":"Exordium Wildlife","floor":8.0,"turns":3.0},{"damage":1.0,"enemies":"2 Fungi Beasts","floor":10.0,"turns":3.0},{"damage":0.0,"enemies":"Blue Slaver","floor":11.0,"turns":4.0},{"damage":15.0,"enemies":"Exordium Wildlife","floor":13.0,"turns":3.0},{"damage":4.0,"enemies":"3 Sentries","floor":14.0,"turns":8.0},{"damage":9.0,"enemies":"Hexaghost","floor":16.0,"turns":7.0},{"damage":9.0,"enemies":"Chosen","floor":18.0,"turns":3.0},{"damage":14.0,"enemies":"2 Thieves","floor":19.0,"turns":3.0},{"damage":26.0,"enemies":"Sentry and Sphere","floor":21.0,"turns":5.0},{"damage":14.0,"enemies":"Gremlin Leader","floor":23.0,"turns":5.0},{"damage":26.0,"enemies":"Book of Stabbing","floor":25.0,"turns":4.0},{"damage":2.0,"enemies":"Gremlin Leader","floor":28.0,"turns":3.0},{"damage":25,"enemies":"Shelled Parasite and Fungi","floor":30,"turns":4},{"damage":7,"enemies":"Book of Stabbing","floor":31,"turns":1}],"seed_played":"-5416030438902464470","potions_obtained":[{"floor":5.0,"key":"Guardian:BlockOnCardUsePotion"},{"floor":6.0,"key":"SpeedPotion"},{"floor":8.0,"key":"AttackPotion"},{"floor":21.0,"key":"BloodPotion"},{"floor":23.0,"key":"BlessingOfTheForge"},{"floor":28.0,"key":"Strength Potion"},{"floor":30,"key":"hexamod:SoulburnPotion"}],"is_trial":false,"path_per_floor":["M","?","M","$","M","E","R","M","T","M","M","R","M","E","R","B",null,"M","M","$","M","?","E","R","E","T","R","E","?","M","E"],"character_chosen":"IRONCLAD","items_purchased":["Double Tap"],"campfire_rested":0,"item_purchase_floors":[20],"current_hp_per_floor":[80,69,75,75,79,57,57,54,54,59,65,65,56,58,58,55,80,77,69,69,49,49,57,57,37,37,37,41,26,7,0,0],"gold":207,"neow_bonus":"RANDOM_COLORLESS_2","is_daily":false,"chose_seed":false,"campfire_upgraded":5,"win_rate":0.0,"timestamp":1614057992,"path_taken":["M","?","M","?","?","E","R","M","T","M","M","R","M","E","R","BOSS","M","M","$","M","?","E","R","E","T","R","E","?","M","E"],"items_purchased_type":["Card"],"build_version":"2020-12-22","purchased_purges":2,"victory":false,"max_hp_per_floor":[80,80,80,80,80,80,80,80,80,80,80,80,80,80,80,80,80,80,80,80,80,80,80,80,80,80,80,80,85,85,85,85],"card_choices":[{"not_picked":["Thinking Ahead","Transmutation"],"picked":"Metamorphosis","floor":0.0},{"not_picked":["Heavy Blade","Iron Wave","Clothesline"],"picked":"SKIP","floor":1.0},{"not_picked":["Twin Strike","Offering","Dark Embrace"],"picked":"SKIP","floor":3.0},{"not_picked":["Flex","Disarm","Sword Boomerang"],"picked":"SKIP","floor":5.0},{"not_picked":["Warcry","Inflame","Feel No Pain"],"picked":"SKIP","floor":6.0},{"not_picked":["Pommel Strike","Heavy Blade"],"picked":"Battle Trance","floor":8.0},{"not_picked":["Cleave","Burning Pact","Headbutt"],"picked":"SKIP","floor":10.0},{"not_picked":["Feel No Pain","Wild Strike","True Grit"],"picked":"SKIP","floor":11.0},{"not_picked":["Spot Weakness","Whirlwind","Sword Boomerang"],"picked":"SKIP","floor":13.0},{"not_picked":["Shockwave","Headbutt","Battle Trance"],"picked":"SKIP","floor":14.0},{"not_picked":["Corruption","Offering"],"picked":"Brutality","floor":16.0},{"not_picked":["Pommel Strike","Fire Breathing"],"picked":"Thunderclap+1","floor":18.0},{"not_picked":["Sword Boomerang","Clothesline"],"picked":"Dual Wield","floor":19.0},{"not_picked":["Headbutt","Warcry","Dual Wield"],"picked":"SKIP","floor":21.0},{"not_picked":["Cleave","Dark Embrace","Power Through"],"picked":"SKIP","floor":23.0},{"not_picked":["Power Through+1","Rampage","Feel No Pain"],"picked":"SKIP","floor":25.0},{"not_picked":["True Grit","Warcry","Fiend Fire"],"picked":"SKIP","floor":28.0},{"not_picked":["Flex","Dropkick","Power Through"],"picked":"SKIP","floor":30}],"player_experience":127451,"relics_obtained":[{"floor":6.0,"key":"HornCleat"},{"floor":9.0,"key":"Matryoshka"},{"floor":14.0,"key":"PreservedInsect"},{"floor":23.0,"key":"Darkstone Periapt"},{"floor":23.0,"key":"Omamori"},{"floor":25.0,"key":"White Beast Statue"},{"floor":25.0,"key":"Orichalcum"},{"floor":26.0,"key":"Vajra"},{"floor":26.0,"key":"The Courier"},{"floor":28.0,"key":"Boot"},{"floor":28.0,"key":"InkBottle"}],"event_choices":[{"damage_healed":0.0,"max_hp_gain":0.0,"max_hp_loss":0.0,"gold_gain":75.0,"event_name":"World of Goop","player_choice":"Gather Gold","floor":2.0,"gold_loss":0.0,"damage_taken":11.0},{"damage_healed":0.0,"max_hp_gain":5.0,"max_hp_loss":0.0,"gold_gain":0.0,"event_name":"Forgotten Altar","player_choice":"Shed Blood","floor":29.0,"gold_loss":0.0,"damage_taken":20.0}],"is_beta":false,"boss_relics":[{"not_picked":["Runic Pyramid","Coffee Dripper"],"picked":"Black Star"}],"items_purged_floors":[4,20],"is_endless":false,"potions_floor_spawned":[5,6,8,14,16,18,21,23,28,30],"killed_by":"Book of Stabbing","ascension_level":2}}