{"host":"zybdh2ue20qfjbiz","time":1614084825,"event":{"mods":["AchievementEnabler","BaseMod","Better Altar","Better Skull","BetterRewards","Friendly Minions","Koishi","Lobotomy","LobotomyExtend","Minty Spire (QoL Compilation)","RemiliaÅiÂQïƒ‰ª?Åj","StSLib"],"gold_per_floor":[116,126,46,58,58,90,102,137,137,157,170,195,141,141,141,239,239,255,273,273,283,283,316,316,343,423,436,450,480,494,494,494,598,598,618,632,644,205,218,252,270,270,297,314,326,355,355,380,380,380,380,380,380,59,90,90],"floor_reached":57,"language":"ENG","playtime":4222,"items_purged":["Strike_R","Defend_R","Strike_R","Strike_R","Strike_R"],"score":1591,"play_id":"5550bd10-cf9a-4fd2-98d6-2d40f9ae1c6e","local_time":"20210223155345","is_ascension_mode":true,"campfire_choices":[{"data":"Disarm","floor":15,"key":"SMITH"},{"data":"Inflame","floor":24,"key":"SMITH"},{"data":"Bash","floor":32,"key":"SMITH"},{"data":"Berserk","floor":42,"key":"SMITH"},{"data":"Dual Wield","floor":47,"key":"SMITH"},{"floor":49,"key":"RECALL"},{"data":"Shockwave","floor":53,"key":"SMITH"}],"circlet_count":0,"master_deck":["Defend_R","Defend_R","Defend_R","Bash+1","Inflame+1","Dropkick","Clothesline","Disarm+1","Pommel Strike","Rage","Rampage","Warcry","Pommel Strike+1","Dual Wield+1","Shrug It Off","Exhume","Shrug It Off+1","J.A.X.","Evolve","Battle Trance+1","Inflame","Shrug It Off+1","Flame Barrier+1","Berserk+1","Iron Wave+1","Metallicize+1","Disarm+1","Shockwave+1","Fire Breathing+1","Body Slam","Whirlwind+1","Headbutt+1","Dropkick+1"],"relics":["Burning Blood","PreservedInsect","LetterFromLob","HornCleat","Dream Catcher","Meat on the Bone","Lizard Tail","Sozu","MealTicket","CaptainsWheel","Pear","Ice Cream","Coffee Dripper","Oddly Smooth Stone","DollysMirror","Bag of Preparation","Red Skull","TungstenRod","Whetstone","Bag of Marbles"],"acts_visited":["Exordium","TheCity","TheBeyond","TheEnding"],"potions_floor_usage":[10,16,33,33],"damage_taken":[{"damage":1,"enemies":"Cultist","floor":1,"turns":3},{"damage":6,"enemies":"Jaw Worm","floor":2,"turns":3},{"damage":0,"enemies":"2 Louse","floor":4,"turns":2},{"damage":13,"enemies":"Lagavulin","floor":6,"turns":6},{"damage":3,"enemies":"Large Slime","floor":7,"turns":5},{"damage":14,"enemies":"3 Sentries","floor":8,"turns":6},{"damage":13,"enemies":"Gremlin Gang","floor":10,"turns":5},{"damage":20,"enemies":"Lots of Slimes","floor":11,"turns":4},{"damage":11,"enemies":"Lagavulin","floor":12,"turns":5},{"damage":21,"enemies":"The Guardian","floor":16,"turns":14},{"damage":10,"enemies":"Shell Parasite","floor":18,"turns":5},{"damage":15,"enemies":"Spheric Guardian","floor":19,"turns":5},{"damage":7,"enemies":"Snake Plant","floor":21,"turns":5},{"damage":28,"enemies":"Slavers","floor":23,"turns":6},{"damage":5,"enemies":"Book of Stabbing","floor":25,"turns":6},{"damage":16,"enemies":"Snecko","floor":27,"turns":5},{"damage":15,"enemies":"Centurion and Healer","floor":28,"turns":6},{"damage":23,"enemies":"Gremlin Leader","floor":29,"turns":6},{"damage":14,"enemies":"Shelled Parasite and Fungi","floor":30,"turns":7},{"damage":74,"enemies":"Automaton","floor":33,"turns":14},{"damage":1,"enemies":"3 Shapes","floor":35,"turns":6},{"damage":20,"enemies":"3 Darklings","floor":36,"turns":8},{"damage":14,"enemies":"Maw","floor":37,"turns":8},{"damage":3,"enemies":"Sphere and 2 Shapes","floor":39,"turns":6},{"damage":18,"enemies":"Nemesis","floor":40,"turns":9},{"damage":3,"enemies":"Transient","floor":41,"turns":5},{"damage":15,"enemies":"Jaw Worm Horde","floor":44,"turns":7},{"damage":11,"enemies":"3 Darklings","floor":45,"turns":8},{"damage":9,"enemies":"Giant Head","floor":46,"turns":7},{"damage":3,"enemies":"Reptomancer","floor":48,"turns":6},{"damage":5,"enemies":"Time Eater","floor":50,"turns":10},{"damage":39,"enemies":"Shield and Spear","floor":55,"turns":7},{"damage":53,"enemies":"The Heart","floor":56,"turns":8}],"seed_played":"1576507336923806337","potions_obtained":[{"floor":2,"key":"EssenceOfSteel"},{"floor":7,"key":"EntropicBrew"},{"floor":10,"key":"Ancient Potion"}],"is_trial":false,"path_per_floor":["M","M","$","M","?","E","M","E","T","M","M","E","$","T","R","B",null,"M","M","?","M","?","E","R","E","T","M","M","E","M","?","R","B",null,"M","M","M","$","M","E","M","R","T","M","M","E","R","E","R","B",null,null,"R","$","E","B",null],"character_chosen":"IRONCLAD","items_purchased":["PreservedInsect","Inflame","Dropkick","BloodPotion","Disarm","Shrug It Off","Oddly Smooth Stone","DollysMirror","Whetstone"],"campfire_rested":0,"item_purchase_floors":[0,0,0,0,3,13,38,38,54],"current_hp_per_floor":[52,52,52,58,58,51,54,46,46,70,59,57,57,57,57,57,92,88,82,94,93,93,71,71,72,82,72,63,58,62,62,62,70,105,105,91,83,98,101,89,92,92,92,83,78,75,75,78,78,79,79,105,105,105,72,37],"gold":90,"neow_bonus":"","is_daily":false,"chose_seed":false,"campfire_upgraded":6,"win_rate":0.0,"timestamp":1614084825,"path_taken":["M","M","?","M","?","E","M","E","T","M","?","E","?","?","R","BOSS","M","M","?","M","?","E","R","E","T","M","M","E","M","?","R","BOSS","M","?","M","?","M","E","M","R","T","?","M","E","R","E","R","BOSS","R","$","E","BOSS"],"items_purchased_type":["Relic","Card","Card","Potion","Card","Card","Relic","Relic","Relic"],"build_version":"2020-12-22","purchased_purges":5,"victory":true,"max_hp_per_floor":[80,80,80,80,80,80,80,80,80,83,86,89,89,89,89,92,92,92,95,95,95,95,95,95,95,105,105,105,105,105,105,105,105,105,105,105,105,105,105,105,105,105,105,105,105,105,105,105,105,105,105,105,105,105,105,105],"card_choices":[{"not_picked":["True Grit","Fire Breathing","Flex"],"picked":"SKIP","floor":1},{"not_picked":["Dual Wield","Thunderclap"],"picked":"Clothesline","floor":2},{"not_picked":["Fire Breathing","Perfected Strike"],"picked":"Pommel Strike","floor":4},{"not_picked":["Combust","Wild Strike"],"picked":"Rage","floor":6},{"not_picked":["Clothesline","Headbutt"],"picked":"Rampage","floor":7},{"not_picked":["Pummel","Berserk"],"picked":"Feed","floor":8},{"not_picked":["Twin Strike","Ghostly Armor"],"picked":"Warcry","floor":10},{"not_picked":["Clothesline","Reckless Charge"],"picked":"Pommel Strike","floor":11},{"not_picked":["Havoc","Carnage"],"picked":"Dual Wield","floor":12},{"not_picked":["Corruption","Offering"],"picked":"Exhume","floor":16},{"not_picked":["Flex+1","Clash","Cleave"],"picked":"SKIP","floor":18},{"not_picked":["Body Slam+1","Feel No Pain","Sword Boomerang"],"picked":"SKIP","floor":19},{"not_picked":["Intimidate","Corruption"],"picked":"Shrug It Off+1","floor":21},{"not_picked":["Warcry","Wild Strike","Evolve"],"picked":"SKIP","floor":23},{"not_picked":["Warcry","Wild Strike"],"picked":"Evolve","floor":23},{"not_picked":["Limit Break","Dark Embrace+1"],"picked":"Battle Trance+1","floor":25},{"not_picked":["Havoc","Shrug It Off"],"picked":"Inflame","floor":27},{"not_picked":["Wild Strike+1","Warcry"],"picked":"Shrug It Off+1","floor":28},{"not_picked":["Havoc+1","Armaments"],"picked":"Flame Barrier+1","floor":29},{"not_picked":["Flex","Rage","Cleave"],"picked":"SKIP","floor":30},{"not_picked":["Corruption","Fiend Fire"],"picked":"Berserk","floor":33},{"not_picked":["Feel No Pain+1","Pommel Strike+1"],"picked":"Iron Wave+1","floor":35},{"not_picked":["Sever Soul+1","Flex","Pommel Strike"],"picked":"SKIP","floor":36},{"not_picked":["Cleave","Thunderclap+1"],"picked":"Metallicize+1","floor":37},{"not_picked":["Infernal Blade","Pommel Strike+1"],"picked":"Shockwave","floor":39},{"not_picked":["Hemokinesis+1","Wild Strike+1"],"picked":"Fire Breathing+1","floor":40},{"not_picked":["Body Slam","Havoc","Uppercut"],"picked":"SKIP","floor":41},{"not_picked":["Berserk","Anger"],"picked":"Body Slam","floor":44},{"not_picked":["Flex+1","Iron Wave+1"],"picked":"Whirlwind","floor":45},{"not_picked":["Shockwave","Wild Strike"],"picked":"Headbutt+1","floor":46},{"not_picked":["Infernal Blade+1","Shockwave+1"],"picked":"Dropkick+1","floor":48},{"not_picked":["Havoc+1","Sentinel+1","Infernal Blade"],"picked":"SKIP","floor":55}],"player_experience":437453,"relics_obtained":[{"floor":1,"key":"LetterFromLob"},{"floor":6,"key":"HornCleat"},{"floor":8,"key":"Dream Catcher"},{"floor":9,"key":"Meat on the Bone"},{"floor":12,"key":"Lizard Tail"},{"floor":23,"key":"MealTicket"},{"floor":25,"key":"CaptainsWheel"},{"floor":26,"key":"Pear"},{"floor":29,"key":"Ice Cream"},{"floor":40,"key":"Bag of Preparation"},{"floor":43,"key":"Red Skull"},{"floor":46,"key":"TungstenRod"},{"floor":55,"key":"Bag of Marbles"}],"event_choices":[{"cards_removed":["Strike_R"],"damage_healed":0,"gold_gain":0,"player_choice":"Offered Basic","damage_taken":0,"max_hp_gain":0,"max_hp_loss":0,"event_name":"Bonfire Elementals","floor":5,"gold_loss":0},{"damage_healed":0,"gold_gain":0,"player_choice":"Obtain J.A.X.","damage_taken":0,"max_hp_gain":0,"max_hp_loss":0,"event_name":"Drug Dealer","floor":22,"gold_loss":0,"cards_obtained":["J.A.X."]},{"damage_healed":0,"gold_gain":0,"player_choice":"Bought 0 Potions","damage_taken":0,"max_hp_gain":0,"max_hp_loss":0,"event_name":"The Woman in Blue","floor":31,"gold_loss":0}],"is_beta":false,"boss_relics":[{"not_picked":["Philosopher\u0027s Stone","Empty Cage"],"picked":"Sozu"},{"not_picked":["Pandora\u0027s Box","Black Star"],"picked":"Coffee Dripper"}],"items_purged_floors":[0,0,0,38,54],"is_endless":false,"potions_floor_spawned":[2,7,10,11,12,19,23,27,36,37,39,40,48,55],"ascension_level":1}}