{"host":"9tdhussg6z28ni1x","time":1614091840,"event":{"mods":["2.2 Compatiblity","Act Like it!","Arknights","BaseMod","CapriCore","KOR Keyword Fix","Minty Spire (QoL Compilation)","Relic Stats","Replay The Spire","StSLib","SuperFastMode","The Dragon Tamer","The Hierophant","The Poker Player","WarShipGirlsR/??á´Ò³R mod"],"gold_per_floor":[110,124,124,124,124,157,177,177,177,191,206,230,254,224,224,355,355,378,303,324,177,177,177],"floor_reached":22,"language":"KOR","playtime":1063,"items_purged":["Strike_R"],"score":254,"play_id":"90bce986-4cec-4c00-a49b-e9086fbe3964","local_time":"20210223235040","is_ascension_mode":true,"campfire_choices":[{"floor":8,"key":"REST"},{"floor":15,"key":"REST"}],"circlet_count":0,"master_deck":["Strike_R","Strike_R","Strike_R","Defend_R","Defend_R","Defend_R","Defend_R","Bash","Body Slam+1","Eclipse","Evolve","Power Through","Armaments","Power Through+1"],"relics":["Burning Blood","Golden Idol","Blood Vial","InkBottle","Empty Cage","Regal Pillow"],"acts_visited":["Exordium","TheCity"],"potions_floor_usage":[16,16,22],"damage_taken":[{"damage":17,"enemies":"Small Slimes","floor":1,"turns":5},{"damage":13,"enemies":"2 Louse","floor":2,"turns":3},{"damage":45,"enemies":"3 Sentries","floor":6,"turns":9},{"damage":1,"enemies":"Cultist","floor":7,"turns":3},{"damage":20,"enemies":"Gremlin Gang","floor":10,"turns":6},{"damage":11,"enemies":"Looter","floor":11,"turns":4},{"damage":11,"enemies":"3 Louse","floor":12,"turns":4},{"damage":14,"enemies":"Blue Slaver","floor":13,"turns":4},{"damage":12,"enemies":"Looter","floor":14,"turns":4},{"damage":36,"enemies":"Fading Forest","floor":16,"turns":11},{"damage":25,"enemies":"Chosen","floor":18,"turns":5},{"damage":37,"enemies":"Spheric Guardian","floor":20,"turns":6},{"damage":59,"enemies":"Snecko","floor":22,"turns":8}],"seed_played":"-1190080911042275066","potions_obtained":[{"floor":10,"key":"BloodPotion"},{"floor":13,"key":"Fire Potion"},{"floor":18,"key":"Energy Potion"},{"floor":20,"key":"FairyPotion"}],"is_trial":false,"path_per_floor":["M","M","?","?","?","E","M","R","T","M","M","M","M","M","R","B",null,"M","$","M","$","M"],"character_chosen":"IRONCLAD","items_purchased":["Regal Pillow"],"campfire_rested":2,"item_purchase_floors":[21],"current_hp_per_floor":[61,54,54,54,54,15,22,46,46,34,31,28,22,18,42,30,68,51,51,22,22,0,0],"gold":177,"neow_bonus":"THREE_CARDS","is_daily":false,"chose_seed":false,"campfire_upgraded":0,"win_rate":0.0,"timestamp":1614091840,"path_taken":["M","M","?","?","?","E","M","R","T","M","M","M","?","M","R","BOSS","M","$","M","$","?"],"items_purchased_type":["Relic"],"build_version":"2020-12-22","purchased_purges":1,"victory":false,"max_hp_per_floor":[80,80,80,80,80,80,80,80,80,80,80,80,80,80,80,80,80,80,80,80,80,80,80],"relic_stats":{"Blood Vial":20,"Regal Pillow":0,"counters":[13,72],"Golden Idol":62,"obtain_stats":[{"Blood Vial":6,"Regal Pillow":21,"Golden Idol":4,"Empty Cage":17,"Burning Blood":0,"InkBottle":9},{"Blood Vial":3,"Regal Pillow":12,"Golden Idol":2,"Empty Cage":10,"Burning Blood":0,"InkBottle":4},{"Blood Vial":17,"Regal Pillow":64,"Golden Idol":8,"Empty Cage":53,"Burning Blood":0,"InkBottle":20}],"Burning Blood":72,"InkBottle":[19]},"card_choices":[{"not_picked":["Pummel","Thunderclap"],"picked":"Body Slam","floor":0},{"not_picked":["Cleave","Sword Boomerang","ReplayTheSpireMod:Strike From Hell"],"picked":"SKIP","floor":1},{"not_picked":["Thunderclap","Clothesline","Perfected Strike"],"picked":"SKIP","floor":2},{"not_picked":[],"picked":"Eclipse","floor":3},{"not_picked":["ReplayTheSpireMod:Corrosion Curse","ReplayTheSpireMod:Strike From Hell","Reckless Charge"],"picked":"SKIP","floor":6},{"not_picked":["Run Through","Second Wind"],"picked":"Evolve","floor":7},{"not_picked":["Clash","Blood for Blood"],"picked":"Power Through","floor":10},{"not_picked":["Dark Embrace","Wild Strike"],"picked":"Armaments","floor":11},{"not_picked":["Run Through","Ghostly Armor","Twin Strike"],"picked":"SKIP","floor":12},{"not_picked":["Warcry","Intimidate","Combust"],"picked":"SKIP","floor":13},{"not_picked":["Iron Wave","ReplayReversal","ReplayTheSpireMod:LeadingStrike"],"picked":"SKIP","floor":14},{"not_picked":["Uppercut","Sword Boomerang","Twin Strike+1"],"picked":"SKIP","floor":18},{"not_picked":["Carnage","Disarm+1"],"picked":"Power Through+1","floor":20}],"player_experience":267652,"relics_obtained":[{"floor":6,"key":"Blood Vial"},{"floor":9,"key":"InkBottle"}],"event_choices":[{"damage_healed":0,"gold_gain":0,"player_choice":"Take Wound","damage_taken":0,"relics_obtained":["Golden Idol"],"max_hp_gain":0,"max_hp_loss":0,"event_name":"Golden Idol","floor":4,"gold_loss":0,"cards_obtained":["Injury"]},{"damage_healed":0,"gold_gain":0,"player_choice":"Upgraded","damage_taken":0,"max_hp_gain":0,"max_hp_loss":0,"event_name":"Upgrade Shrine","floor":5,"gold_loss":0,"cards_upgraded":["Body Slam"]}],"is_beta":false,"boss_relics":[{"not_picked":["Replay:Drink Me","Painkiller Herb"],"picked":"Empty Cage"}],"items_purged_floors":[19],"is_endless":false,"potions_floor_spawned":[10,13,18,20],"killed_by":"Snecko","ascension_level":7}}