{"host":"b1k9tvirjqaexfiq","time":1614059001,"event":{"mods":["AchievementEnabler","BaseMod","Bestiary","Better Third Choice","BetterRewards","Bossed Relics","CapriCore","Colored Powertips","Conspire","Curses Come First","Energized Spire","Highlight Path","Hubris","Infinite Spire","Marked Mod","Minty Spire (QoL Compilation)","Permanent Neow","Quick Restart","Rare Cards Sparkle","Reliquary","Shop Mod","StSLib","The Animator","Together in Spire","Waifu the Spire","??????REMEMod"],"gold_per_floor":[117,128,140,49,64,64,98,112,135,135,170,170,180,209,209,312,312,332,351,47,47,60,60,93,105,105,139,158,168,186,186,186,285,285,296,312,24,24,24,55,75,0,27,57,57,70,0,11,11,11],"floor_reached":51,"language":"ENG","playtime":4086,"items_purged":[],"score":1033,"play_id":"e38fb781-c9fc-4203-ad88-c1465ac4003a","local_time":"20210222234321","is_ascension_mode":true,"campfire_choices":[{"data":"Corruption","floor":6,"key":"SMITH"},{"floor":10,"key":"REST"},{"floor":12,"key":"REST"},{"floor":15,"key":"REST"},{"data":"Blind","floor":23,"key":"SMITH"},{"data":"REME_Scribble","floor":32,"key":"SMITH"},{"floor":45,"key":"REST"},{"floor":49,"key":"REST"}],"circlet_count":0,"master_deck":["Defend_R","Defend_R","Exhume","Exhume","Exhume","Exhume","Exhume","Exhume","Infernal Blade","Infernal Blade","Corruption+1","Flex","Blind+1","Sentinel","Havoc","Disarm","REME_Scribble+1","Demon Form+1","Flex+1","REME_LeechingPoison","Infernal Blade","EmptyBody","Sadistic Nature+1","animator:EmiyaShirou","animator:NarberalGamma","Blade Dance+1","Leap+1","animator:Illya","Infernal Blade"],"relics":["Burning Blood","REME_ComplimentaryCards","Toy Ornithopter","Juzu Bracelet","Blue Candle","Frozen Egg 2","Bottled Tornado","hubris:RunicObelisk","PrismaticShard","infinitespire:Golems Mask","hubris:Zylophone","infinitespire:Lychee Nut","WingedGreaves","hubris:Backtick","Chemical X","Magic Flower","StoneCalendar","Red Mask","Centennial Puzzle","Kunai"],"acts_visited":["Exordium","TheCity","TheBeyond"],"potions_floor_usage":[11,14,16,18,24,40,40,40,48],"damage_taken":[{"damage":0,"enemies":"Cultist","floor":1,"turns":2},{"damage":29,"enemies":"Jaw Worm","floor":2,"turns":6},{"damage":14,"enemies":"2 Louse","floor":3,"turns":3},{"damage":12,"enemies":"Large Slime","floor":5,"turns":4},{"damage":20,"enemies":"Lagavulin","floor":7,"turns":5},{"damage":0,"enemies":"Exordium Wildlife","floor":8,"turns":2},{"damage":49,"enemies":"Gremlin Nob","floor":11,"turns":4},{"damage":8,"enemies":"Blue Slaver","floor":13,"turns":2},{"damage":30,"enemies":"Lagavulin","floor":14,"turns":5},{"damage":58,"enemies":"The Guardian","floor":16,"turns":10},{"damage":13,"enemies":"Spheric Guardian","floor":18,"turns":3},{"damage":23,"enemies":"Shell Parasite","floor":19,"turns":3},{"damage":28,"enemies":"Centurion and Healer","floor":22,"turns":5},{"damage":42,"enemies":"Book of Stabbing","floor":24,"turns":5},{"damage":20,"enemies":"Snake Plant","floor":25,"turns":5},{"damage":56,"enemies":"Slavers","floor":27,"turns":6},{"damage":10,"enemies":"Chosen and Byrds","floor":28,"turns":3},{"damage":32,"enemies":"Shelled Parasite and Fungi","floor":29,"turns":4},{"damage":24,"enemies":"Centurion and Healer","floor":30,"turns":6},{"damage":59,"enemies":"Champ","floor":33,"turns":7},{"damage":25,"enemies":"3 Darklings","floor":35,"turns":6},{"damage":23,"enemies":"Orb Walker","floor":36,"turns":3},{"damage":99,"enemies":"Reptomancer","floor":40,"turns":5},{"damage":45,"enemies":"Writhing Mass","floor":41,"turns":6},{"damage":72,"enemies":"Giant Head","floor":44,"turns":7},{"damage":45,"enemies":"3 Darklings","floor":46,"turns":5},{"damage":36,"enemies":"Maw","floor":48,"turns":7},{"damage":115,"enemies":"Awakened One","floor":50,"turns":8}],"seed_played":"-3997125051006335258","potions_obtained":[{"floor":2,"key":"FearPotion"},{"floor":5,"key":"DistilledChaos"},{"floor":11,"key":"ColorlessPotion"},{"floor":16,"key":"SneckoOil"},{"floor":22,"key":"Fire Potion"},{"floor":24,"key":"ElixirPotion"},{"floor":27,"key":"EssenceOfSteel"},{"floor":30,"key":"DuplicationPotion"},{"floor":33,"key":"conspire:TimeTravelPotion"},{"floor":40,"key":"Fruit Juice"},{"floor":41,"key":"Strength Potion"},{"floor":44,"key":"Block Potion"}],"is_trial":false,"path_per_floor":["M","M","M","$","M","R","E","M","T","R","E","R","M","E","R","B",null,"M","M","$","?","M","R","E","M","T","E","M","M","M","?","R","B",null,"M","M","$","?","?","E","M","?","T","E","R","M","$","M","R","B",null],"character_chosen":"IRONCLAD","items_purchased":["Blind","PrismaticShard","reliquary:FerryPass","Magic Flower","Infernal Blade"],"campfire_rested":5,"item_purchase_floors":[4,20,20,37,47],"current_hp_per_floor":[80,57,49,49,43,43,29,35,35,59,21,45,43,26,50,30,71,71,56,56,56,65,65,54,100,75,67,75,83,85,85,85,71,86,88,94,94,94,89,97,94,94,94,48,79,109,109,87,112,7248],"gold":11,"neow_bonus":"ONE_RANDOM_RARE_CARD","is_daily":false,"chose_seed":false,"campfire_upgraded":3,"win_rate":0.0,"timestamp":1614059001,"path_taken":["M","M","M","$","?","R","E","M","T","R","E","R","M","E","R","BOSS","M","M","$","?","M","R","E","M","T","E","M","M","M","?","R","BOSS","M","M","$","?","?","E","M","?","T","E","R","M","?","M","R","BOSS"],"items_purchased_type":["Card","Relic","Relic","Relic","Card"],"build_version":"2020-12-22","purchased_purges":0,"victory":true,"max_hp_per_floor":[80,80,80,80,80,80,80,80,80,80,80,80,80,82,82,84,84,86,88,88,88,92,92,98,100,75,79,81,83,85,85,85,91,91,94,94,94,94,89,97,103,103,103,106,106,109,109,112,112,7284],"card_choices":[{"not_picked":["REME_Cut","Clash","Entrench"],"picked":"SKIP","floor":1},{"not_picked":["Twin Strike","Anger","Pommel Strike"],"picked":"SKIP","floor":2},{"not_picked":["Anger","Feel No Pain"],"picked":"Flex","floor":3},{"not_picked":["Clash","conspire:HitWhereItHurts"],"picked":"Sentinel","floor":5},{"not_picked":["Body Slam","Thunderclap"],"picked":"Havoc","floor":7},{"not_picked":["conspire:Charge","hubris:SharpeningStone"],"picked":"Disarm","floor":8},{"not_picked":["Clothesline","Wild Strike","Body Slam"],"picked":"SKIP","floor":11},{"not_picked":["Spot Weakness","True Grit"],"picked":"REME_Scribble","floor":13},{"not_picked":["Heavy Blade","Perfected Strike","Searing Blow"],"picked":"SKIP","floor":14},{"not_picked":["conspire:Purge","Impervious"],"picked":"Demon Form+1","floor":16},{"not_picked":["Dual Wield","Rampage"],"picked":"Flex+1","floor":18},{"not_picked":["Heavy Blade","Headbutt"],"picked":"Infernal Blade","floor":19},{"not_picked":["animator:Berserker+1","Turbo"],"picked":"EmptyBody","floor":22},{"not_picked":["animator:Shigure","animator:Albedo"],"picked":"Sadistic Nature+1","floor":24},{"not_picked":["FollowUp","Eviscerate"],"picked":"animator:EmiyaShirou","floor":25},{"not_picked":["Compile Driver","LikeWater+1","REME_Compress"],"picked":"SKIP","floor":27},{"not_picked":["Sever Soul+1","animator:PandorasActor","animator:Fredrika"],"picked":"SKIP","floor":28},{"not_picked":["animator:Vanir","Slice+1"],"picked":"animator:NarberalGamma","floor":29},{"not_picked":["animator:Ciel+1","ReachHeaven","animator:Chung+1"],"picked":"SKIP","floor":30},{"not_picked":["REME_TwoStrings","ThirdEye"],"picked":"Blade Dance+1","floor":35},{"not_picked":["Forethought+1","Reflex+1","Heavy Blade+1"],"picked":"SKIP","floor":36},{"not_picked":["Sanctity","animator:YuiTsuruno+1"],"picked":"Leap+1","floor":40},{"not_picked":["Leap","Reprogram"],"picked":"animator:Illya","floor":41},{"not_picked":["FearNoEvil","Prostrate","animator:Aqua"],"picked":"SKIP","floor":44},{"not_picked":["animator:Berserker","animator:AcuraShin","animator:Verdia+1"],"picked":"SKIP","floor":46},{"not_picked":["Forethought+1","animator:DolaCouronne+1","Gash+1"],"picked":"SKIP","floor":48}],"player_experience":85575,"relics_obtained":[{"floor":7,"key":"Toy Ornithopter"},{"floor":9,"key":"Juzu Bracelet"},{"floor":11,"key":"Blue Candle"},{"floor":14,"key":"Frozen Egg 2"},{"floor":24,"key":"infinitespire:Golems Mask"},{"floor":25,"key":"hubris:Zylophone"},{"floor":26,"key":"infinitespire:Lychee Nut"},{"floor":27,"key":"WingedGreaves"},{"floor":40,"key":"StoneCalendar"},{"floor":43,"key":"Centennial Puzzle"},{"floor":44,"key":"Kunai"}],"event_choices":[{"damage_healed":0,"gold_gain":0,"player_choice":"Ignored","damage_taken":0,"max_hp_gain":0,"max_hp_loss":0,"event_name":"Beggar","floor":31,"gold_loss":0},{"damage_healed":0,"gold_gain":0,"player_choice":"Max HP","damage_taken":0,"max_hp_gain":0,"max_hp_loss":5,"event_name":"Winding Halls","floor":39,"gold_loss":0},{"damage_healed":0,"gold_gain":0,"player_choice":"Paid","damage_taken":0,"relics_obtained":["Red Mask"],"max_hp_gain":0,"max_hp_loss":0,"event_name":"Tomb of Lord Red Mask","floor":42,"gold_loss":75}],"is_beta":false,"boss_relics":[{"not_picked":["hubris:GrandSneckoEye","infinitespire:Burning Sword"],"picked":"hubris:RunicObelisk"},{"not_picked":["reliquary:KinkedSpring","conspire:RoyalGoblet"],"picked":"hubris:Backtick"}],"items_purged_floors":[],"is_endless":false,"potions_floor_spawned":[2,5,11,16,22,24,27,30,33,40,41,44],"ascension_level":5}}