{"host":"0ueeacaatm8t6jyh","time":1614085076,"event":{"mods":["AchievementEnabler","BaseMod","Colored Powertips","Minty Spire (QoL Compilation)","Quick Restart","Rare Cards Sparkle","Shop Mod","StSLib"],"gold_per_floor":[112,112,37,37,57,90,90,31,31,48,63,63,83,98,98,98,98],"floor_reached":16,"language":"ZHS","playtime":493,"items_purged":["Strike_G"],"score":248,"play_id":"aa89b834-3624-4add-9dea-0e64c4bfc795","local_time":"20210223205756","is_ascension_mode":true,"campfire_choices":[{"data":"Acrobatics","floor":7.0,"key":"SMITH"},{"floor":15,"key":"REST"}],"circlet_count":0,"master_deck":["AscendersBane","Strike_G","Strike_G","Strike_G","Strike_G","Defend_G","Defend_G","Defend_G","Defend_G","Defend_G","Survivor","Neutralize","Acrobatics+1","Reflex","Reflex","Acrobatics","Doppelganger","Prepared","Noxious Fumes"],"relics":["Ring of the Snake","NeowsBlessing","Juzu Bracelet","Peace Pipe"],"acts_visited":["Exordium"],"potions_floor_usage":[],"damage_taken":[{"damage":0.0,"enemies":"Cultist","floor":1.0,"turns":1.0},{"damage":0.0,"enemies":"Small Slimes","floor":5.0,"turns":1.0},{"damage":0.0,"enemies":"3 Sentries","floor":6.0,"turns":1.0},{"damage":10.0,"enemies":"Jaw Worm","floor":10.0,"turns":8.0},{"damage":6.0,"enemies":"Exordium Thugs","floor":11.0,"turns":2.0},{"damage":40,"enemies":"Large Slime","floor":13,"turns":10},{"damage":2,"enemies":"Blue Slaver","floor":14,"turns":9},{"damage":28,"enemies":"Hexaghost","floor":16,"turns":9}],"seed_played":"8637996031721934256","potions_obtained":[{"floor":1.0,"key":"Weak Potion"},{"floor":5.0,"key":"Ancient Potion"},{"floor":6.0,"key":"EntropicBrew"}],"is_trial":false,"path_per_floor":["M","?","$","?","M","E","R","$","T","M","M","$","M","M","R","B"],"character_chosen":"THE_SILENT","items_purchased":["Acrobatics"],"campfire_rested":1,"item_purchase_floors":[8],"current_hp_per_floor":[59,64,64,64,64,64,64,64,64,54,48,48,8,6,27,0,0],"gold":98,"neow_bonus":"THREE_ENEMY_KILL","is_daily":false,"chose_seed":false,"campfire_upgraded":1,"win_rate":0.0,"timestamp":1614085076,"path_taken":["M","?","$","?","M","E","R","$","T","M","M","?","M","M","R","BOSS"],"items_purchased_type":["Card"],"build_version":"2020-12-22","purchased_purges":1,"victory":false,"max_hp_per_floor":[66,71,71,71,71,71,71,71,71,71,71,71,71,71,71,71,71],"card_choices":[{"not_picked":["Eviscerate","Riddle With Holes"],"picked":"Acrobatics","floor":1.0},{"not_picked":["Backflip","Distraction"],"picked":"Reflex","floor":5.0},{"not_picked":["Outmaneuver","Blur"],"picked":"Reflex","floor":6.0},{"not_picked":["Slice","Crippling Poison","Deflect"],"picked":"SKIP","floor":10.0},{"not_picked":["Slice","Infinite Blades"],"picked":"Doppelganger","floor":11.0},{"not_picked":["Flechettes","Underhanded Strike"],"picked":"Prepared","floor":13},{"not_picked":["PiercingWail","Sucker Punch"],"picked":"Noxious Fumes","floor":14}],"player_experience":576692,"relics_obtained":[{"floor":6.0,"key":"Juzu Bracelet"},{"floor":9.0,"key":"Peace Pipe"}],"event_choices":[{"damage_healed":0.0,"max_hp_gain":5.0,"max_hp_loss":0.0,"gold_gain":0.0,"event_name":"Big Fish","player_choice":"Donut","floor":2.0,"gold_loss":0.0,"damage_taken":0.0},{"damage_healed":0.0,"max_hp_gain":0.0,"max_hp_loss":0.0,"gold_gain":0.0,"event_name":"The Cleric","player_choice":"Leave","floor":4.0,"gold_loss":0.0,"damage_taken":0.0}],"is_beta":false,"boss_relics":[],"items_purged_floors":[3],"is_endless":false,"potions_floor_spawned":[1,5,6,10],"killed_by":"Hexaghost","ascension_level":19}}