{"host":"x039aayur7qovk2d","time":1614119297,"event":{"mods":["AchievementEnabler","BaseMod","Block Reminder","Colored Map","Colored Powertips","DeckTracker","Googly Eyes","Highlight Path","Minty Spire (QoL Compilation)","Permanent Neow","Quick Restart","Rare Cards Sparkle","Relic Sorter","Relic Stats"],"gold_per_floor":[51,67,67,123,155,228,245,292,292,326,363,396,396,428,428,529,529,543,543,559,658,426,471,500,500,526,555,593,360,397,463,463,566,566,608,618,718,728,728,728,763,763,763,804,804,424,424,450,450,475,475],"floor_reached":50,"language":"ENG","playtime":4219,"items_purged":["Strike_G","Defend_G","Strike_G"],"score":705,"play_id":"fc752172-06d0-4fc9-8405-74f2e5511e49","local_time":"20210223142817","is_ascension_mode":false,"campfire_choices":[{"floor":13.0,"key":"REST"},{"data":"HandOfGreed","floor":15.0,"key":"SMITH"},{"data":"Dash","floor":25.0,"key":"SMITH"},{"data":"Glass Knife","floor":32.0,"key":"SMITH"},{"floor":40,"key":"REST"},{"floor":49,"key":"REST"}],"circlet_count":0,"master_deck":["Strike_G","Strike_G","Strike_G","Defend_G","Defend_G","Defend_G","Survivor","Neutralize","HandOfGreed+1","Quick Slash","Blade Dance","Dash+1","Flying Knee","Backstab","Dagger Throw","Quick Slash","Blade Dance","Quick Slash","Glass Knife+1","Tactician+1","Backflip+1","Quick Slash","Acrobatics","Escape Plan+1","Tactician","Backflip+1","Blade Dance+1","Flying Knee+1","Blade Dance","Parasite","Reflex","Thinking Ahead","Flash of Steel","Acrobatics","Caltrops+1","Dagger Throw+1"],"relics":["Ring of the Snake","Orichalcum","Blue Candle","Kunai","Sozu","Strawberry","Frozen Egg 2","MawBank","Vajra","Lee\u0027s Waffle","HoveringKite","CaptainsWheel","Bag of Preparation","InkBottle","Gremlin Horn"],"acts_visited":["Exordium","TheCity","TheBeyond"],"potions_floor_usage":[],"damage_taken":[{"damage":1.0,"enemies":"Small Slimes","floor":1.0,"turns":5.0},{"damage":4.0,"enemies":"Cultist","floor":2.0,"turns":3.0},{"damage":3.0,"enemies":"2 Louse","floor":4.0,"turns":5.0},{"damage":23.0,"enemies":"Exordium Wildlife","floor":5.0,"turns":5.0},{"damage":0.0,"enemies":"3 Sentries","floor":6.0,"turns":5.0},{"damage":0.0,"enemies":"Large Slime","floor":7.0,"turns":3.0},{"damage":12.0,"enemies":"Lagavulin","floor":8.0,"turns":4.0},{"damage":0.0,"enemies":"2 Fungi Beasts","floor":10.0,"turns":2.0},{"damage":5.0,"enemies":"Exordium Thugs","floor":11.0,"turns":4.0},{"damage":0.0,"enemies":"3 Louse","floor":12.0,"turns":3.0},{"damage":0.0,"enemies":"Large Slime","floor":14.0,"turns":4.0},{"damage":0.0,"enemies":"Slime Boss","floor":16.0,"turns":4.0},{"damage":0.0,"enemies":"Shell Parasite","floor":18.0,"turns":3.0},{"damage":0.0,"enemies":"2 Thieves","floor":20.0,"turns":3.0},{"damage":16.0,"enemies":"Snake Plant","floor":23.0,"turns":6.0},{"damage":14.0,"enemies":"Gremlin Leader","floor":24.0,"turns":5.0},{"damage":1.0,"enemies":"Snecko","floor":27.0,"turns":4.0},{"damage":24.0,"enemies":"Book of Stabbing","floor":28.0,"turns":6.0},{"damage":0.0,"enemies":"3 Cultists","floor":30.0,"turns":5.0},{"damage":4.0,"enemies":"Chosen and Byrds","floor":31.0,"turns":5.0},{"damage":33.0,"enemies":"Collector","floor":33.0,"turns":11.0},{"damage":8,"enemies":"Orb Walker","floor":35,"turns":3},{"damage":19,"enemies":"3 Darklings","floor":36,"turns":5},{"damage":5,"enemies":"Mind Bloom Boss Battle","floor":37,"turns":5},{"damage":23,"enemies":"Writhing Mass","floor":38,"turns":10},{"damage":31,"enemies":"4 Shapes","floor":41,"turns":4},{"damage":3,"enemies":"Jaw Worm Horde","floor":44,"turns":3},{"damage":68,"enemies":"Reptomancer","floor":48,"turns":8},{"damage":46,"enemies":"Awakened One","floor":50,"turns":8}],"seed_played":"1298223517285726204","potions_obtained":[{"floor":1.0,"key":"DuplicationPotion"},{"floor":7.0,"key":"DistilledChaos"},{"floor":10.0,"key":"ColorlessPotion"},{"floor":11.0,"key":"Dexterity Potion"}],"is_trial":false,"path_per_floor":["M","M","?","M","M","E","M","E","T","M","M","M","R","M","R","B",null,"M","?","M","?","$","M","E","R","T","M","E","$","M","M","R","B",null,"M","M","?","M","?","R","M","?","T","M","?","$","?","E","R","B"],"character_chosen":"THE_SILENT","items_purchased":["Strawberry","Lee\u0027s Waffle","InkBottle"],"campfire_rested":3,"item_purchase_floors":[22,29,46],"current_hp_per_floor":[69,65,65,62,39,39,39,27,27,27,22,22,43,43,43,43,70,70,57,57,57,64,48,34,34,34,33,9,89,89,85,85,52,89,81,62,57,34,29,55,24,16,16,13,13,13,78,10,33,0,0],"gold":475,"neow_bonus":"RANDOM_COLORLESS_2","is_daily":false,"chose_seed":false,"campfire_upgraded":3,"win_rate":0.0,"timestamp":1614119297,"path_taken":["M","M","?","M","M","E","M","E","T","M","M","?","R","M","R","BOSS","M","?","M","?","$","M","E","R","T","M","E","$","M","?","R","BOSS","M","M","?","M","?","R","M","?","T","?","?","$","?","E","R","BOSS"],"items_purchased_type":["Relic","Relic","Relic"],"build_version":"2020-12-22","purchased_purges":3,"victory":false,"max_hp_per_floor":[70,70,70,70,70,70,70,70,70,70,70,70,70,70,70,70,70,70,75,75,75,82,82,82,82,82,82,82,89,89,89,89,89,89,89,89,89,89,89,89,89,89,89,89,89,89,78,78,78,78,78],"relic_stats":{"Lee\u0027s Waffle":80,"Gremlin Horn":[3,3],"counters":[29,141],"Blue Candle":[2],"HoveringKite":[19],"Bag of Preparation":[6],"Orichalcum":[138],"MawBank":36,"Sozu":6,"Kunai":[136],"obtain_stats":[{"Lee\u0027s Waffle":29,"Gremlin Horn":48,"Blue Candle":8,"Vajra":28,"HoveringKite":34,"Bag of Preparation":43,"Orichalcum":6,"Frozen Egg 2":24,"MawBank":26,"Sozu":17,"CaptainsWheel":37,"Strawberry":22,"Kunai":9,"InkBottle":46,"Ring of the Snake":0},{"Lee\u0027s Waffle":18,"Gremlin Horn":28,"Blue Candle":7,"Vajra":18,"HoveringKite":21,"Bag of Preparation":26,"Orichalcum":5,"Frozen Egg 2":16,"MawBank":16,"Sozu":12,"CaptainsWheel":24,"Strawberry":14,"Kunai":7,"InkBottle":27,"Ring of the Snake":0},{"Lee\u0027s Waffle":74,"Gremlin Horn":133,"Blue Candle":30,"Vajra":74,"HoveringKite":95,"Bag of Preparation":122,"Orichalcum":23,"Frozen Egg 2":64,"MawBank":64,"Sozu":47,"CaptainsWheel":108,"Strawberry":53,"Kunai":30,"InkBottle":125,"Ring of the Snake":0}],"InkBottle":[15],"Ring of the Snake":[58]},"card_choices":[{"not_picked":["Secret Technique","Transmutation"],"picked":"HandOfGreed","floor":0.0},{"not_picked":["Acrobatics","Backflip"],"picked":"Quick Slash","floor":1.0},{"not_picked":["Predator","Outmaneuver"],"picked":"Blade Dance","floor":2.0},{"not_picked":["Backflip","Corpse Explosion"],"picked":"Dash","floor":4.0},{"not_picked":["Poisoned Stab","Bane"],"picked":"Flying Knee","floor":5.0},{"not_picked":["Outmaneuver","Dagger Spray"],"picked":"Backstab","floor":6.0},{"not_picked":["Flying Knee","Well Laid Plans"],"picked":"Dagger Throw","floor":7.0},{"not_picked":["Corpse Explosion","Expertise"],"picked":"Quick Slash","floor":8.0},{"not_picked":["Bane","Dagger Throw"],"picked":"Blade Dance","floor":10.0},{"not_picked":["Flying Knee","Concentrate","Dagger Spray"],"picked":"SKIP","floor":11.0},{"not_picked":["Finisher","Bane","Dagger Spray"],"picked":"SKIP","floor":12.0},{"not_picked":["PiercingWail","Underhanded Strike"],"picked":"Quick Slash","floor":14.0},{"not_picked":["Unload","Wraith Form v2"],"picked":"Glass Knife","floor":16.0},{"not_picked":["Poisoned Stab","Underhanded Strike"],"picked":"Tactician+1","floor":18.0},{"not_picked":["Setup","Concentrate+1"],"picked":"Backflip+1","floor":20.0},{"not_picked":["Terror","Riddle With Holes+1"],"picked":"Quick Slash","floor":23.0},{"not_picked":["Predator","PiercingWail"],"picked":"Acrobatics","floor":24.0},{"not_picked":["All Out Attack","Deadly Poison"],"picked":"Escape Plan+1","floor":27.0},{"not_picked":["Dash","Slice"],"picked":"Tactician","floor":28.0},{"not_picked":["Acrobatics","Die Die Die"],"picked":"Backflip+1","floor":30.0},{"not_picked":["Cloak And Dagger","Predator"],"picked":"Blade Dance+1","floor":31.0},{"not_picked":["Bullet Time","Adrenaline"],"picked":"Night Terror","floor":33.0},{"not_picked":["Poisoned Stab","Heel Hook"],"picked":"Flying Knee+1","floor":35},{"not_picked":["Prepared+1","PiercingWail+1","Underhanded Strike"],"picked":"SKIP","floor":36},{"not_picked":["Prepared+1","Crippling Poison+1"],"picked":"Blade Dance","floor":37},{"not_picked":["Deflect+1","Dash"],"picked":"Reflex","floor":38},{"not_picked":["Purity","Transmutation"],"picked":"Thinking Ahead","floor":39},{"not_picked":["Enlightenment","Madness"],"picked":"Flash of Steel","floor":39},{"not_picked":["Poisoned Stab","Dash+1"],"picked":"Acrobatics","floor":41},{"not_picked":["Terror+1","Backflip+1"],"picked":"Caltrops+1","floor":44},{"not_picked":["All Out Attack","Acrobatics"],"picked":"Dagger Throw+1","floor":48}],"player_experience":115259,"relics_obtained":[{"floor":6.0,"key":"Orichalcum"},{"floor":8.0,"key":"Blue Candle"},{"floor":9.0,"key":"Kunai"},{"floor":24.0,"key":"Frozen Egg 2"},{"floor":26.0,"key":"MawBank"},{"floor":28.0,"key":"Vajra"},{"floor":37,"key":"CaptainsWheel"},{"floor":43,"key":"Bag of Preparation"},{"floor":48,"key":"Gremlin Horn"}],"event_choices":[{"cards_removed":["Defend_G"],"damage_healed":0.0,"max_hp_gain":0.0,"max_hp_loss":0.0,"gold_gain":0.0,"event_name":"Bonfire Elementals","player_choice":"Offered Basic","floor":3.0,"gold_loss":0.0,"damage_taken":0.0},{"damage_healed":0.0,"max_hp_gain":5.0,"max_hp_loss":0.0,"gold_gain":0.0,"event_name":"Forgotten Altar","player_choice":"Shed Blood","floor":19.0,"gold_loss":0.0,"damage_taken":18.0},{"damage_healed":0.0,"max_hp_gain":0.0,"max_hp_loss":0.0,"gold_gain":99.0,"event_name":"Nest","player_choice":"Stole From Cult","floor":21.0,"gold_loss":0.0,"damage_taken":0.0},{"damage_healed":0,"gold_gain":0,"player_choice":"Fight","damage_taken":0,"max_hp_gain":0,"max_hp_loss":0,"event_name":"MindBloom","floor":37,"gold_loss":0},{"damage_healed":0,"gold_gain":0,"player_choice":"Memory 2","damage_taken":5,"max_hp_gain":0,"max_hp_loss":0,"event_name":"SensoryStone","floor":39,"gold_loss":0},{"damage_healed":0,"gold_gain":0,"player_choice":"Damaged","damage_taken":8,"max_hp_gain":0,"max_hp_loss":0,"event_name":"Wheel of Change","floor":42,"gold_loss":0},{"cards_removed":["Night Terror"],"damage_healed":0,"gold_gain":0,"player_choice":"Removed Skill","damage_taken":0,"max_hp_gain":0,"max_hp_loss":0,"event_name":"Falling","floor":45,"gold_loss":0},{"damage_healed":78,"gold_gain":0,"player_choice":"Heal","damage_taken":0,"max_hp_gain":0,"max_hp_loss":11,"event_name":"The Moai Head","floor":47,"gold_loss":0}],"is_beta":false,"boss_relics":[{"not_picked":["Tiny House","Fusion Hammer"],"picked":"Sozu"},{"not_picked":["Coffee Dripper","Astrolabe"],"picked":"HoveringKite"}],"items_purged_floors":[22,29,46],"is_endless":false,"potions_floor_spawned":[1,7,10,11,18,20,31,36,38,44],"killed_by":"Awakened One","ascension_level":0}}