{"host":"wy4vwr4x0uqk666t","time":1614085597,"event":{"mods":["Aspiration","BaseMod","BetterRewards","Colored Powertips","Curses Come First","Defuse TimeMaze Blight","Downfall","Hubris","Infinite Spire","Jorbs\u0027s Wanderer Trilogy","Kalas","Lobotomy","Minty Spire (QoL Compilation)","Quick Restart","READ ME - Guardian Mod","Replay The Spire","StSLib","The Cursed","The Elementalist","The Hierophant","The Jungle","The Runesmith","The Servant 0.9.4","The Spell Scribe"],"gold_per_floor":[118,218,228,245,265,265,265,293,347,362,362,362],"floor_reached":11,"language":"ENG","playtime":440,"items_purged":[],"score":96,"play_id":"3adef9f0-0632-436d-b693-3e332c9e2f94","local_time":"20210223140637","is_ascension_mode":true,"campfire_choices":[{"floor":6,"key":"REST"}],"circlet_count":0,"master_deck":["Strike_G+1","Strike_G","Strike_G","Strike_G","Strike_G","Defend_G","Defend_G","Defend_G","Defend_G","Defend_G+1","Survivor","Neutralize","Scorched","Backflip","QueenOfHatred","Blade Dance","Funeral","Deflect","BeautyBeast","After Image","Deadly Poison","FieryBird","Blade Dance","Laetitia","Quick Slash"],"relics":["Ring of the Snake","CogitoBucket","Simple Rune","Toy Ornithopter","FleshIdol"],"acts_visited":["Exordium"],"potions_floor_usage":[8,11,11,11],"damage_taken":[{"damage":0,"enemies":"2 Louse","floor":1,"turns":4},{"damage":0,"enemies":"Cultist","floor":3,"turns":2},{"damage":9,"enemies":"Jaw Worm","floor":4,"turns":2},{"damage":34,"enemies":"2 Fungi Beasts","floor":5,"turns":4},{"damage":0,"enemies":"3 Louse","floor":7,"turns":3},{"damage":44,"enemies":"Gremlin Nob","floor":8,"turns":5},{"damage":3,"enemies":"Gremlin Gang","floor":10,"turns":2},{"damage":72,"enemies":"Lagavulin","floor":11,"turns":7}],"seed_played":"-5126393966763640046","potions_obtained":[{"floor":1,"key":"PowerPotion"},{"floor":7,"key":"Energy Potion"},{"floor":8,"key":"SpeedPotion"},{"floor":10,"key":"GhostInAJar"}],"is_trial":false,"path_per_floor":["M","?","M","M","M","R","M","E","T","M","E"],"character_chosen":"THE_SILENT","items_purchased":[],"campfire_rested":1,"item_purchase_floors":[],"current_hp_per_floor":[70,70,70,61,28,49,50,13,13,16,0,0],"gold":362,"neow_bonus":"","is_daily":false,"chose_seed":false,"campfire_upgraded":0,"win_rate":0.0,"timestamp":1614085597,"path_taken":["M","?","M","?","M","R","M","E","T","M","E"],"items_purchased_type":[],"build_version":"2020-12-22","purchased_purges":0,"victory":false,"max_hp_per_floor":[70,70,70,70,70,70,70,70,70,70,70,70],"card_choices":[{"not_picked":["PunishingBird","MeatLantern"],"picked":"Scorched","floor":1},{"not_picked":["Acrobatics","Escape Plan"],"picked":"Backflip","floor":1},{"not_picked":["OSAHOGD","FieryBird"],"picked":"QueenOfHatred","floor":3},{"not_picked":["Distraction","Poisoned Stab"],"picked":"Blade Dance","floor":3},{"not_picked":["OldLady","Murderer"],"picked":"Funeral","floor":4},{"not_picked":["Poisoned Stab","Endless Agony"],"picked":"Deflect","floor":4},{"not_picked":["Bloodbath","MHz"],"picked":"BeautyBeast","floor":5},{"not_picked":["Bane","Dash"],"picked":"After Image","floor":5},{"not_picked":["Deflect","Hidden Blade"],"picked":"Deadly Poison","floor":7},{"not_picked":["ShyLook","BlackSwan"],"picked":"FieryBird","floor":8},{"not_picked":["Atom Bomb","Quick Slash"],"picked":"Blade Dance","floor":8},{"not_picked":["FairyFestival","MHz"],"picked":"Laetitia","floor":10},{"not_picked":["ReplayTheSpireMod:Shiv Toss","Catalyst"],"picked":"Quick Slash","floor":10}],"player_experience":3750200,"relics_obtained":[{"floor":8,"key":"Simple Rune"},{"floor":9,"key":"Toy Ornithopter"}],"event_choices":[{"damage_healed":0,"gold_gain":100,"player_choice":"Pray","damage_taken":0,"max_hp_gain":0,"max_hp_loss":0,"event_name":"Golden Shrine","floor":2,"gold_loss":0}],"is_beta":false,"boss_relics":[],"items_purged_floors":[],"is_endless":false,"potions_floor_spawned":[1,7,8,10],"killed_by":"Lagavulin","ascension_level":5}}