{"host":"373g0ui1bgeshz9m","time":1614090339,"event":{"mods":["Act Like it!","Aspiration","BaseMod","Beaked The Cultist","Better Third Choice","Colored Map","Conspire","Downfall","Halation","Hermit","Hubris","Infinite Spire","Minty Spire (QoL Compilation)","Pale of the Ancients","Permanent Neow","Quick Restart","Replay The Spire","Shade Mod","Shop Mod","Spikes Relics","StSLib","The Animator","The Bladedancer","The Florist","The Jungle","The Necromancer","The Sage","Trackpad"],"gold_per_floor":[109,122,122,122,2,31,57,57,57,57,85,96,123,140,140,235,235,248,248,248,38,38,38,69,87,159,286,286,286,412,430,430,532,532,544,644,660,380,397,397,397,411,411,411,411,411,85,110,110,60],"floor_reached":51,"language":"ENG","playtime":3326,"items_purged":["Injury","Defend_G+1","Strike_G+1"],"score":883,"play_id":"52ffd5a4-55a0-4a57-8920-ac830985c4da","local_time":"20210223092539","is_ascension_mode":true,"campfire_choices":[{"data":"Neutralize","floor":8.0,"key":"SMITH"},{"data":"Dagger Spray","floor":10.0,"key":"SMITH"},{"data":"Backstab","floor":15.0,"key":"SMITH"},{"data":"Choke","floor":23.0,"key":"SMITH"},{"floor":28.0,"key":"REST"},{"data":"Infinite Blades","floor":41,"key":"SMITH"},{"data":"Caltrops","floor":44,"key":"SMITH"},{"floor":46,"key":"REST"},{"floor":49,"key":"REST"}],"circlet_count":0,"master_deck":["Strike_G+1","Defend_G+1","Defend_G+1","Defend_G+1","Survivor","Neutralize+1","Backstab+1","Dagger Spray+1","Cloak And Dagger+1","ReplayTheSpireMod:Tripwire+1","ReplayTheSpireMod:From All Sides","Bullet Time+1","Acrobatics+1","Poisoned Stab","Burst+1","ReplayTheSpireMod:Shiv Toss+1","Outmaneuver+1","Draining Mist+1","Deadly Poison+1","Caltrops+1","Choke+1","Blade Dance+1","conspire:DoublingDagger+1","Finisher","Infinite Blades+1","Calculated Gamble+1","Footwork"],"relics":["Ring of the Snake","Toxic Egg 2","hubris:Reverence","Odd Mushroom","aspiration:DSix","Smiling Mask","trackpad:GuardianSpirit","Astrolabe","hubris:Icosahedron","Enchiridion","Lantern","aspiration:HummingbirdHeart","halation:KoshaPiece","halation:LettersToHer","halation:EternalFortune","ToxicTincture","infinitespire:Beetle Shell","halation:Sosunser","trackpad:PetRock"],"acts_visited":["Exordium","TheCity","TheBeyond"],"potions_floor_usage":[],"damage_taken":[{"damage":0.0,"enemies":"Small Slimes","floor":1.0,"turns":3.0},{"damage":0.0,"enemies":"2 Louse","floor":2.0,"turns":2.0},{"damage":12.0,"enemies":"3 Sentries","floor":6.0,"turns":7.0},{"damage":2.0,"enemies":"The Mushroom Lair","floor":7.0,"turns":4.0},{"damage":19.0,"enemies":"Lagavulin","floor":11.0,"turns":7.0},{"damage":0.0,"enemies":"Jaw Worm","floor":12.0,"turns":3.0},{"damage":10.0,"enemies":"3 Sentries","floor":13.0,"turns":9.0},{"damage":2.0,"enemies":"Large Slime","floor":14.0,"turns":4.0},{"damage":75.0,"enemies":"The Guardian","floor":16.0,"turns":16.0},{"damage":0.0,"enemies":"Shell Parasite","floor":18.0,"turns":5.0},{"damage":46.0,"enemies":"Gremlin Leader","floor":24.0,"turns":5.0},{"damage":0.0,"enemies":"Spheric Guardian","floor":25.0,"turns":3.0},{"damage":0.0,"enemies":"Book of Stabbing","floor":27.0,"turns":6.0},{"damage":3.0,"enemies":"Gremlin Leader","floor":30.0,"turns":6.0},{"damage":0.0,"enemies":"3 Cultists","floor":31.0,"turns":4.0},{"damage":16.0,"enemies":"conspire:MysteriousRune","floor":33.0,"turns":7.0},{"damage":2.0,"enemies":"Orb Walker","floor":35.0,"turns":3.0},{"damage":12.0,"enemies":"3 Darklings","floor":37.0,"turns":6.0},{"damage":12,"enemies":"Writhing Mass","floor":39,"turns":6},{"damage":10,"enemies":"Transient","floor":42,"turns":5},{"damage":9,"enemies":"R_Hoarder","floor":48,"turns":6},{"damage":51,"enemies":"Time Eater","floor":50,"turns":11}],"seed_played":"-6934015164860303350","potions_obtained":[{"floor":2.0,"key":"Fire Potion"},{"floor":12.0,"key":"hexamod:SoulburnPotion"},{"floor":13.0,"key":"Fire Potion"},{"floor":16.0,"key":"Venom Potion"},{"floor":31.0,"key":"BlessingOfTheForge"},{"floor":37.0,"key":"Toxic Potion"}],"is_trial":false,"path_per_floor":["M","M","?","?","$","E","?","R","T","R","E","M","E","M","R","B",null,"M","?","?","$","?","R","E","M","T","E","R","AVR","E","M","R_BF","B",null,"M","?","M","$","M","?","R","M","T","R","T","R","$","E","R","B",null],"character_chosen":"THE_SILENT","items_purchased":["Cloak And Dagger+1","Deadly Poison+1","Caltrops","Choke","ToxicTincture","Infinite Blades","halation:Sosunser","Footwork","Toxic Potion"],"campfire_rested":3,"item_purchase_floors":[5,21,21,21,38,38,47,47,47],"current_hp_per_floor":[75,75,75,75,75,63,61,61,61,61,42,42,32,30,30,7,75,75,75,75,75,59,59,29,29,29,29,51,51,48,48,51,35,78,76,76,64,64,52,52,52,42,42,42,42,65,65,56,78,27],"gold":60,"neow_bonus":"RANDOM_EVENT","is_daily":false,"chose_seed":false,"campfire_upgraded":6,"win_rate":0.0,"timestamp":1614090339,"path_taken":["M","M","?","?","$","E","?","R","T","R","E","M","E","M","R","BOSS","M","?","?","$","?","R","E","?","T","E","R","AVR","E","M","R_BF","BOSS","M","?","?","$","M","?","R","?","T","R","?","R","?","E","R","BOSS"],"items_purchased_type":["Card","Card","Card","Card","Relic","Card","Relic","Card","Potion"],"build_version":"2020-12-22","purchased_purges":3,"victory":true,"max_hp_per_floor":[75,75,75,75,75,75,75,75,75,75,75,75,75,75,75,75,75,75,75,75,75,75,75,75,75,75,75,75,75,75,75,78,78,78,78,78,78,78,78,78,78,78,78,78,78,78,78,78,78,78],"card_choices":[{"not_picked":["Underhanded Strike","Flying Knee"],"picked":"Backstab","floor":1.0},{"not_picked":["Prepared","ReplayTheSpireMod:Tripwire"],"picked":"Dagger Spray","floor":2.0},{"not_picked":["Dodge and Roll+1","Deflect+1"],"picked":"ReplayTheSpireMod:Tripwire+1","floor":6.0},{"not_picked":["Sucker Punch","Hidden Blade+1"],"picked":"ReplayTheSpireMod:From All Sides","floor":7.0},{"not_picked":["Hidden Blade+1","Underhanded Strike"],"picked":"Bullet Time+1","floor":11.0},{"not_picked":["PiercingWail+1","Prepared+1"],"picked":"Acrobatics+1","floor":12.0},{"not_picked":["Sucker Punch","ShadowRift"],"picked":"Poisoned Stab","floor":13.0},{"not_picked":["Dagger Spray","Poisoned Stab","Underhanded Strike"],"picked":"SKIP","floor":14.0},{"not_picked":["Venomology+1","Adrenaline+1"],"picked":"Burst+1","floor":16.0},{"not_picked":["Deflect+1","Acrobatics+1","hubris:TrickCloak+1"],"picked":"SKIP","floor":18.0},{"not_picked":["hubris:SlightOfHand+1","Dash"],"picked":"Blade Dance+1","floor":24.0},{"not_picked":["PiercingWail+1","Sucker Punch","Bane"],"picked":"SKIP","floor":25.0},{"not_picked":["Malaise+1","ReplayTheSpireMod:Scrap Shanks"],"picked":"conspire:DoublingDagger+1","floor":27.0},{"not_picked":["Cloak And Dagger+1","Deflect+1"],"picked":"Finisher","floor":30.0},{"not_picked":["Outmaneuver+1","Prepared+1","Dagger Spray"],"picked":"SKIP","floor":31.0},{"not_picked":["Quick Slash","Dagger Spray+1","Caltrops"],"picked":"SKIP","floor":35.0},{"not_picked":["Outmaneuver+1","hubris:SlightOfHand+1","Blade Dance+1"],"picked":"SKIP","floor":37.0},{"not_picked":["Dagger Spray","Prepared+1"],"picked":"Calculated Gamble+1","floor":39},{"not_picked":["ReplayTheSpireMod:Tripwire+1","Deadly Poison+1","hubris:TrickCloak+1"],"picked":"SKIP","floor":42},{"not_picked":["Deadly Poison+1","Cloak And Dagger+1","Skewer+1"],"picked":"SKIP","floor":48}],"player_experience":416478,"relics_obtained":[{"floor":6.0,"key":"hubris:Reverence"},{"floor":7.0,"key":"Odd Mushroom"},{"floor":9.0,"key":"aspiration:DSix"},{"floor":11.0,"key":"Smiling Mask"},{"floor":13.0,"key":"trackpad:GuardianSpirit"},{"floor":22.0,"key":"Enchiridion"},{"floor":24.0,"key":"Lantern"},{"floor":26.0,"key":"aspiration:HummingbirdHeart"},{"floor":27.0,"key":"halation:KoshaPiece"},{"floor":30.0,"key":"halation:LettersToHer"},{"floor":43,"key":"halation:LettersToHer"},{"floor":45,"key":"halation:LettersToHer"},{"floor":45,"key":"infinitespire:Beetle Shell"},{"floor":48,"key":"trackpad:PetRock"}],"event_choices":[{"damage_healed":0.0,"max_hp_gain":5.0,"max_hp_loss":0.0,"gold_gain":0.0,"event_name":"Big Fish","player_choice":"Donut","floor":0.0,"gold_loss":0.0,"damage_taken":0.0},{"damage_healed":0.0,"max_hp_gain":0.0,"max_hp_loss":0.0,"gold_gain":0.0,"event_name":"conspire:Investor","player_choice":"Leave","floor":3.0,"gold_loss":0.0,"damage_taken":0.0},{"damage_healed":0.0,"max_hp_gain":0.0,"max_hp_loss":0.0,"gold_gain":0.0,"event_name":"Mushrooms","player_choice":"Fought Mushrooms","floor":7.0,"gold_loss":0.0,"damage_taken":0.0},{"damage_healed":0.0,"max_hp_gain":0.0,"max_hp_loss":7.0,"gold_gain":0.0,"event_name":"betterThird:BetterWriting","player_choice":"Simplicity","floor":19.0,"gold_loss":0.0,"damage_taken":0.0},{"damage_healed":0.0,"max_hp_gain":0.0,"max_hp_loss":0.0,"gold_gain":0.0,"event_name":"Cursed Tome","player_choice":"Obtained Book","floor":22.0,"gold_loss":0.0,"damage_taken":16.0},{"damage_healed":0.0,"max_hp_gain":0.0,"max_hp_loss":0.0,"gold_gain":100.0,"event_name":"Golden Shrine","player_choice":"Pray","floor":36.0,"gold_loss":0.0,"damage_taken":0.0},{"cards_removed":["Defend_G"],"damage_healed":0,"gold_gain":0,"player_choice":"Purged","damage_taken":0,"max_hp_gain":0,"max_hp_loss":0,"event_name":"Purifier","floor":40,"gold_loss":0}],"is_beta":false,"boss_relics":[{"not_picked":["conspire:RunicOctahedron","ChewingGum"],"picked":"Astrolabe"},{"not_picked":["halation:MonkeysPaw","halation:ForbiddenBikini","halation:SmartPhone"]}],"items_purged_floors":[5,21,38],"is_endless":false,"potions_floor_spawned":[2,12,13,14,16,25,27,31,33,37,42,48],"ascension_level":1}}