{"host":"kq2g769nefmuyn7c","time":1614053589,"event":{"mods":["ATMod(°¢èªMod)","Act Like it!","BaseMod","Gensokyo","Koishi","Minty Spire (QoL Compilation)","Remilia£¨ÀÙÃ×ÀòÑÇ£©","Replay The Spire","StSLib","The Servant 0.9.4"],"gold_per_floor":[13,13,23,42,142,142,176,176,176,176,191,217,234,264,264,335,335,372,384,394,394,409,409,440,540,565,565,582,582,614,614,614,691,691,711,731,791,791,291,325,235,235,316,406,406,417,417,154,154,154,154,154,29,56,56],"floor_reached":56,"language":"ZHS","playtime":3891,"items_purged":["Strike_RM","Strike_RM","Doubt"],"score":2735,"play_id":"04b2eee5-a346-469f-a5ef-0ebc48ae2706","local_time":"20210223121309","is_ascension_mode":true,"campfire_choices":[{"data":"AT_RealColorLess","floor":6.0,"key":"SMITH"},{"data":"GlobalNightmare","floor":8.0,"key":"SMITH"},{"floor":15.0,"key":"DIG"},{"data":"BloodAndWine","floor":23.0,"key":"SMITH"},{"data":"EternalNight","floor":32.0,"key":"SMITH"},{"data":"BatForm","floor":45.0,"key":"SMITH"},{"floor":49.0,"key":"RECALL"},{"data":"ScarletMeister","floor":52.0,"key":"SMITH"}],"circlet_count":0,"master_deck":["AscendersBane","Strike_RM+1","Defend_RM","Defend_RM+1","Defend_RM","RedMoon","ScarletShoot","AT_RealColorLess+1","GlobalNightmare+1","Ultimatum","ScarletCoffin+1","DiffusionOfMisfortune+1","VampireKiss","BloodyHallows","VampireFantasy","VampireFantasy+1","ChainGang","ForecastOfChange","ScarletImprint+1","ScarletNetherworld","BloodAndWine+1","ReincarnationDial","VampirishNight","AfternoonTea+1","RedRainbow","KillingBlow","Gensokyo:FourOfAKind","Gensokyo:FourOfAKind","Gensokyo:FourOfAKind","Gensokyo:FourOfAKind","ReincarnationDial+1","EternalNight+1","TransientEternity","VampireFantasy+1","BloodRain","BatForm+1","ScarletCoffin","Flash of Steel","VampireSweep","Gensokyo:CustomPotion","Gensokyo:GreaterSplit","ScarletMeister+1","DevilSight+1","ScarletGensokyo","TwelveNightmare+1"],"relics":["ScarletHat","AT_ATBox","Du-Vu Doll","Ring of Peace","Ring of Hypnosis","AT_LudenTempest","Letter Opener","Bottled Tornado","Unceasing Top","Question Card","ChewingGum","Gremlin Food","Replay:Multitool","AT_Manta","Juzu Bracelet","AT_ArcaneBoots","Ornamental Fan","APieceOfRedMist","ReplayTheSpireMod:TigerMarble","Chemical X","Art of War","Bag of Preparation","Pet Ghost","Gungnir","Lee\u0027s Waffle","Bag of Marbles"],"acts_visited":["Gensokyo:Gensokyo","Gensokyo:Gensokyoer","Gensokyo:Gensokyoest","TheEnding"],"potions_floor_usage":[],"damage_taken":[{"damage":1.0,"enemies":"Gensokyo:Gryphon","floor":1.0,"turns":4.0},{"damage":0.0,"enemies":"Gensokyo:3_Fairies","floor":3.0,"turns":7.0},{"damage":0.0,"enemies":"Gensokyo:2_Kodama","floor":4.0,"turns":4.0},{"damage":6.0,"enemies":"Gensokyo:Aya","floor":7.0,"turns":6.0},{"damage":0.0,"enemies":"Gensokyo:VengefulSpirit","floor":11.0,"turns":4.0},{"damage":1.0,"enemies":"Gensokyo:Cirno","floor":12.0,"turns":5.0},{"damage":6.0,"enemies":"Gensokyo:CorruptedTreant","floor":13.0,"turns":3.0},{"damage":0.0,"enemies":"Gensokyo:Aya","floor":14.0,"turns":4.0},{"damage":10.0,"enemies":"Gensokyo:Kokoro","floor":16.0,"turns":10.0},{"damage":0.0,"enemies":"Gensokyo:3_Dogs","floor":18.0,"turns":4.0},{"damage":5.0,"enemies":"Gensokyo:Chomper","floor":19.0,"turns":4.0},{"damage":0.0,"enemies":"Gensokyo:Swordslinger","floor":20.0,"turns":4.0},{"damage":12.0,"enemies":"Gensokyo:3_Gloops","floor":22.0,"turns":6.0},{"damage":0.0,"enemies":"Gensokyo:Koishi","floor":24.0,"turns":5.0},{"damage":0.0,"enemies":"Gensokyo:Koishi","floor":25.0,"turns":5.0},{"damage":0.0,"enemies":"Gensokyo:Wraith","floor":28.0,"turns":4.0},{"damage":10.0,"enemies":"Gensokyo:Tenshi","floor":30.0,"turns":4.0},{"damage":0.0,"enemies":"Gensokyo:Eiki","floor":33.0,"turns":5.0},{"damage":8.0,"enemies":"Gensokyo:3_Bats","floor":35.0,"turns":2.0},{"damage":0.0,"enemies":"Gensokyo:AncientGuardian","floor":36.0,"turns":4.0},{"damage":11.0,"enemies":"Gensokyo:Kasen","floor":40.0,"turns":4.0},{"damage":34.0,"enemies":"Gensokyo:Doremy","floor":44.0,"turns":2.0},{"damage":0.0,"enemies":"Gensokyo:3_Boulders","floor":46.0,"turns":2.0},{"damage":22.0,"enemies":"Gensokyo:Scarlet_Devils","floor":50.0,"turns":2.0},{"damage":0.0,"enemies":"Shield and Spear","floor":54.0,"turns":3.0},{"damage":87,"enemies":"The Heart","floor":55,"turns":8}],"seed_played":"305920077056242411","potions_obtained":[{"floor":7.0,"key":"Block Potion"},{"floor":14.0,"key":"EssenceOfSteel"},{"floor":24.0,"key":"DestinyDice"},{"floor":37.0,"key":"BlessingOfTheForge"},{"floor":40.0,"key":"SteroidPotion"},{"floor":44.0,"key":"LiquidMemories"}],"is_trial":false,"path_per_floor":["M","?","M","M","?","R","E","R","T","?","M","E","M","E","R","B",null,"M","M","M","?","M","R","E","?","T","?","M","?","E","?","R","B",null,"M","M","?","?","$","E","?","?","T","E","R","M","?","$","R","B",null,"R","$","E","B",null],"character_chosen":"REMILIA","items_purchased":["Chemical X","Flash of Steel","Art of War","Lee\u0027s Waffle"],"campfire_rested":0,"item_purchase_floors":[39,39,39,48],"current_hp_per_floor":[63,63,64,64,64,64,61,61,61,44,44,43,37,37,37,32,61,63,69,70,70,65,65,70,70,70,63,63,41,31,31,31,41,41,40,40,24,24,24,36,36,36,36,18,18,37,17,48,48,48,48,48,48,48,46],"gold":56,"neow_bonus":"ONE_RARE_RELIC","is_daily":false,"chose_seed":false,"campfire_upgraded":6,"win_rate":0.0,"timestamp":1614053589,"path_taken":["M","?","M","M","?","R","E","R","T","?","M","E","?","E","R","BOSS","M","M","M","?","M","R","E","?","T","?","M","?","E","?","R","BOSS","M","M","?","?","?","E","?","?","T","E","R","M","?","?","R","BOSS","R","$","E","BOSS"],"items_purchased_type":["Relic","Card","Relic","Relic"],"build_version":"2020-12-22","purchased_purges":3,"victory":true,"max_hp_per_floor":[70,70,70,70,70,70,70,70,70,70,70,70,70,70,70,70,70,70,70,70,70,70,70,70,70,70,63,63,41,41,41,41,41,41,41,41,41,41,41,41,41,41,41,41,41,41,41,48,48,48,48,48,48,48,48],"card_choices":[{"not_picked":["CharismaGuard","RedMagic"],"picked":"GlobalNightmare","floor":1.0},{"not_picked":["VampireClaw","ChainGang"],"picked":"Ultimatum","floor":3.0},{"not_picked":["FavorOfDestiny","EndlessAdversity"],"picked":"ScarletCoffin","floor":4.0},{"not_picked":["UnderTheZenith","EndlessAdversity"],"picked":"DiffusionOfMisfortune","floor":4.0},{"not_picked":["StarOfDavid","ScarletDevil"],"picked":"VampireKiss","floor":7.0},{"not_picked":["BlasphemousPunishment","MastersStateliness","ScarletImprint"],"picked":"SKIP","floor":7.0},{"not_picked":["BombardNight","RedNightlessCastle"],"picked":"BloodyHallows","floor":11.0},{"not_picked":["Maim","FavorOfDestiny"],"picked":"VampireFantasy","floor":12.0},{"not_picked":["BombardNight","UnderTheZenith"],"picked":"VampireFantasy","floor":13.0},{"not_picked":["StarOfDavid","MastersStateliness","CharismaGuard"],"picked":"SKIP","floor":13.0},{"not_picked":["BadLadyScramble","StarOfDavid"],"picked":"ChainGang","floor":14.0},{"not_picked":["ChaoticDestiny","CurseOfVladTepes","BloodySeventeenLaser"],"picked":"ForecastOfChange","floor":16.0},{"not_picked":["RedRainbow+1","BloodHunter","ScarletGensokyo"],"picked":"ScarletImprint+1","floor":18.0},{"not_picked":["ScarletDevilSign","VampirishNight","BloodyCatastrophe"],"picked":"ScarletNetherworld","floor":19.0},{"not_picked":["EndlessAdversity","CharismaGuard+1","RedRainbow"],"picked":"BloodAndWine","floor":20.0},{"not_picked":["NightDance","EmergencyRegeneration","EndlessAdversity"],"picked":"ReincarnationDial","floor":22.0},{"not_picked":["VampireKiss","BadLadyScramble","CharismaGuard"],"picked":"VampirishNight","floor":24.0},{"not_picked":["VampireKiss","MastersStateliness","RedRainbow"],"picked":"AfternoonTea+1","floor":25.0},{"not_picked":["NightDance","MastersStateliness","StarOfDavid"],"picked":"RedRainbow","floor":25.0},{"not_picked":["VampireKiss","CharismaGuard","ReincarnationDial"],"picked":"KillingBlow","floor":28.0},{"not_picked":["VampireKiss+1","EndlessAdversity","MastersStateliness+1"],"picked":"ReincarnationDial+1","floor":30.0},{"not_picked":["BatForm","QueenOfMidnight","DemonKingCradle"],"picked":"TransientEternity","floor":33.0},{"not_picked":["BombardNight","RedRainbow","EndlessAdversity"],"picked":"VampireFantasy+1","floor":35.0},{"not_picked":["EndlessAdversity","BloodHunter","NightDance+1"],"picked":"BloodRain","floor":36.0},{"not_picked":["EmergencyRegeneration+1","BloodAndWine","CharismaGuard"],"picked":"BatForm","floor":37.0},{"not_picked":["MiserableFate","RedRainbow","DiffusionOfMisfortune"],"picked":"VampireSweep","floor":40.0},{"not_picked":["Septette","ScarletDevil+1","BadLadyScramble+1"],"picked":"ScarletMeister","floor":44.0},{"not_picked":["MillenniumVampire","AfternoonTea","Stigmanizer"],"picked":"DevilSight+1","floor":44.0},{"not_picked":["CharismaGuard","UnderTheZenith","BombardNight"],"picked":"ScarletGensokyo","floor":46.0},{"not_picked":["UnstableMagic","BloodAndWine","BloodHunter+1"],"picked":"TwelveNightmare+1","floor":54.0}],"player_experience":313617,"relics_obtained":[{"floor":2.0,"key":"Ring of Peace"},{"floor":2.0,"key":"Ring of Hypnosis"},{"floor":7.0,"key":"AT_LudenTempest"},{"floor":9.0,"key":"Letter Opener"},{"floor":12.0,"key":"Bottled Tornado"},{"floor":14.0,"key":"Unceasing Top"},{"floor":15.0,"key":"Question Card"},{"floor":24.0,"key":"Gremlin Food"},{"floor":25.0,"key":"Replay:Multitool"},{"floor":25.0,"key":"AT_Manta"},{"floor":26.0,"key":"Juzu Bracelet"},{"floor":30.0,"key":"Ornamental Fan"},{"floor":37.0,"key":"ReplayTheSpireMod:TigerMarble"},{"floor":40.0,"key":"Bag of Preparation"},{"floor":44.0,"key":"Pet Ghost"},{"floor":54.0,"key":"Bag of Marbles"}],"event_choices":[],"is_beta":false,"boss_relics":[{"not_picked":["SlaversCollar","Fusion Hammer"],"picked":"ChewingGum"},{"not_picked":["Replay:Bronze Core","Tiny House"],"picked":"APieceOfRedMist"}],"items_purged_floors":[39,48,53],"is_endless":false,"potions_floor_spawned":[7,13,14,19,20,25,40,44],"ascension_level":19}}