{"host":"d52brwsy6af8zvaq","time":1614060178,"event":{"mods":["AchievementEnabler","BaseMod","Bestiary","Highlight Path","Minty Spire (QoL Compilation)","Quick Restart","Relic Stats","ojb\u0027s Better Paths Mod"],"gold_per_floor":[114,134,134,152,166,166,166,166],"floor_reached":7,"language":"ENG","playtime":202,"items_purged":[],"score":86,"play_id":"de6aabe2-040c-4efd-9503-a508a1a49cd8","local_time":"20210222230258","is_ascension_mode":true,"campfire_choices":[{"data":"Zap","floor":6.0,"key":"SMITH"}],"circlet_count":0,"master_deck":["AscendersBane","Strike_B","Strike_B","Strike_B","Strike_B","Defend_B","Defend_B","Defend_B","Defend_B","Zap+1","Dualcast","Compile Driver","Hologram","Barrage","Loop","Coolheaded"],"relics":["Cracked Core"],"acts_visited":["Exordium"],"potions_floor_usage":[7],"damage_taken":[{"damage":7.0,"enemies":"Jaw Worm","floor":1.0,"turns":3.0},{"damage":1.0,"enemies":"Cultist","floor":2.0,"turns":3.0},{"damage":9.0,"enemies":"2 Louse","floor":4.0,"turns":2.0},{"damage":15.0,"enemies":"2 Fungi Beasts","floor":5.0,"turns":4.0},{"damage":45,"enemies":"Gremlin Nob","floor":7,"turns":3}],"seed_played":"-7677965522687132738","potions_obtained":[{"floor":2.0,"key":"CultistPotion"},{"floor":4.0,"key":"Fire Potion"}],"is_trial":false,"path_per_floor":["M","M","?","M","M","R","E"],"character_chosen":"DEFECT","items_purchased":[],"campfire_rested":0,"item_purchase_floors":[],"current_hp_per_floor":[57,56,61,52,37,37,0,0],"gold":166,"neow_bonus":"THREE_CARDS","is_daily":false,"chose_seed":false,"campfire_upgraded":1,"win_rate":0.0,"timestamp":1614060178,"path_taken":["M","M","?","M","M","R","E"],"items_purchased_type":[],"build_version":"2020-12-22","purchased_purges":0,"victory":false,"max_hp_per_floor":[71,71,76,76,76,76,76,76],"relic_stats":{"counters":[5,15],"obtain_stats":[{"Cracked Core":0},{"Cracked Core":0},{"Cracked Core":0}]},"card_choices":[{"not_picked":["Stack","Hologram"],"picked":"Compile Driver","floor":0.0},{"not_picked":["Compile Driver","Double Energy"],"picked":"Hologram","floor":1.0},{"not_picked":["Hologram","Heatsinks"],"picked":"Barrage","floor":2.0},{"not_picked":["Skim","Compile Driver"],"picked":"Loop","floor":4.0},{"not_picked":["Chaos","Hyperbeam"],"picked":"Coolheaded","floor":5.0}],"player_experience":2350121,"relics_obtained":[],"event_choices":[{"damage_healed":0.0,"max_hp_gain":5.0,"max_hp_loss":0.0,"gold_gain":0.0,"event_name":"Big Fish","player_choice":"Donut","floor":3.0,"gold_loss":0.0,"damage_taken":0.0}],"is_beta":false,"boss_relics":[],"items_purged_floors":[],"is_endless":false,"potions_floor_spawned":[2,4],"killed_by":"Gremlin Nob","ascension_level":20}}