{"host":"0qlrtuw7bw78ucw4","time":1614090818,"event":{"mods":["BaseMod","Downfall","Minty Spire (QoL Compilation)","StSLib"],"gold_per_floor":[0,11,11,28,28,62,62,89,89,89,102,252,152,183,193,272,272,272,287,287,387,405,415,415,415,415,443,443,453,487,28,44,115,115,115,134,134,185,205,115,142,156,156,189,74,74,99,115,134,134],"floor_reached":51,"language":"ENG","playtime":3276,"items_purged":["Guardian:Strike_Guardian","Guardian:ShieldCharger"],"score":1533,"play_id":"c6306957-3465-4b92-af0d-2c25c11d72a1","local_time":"20210224013338","is_ascension_mode":true,"campfire_choices":[{"data":"Guardian:ConstructionForm","floor":1.0,"key":"SMITH"},{"data":"1","floor":9.0,"key":"LIFT"},{"floor":13.0,"key":"REST"},{"data":"Guardian:Repulse","floor":18.0,"key":"SMITH"},{"floor":26.0,"key":"REST"},{"data":"Guardian:ChargeUp","floor":35,"key":"SMITH"},{"floor":43,"key":"REST"},{"floor":46,"key":"REST"}],"circlet_count":0,"master_deck":["AscendersBane","Guardian:Defend_Guardian","Guardian:Defend_Guardian","Guardian:Defend_Guardian","Guardian:Defend_Guardian","Guardian:CurlUp","Guardian:TwinSlam","Guardian:ConstructionForm+1","Guardian:PolyBeam","Guardian:ChargeUp+1","Guardian:Repulse+1","Doubt","Guardian:WalkerClaw","Guardian:FloatingOrbs","Guardian:WalkerClaw","Guardian:EvasiveProtocol","Guardian:StasisStrike","Bandage Up","Guardian:AncientConstruct","Guardian:PiercingHide","Guardian:PrismaticBarrier+1","Guardian:TimeSifter","Guardian:TemporalShield+1","Clumsy","Guardian:ChargeUp+1","Guardian:DecasProtection+1"],"relics":["Guardian:ModeShifter","Girya","hexamod:BolsterEngine","Bottled Flame","downfall:HeartBlessingGreen","Lizard Tail","Guardian:StasisSlotReductionRelic","downfall:GremlinSack","Pear","Toxic Egg 2","Ginger","Mummified Hand","Bag of Preparation","Cursed Key","Turnip","Oddly Smooth Stone","Kunai","Letter Opener"],"acts_visited":["Exordium","TheCity","TheBeyond"],"potions_floor_usage":[33,36,39,44,44,45,50,50],"damage_taken":[{"damage":2.0,"enemies":"Small Slimes","floor":2.0,"turns":5.0},{"damage":0.0,"enemies":"2 Louse","floor":4.0,"turns":3.0},{"damage":5.0,"enemies":"3 Sentries","floor":6.0,"turns":9.0},{"damage":22.0,"enemies":"Gremlin Nob","floor":8.0,"turns":5.0},{"damage":0.0,"enemies":"Jaw Worm","floor":11.0,"turns":6.0},{"damage":0.0,"enemies":"Lagavulin","floor":14.0,"turns":6.0},{"damage":10.0,"enemies":"3 Louse","floor":15.0,"turns":5.0},{"damage":0.0,"enemies":"DF_ARCHETYPE_STREAMLINE","floor":16.0,"turns":10.0},{"damage":14.0,"enemies":"downfall:LooterAlt2","floor":19.0,"turns":5.0},{"damage":0.0,"enemies":"Chosen","floor":20.0,"turns":1.0},{"damage":0.0,"enemies":"Chosen","floor":21.0,"turns":5.0},{"damage":22.0,"enemies":"Shelled Parasite and Fungi","floor":22.0,"turns":5.0},{"damage":14.0,"enemies":"3 Cultists","floor":23.0,"turns":6.0},{"damage":16.0,"enemies":"Book of Stabbing","floor":27.0,"turns":7.0},{"damage":0.0,"enemies":"Sentry and Sphere","floor":29.0,"turns":5.0},{"damage":12.0,"enemies":"Gremlin Leader","floor":30.0,"turns":8.0},{"damage":0.0,"enemies":"downfall:FleeingMerchant","floor":31.0,"turns":4.0},{"damage":17.0,"enemies":"Centurion and Healer","floor":32.0,"turns":5.0},{"damage":3,"enemies":"IC_MUSHROOM_ARCHETYPE","floor":33,"turns":9},{"damage":1,"enemies":"Orb Walker","floor":36,"turns":5},{"damage":116,"enemies":"2 Orb Walkers","floor":38,"turns":8},{"damage":6,"enemies":"3 Darklings","floor":39,"turns":6},{"damage":0,"enemies":"downfall:FleeingMerchant","floor":40,"turns":4},{"damage":0,"enemies":"Jaw Worm Horde","floor":42,"turns":5},{"damage":25,"enemies":"Reptomancer","floor":44,"turns":10},{"damage":0,"enemies":"downfall:FleeingMerchant","floor":45,"turns":4},{"damage":3,"enemies":"Nemesis","floor":47,"turns":7},{"damage":0,"enemies":"Spire Growth","floor":48,"turns":4},{"damage":0,"enemies":"Writhing Mass","floor":49,"turns":8},{"damage":0,"enemies":"WA_ARCHETYPE_DIVINITY","floor":50,"turns":12}],"seed_played":"-1165444906118734067","potions_obtained":[{"floor":2.0,"key":"Block Potion"},{"floor":4.0,"key":"Block Potion"},{"floor":19.0,"key":"bronze:BurnAndBuffPotion"},{"floor":23.0,"key":"Swift Potion"},{"floor":30.0,"key":"Fire Potion"},{"floor":32.0,"key":"LiquidMemories"},{"floor":33,"key":"Regen Potion"},{"floor":38,"key":"Energy Potion"},{"floor":42,"key":"SkillPotion"},{"floor":44,"key":"LiquidBronze"},{"floor":47,"key":"DistilledChaos"},{"floor":48,"key":"BlessingOfTheForge"}],"is_trial":false,"path_per_floor":["R","M","?","M","?","E","T","E","R","?","M","?","R","E","M","B",null,"R","M","M","?","M","M","T","?","R","E","?","M","E","$","M","B",null,"R","M","?","?","M","$","T","M","R","E","$","R","E","M","M","B",null],"character_chosen":"GUARDIAN","items_purchased":["Mummified Hand","Bag of Preparation"],"campfire_rested":4,"item_purchase_floors":[31,31],"current_hp_per_floor":[65,63,63,63,63,58,58,36,36,36,36,36,57,57,47,47,66,66,52,52,52,34,24,34,34,58,46,46,50,42,46,33,34,70,70,81,81,27,25,29,29,33,57,36,40,64,65,69,73,77],"gold":134,"neow_bonus":"THREE_RARE_CARDS","is_daily":false,"chose_seed":false,"campfire_upgraded":3,"win_rate":0.0,"timestamp":1614090818,"path_taken":["R","M","?","M","?","E","T","E","R","?","?","?","R","E","M","BOSS","R","M","M","?","?","M","T","?","R","E","?","?","E","?","M","BOSS","R","M","?","?","M","$","T","M","R","E","$","R","E","M","M","BOSS"],"items_purchased_type":["Relic","Relic"],"build_version":"2020-12-22","purchased_purges":2,"victory":true,"max_hp_per_floor":[72,72,72,72,72,72,72,72,72,72,72,72,72,72,72,72,72,72,72,72,72,72,72,82,82,82,82,82,82,82,82,82,82,82,82,82,82,82,82,82,82,82,82,82,82,82,82,82,82,82],"card_choices":[{"not_picked":["Guardian:StasisEngine","Guardian:FierceBash"],"picked":"Guardian:ConstructionForm","floor":0.0},{"not_picked":["Guardian:TemporalShield","Guardian:VentSteam"],"picked":"Guardian:PolyBeam","floor":2.0},{"not_picked":["Guardian:TemporalStrike","Guardian:FloatingOrbs"],"picked":"Guardian:ChargeUp","floor":4.0},{"not_picked":["Guardian:Preprogram","Guardian:Planning"],"picked":"Guardian:ShieldCharger","floor":6.0},{"not_picked":["Guardian:Suspension","Guardian:Gem_Red"],"picked":"Guardian:Gem_Green","floor":8.0},{"not_picked":["Guardian:PrismaticBeam","Guardian:EvasiveProtocol"],"picked":"Guardian:Repulse","floor":11.0},{"not_picked":["Guardian:Reroute","Guardian:RollAttack"],"picked":"Guardian:WalkerClaw","floor":14.0},{"not_picked":["Guardian:WalkerClaw","Guardian:PrimingBeam","Guardian:FloatingOrbs"],"picked":"SKIP","floor":15.0},{"not_picked":["Guardian:WalkerClaw","Guardian:PrimingBeam"],"picked":"Guardian:FloatingOrbs","floor":15.0},{"not_picked":["Guardian:StasisField","Guardian:GemFinder"],"picked":"Guardian:Gem_Orange","floor":16.0},{"not_picked":["Guardian:Gem_Crimson","Guardian:Gem_Fragmented","Guardian:Gem_Blue"],"picked":"SKIP","floor":19.0},{"not_picked":["Guardian:Reroute","Guardian:ShieldCharger","Guardian:RollAttack"],"picked":"SKIP","floor":20.0},{"not_picked":["Guardian:Suspension","Guardian:Clone"],"picked":"Guardian:AncientConstruct","floor":22.0},{"not_picked":["Guardian:PrimingBeam+1","Guardian:PrismaticBarrier"],"picked":"Guardian:PiercingHide","floor":23.0},{"not_picked":["Guardian:FuturePlans","Guardian:Gem_Lightblue","Guardian:MultiBeam"],"picked":"SKIP","floor":27.0},{"not_picked":["Guardian:FuturePlans","Guardian:Gem_Lightblue","Guardian:MultiBeam"],"picked":"SKIP","floor":27.0},{"not_picked":["Guardian:Gem_Green","Guardian:RollAttack","Guardian:VentSteam+1"],"picked":"SKIP","floor":29.0},{"not_picked":["Guardian:StasisEngine","Guardian:CrystalBeam"],"picked":"Guardian:PrismaticBarrier+1","floor":30.0},{"not_picked":["Guardian:Gem_Green","Guardian:ChargeCore"],"picked":"Guardian:Gem_Cyan","floor":31.0},{"not_picked":["Guardian:TimeCapacitor","Guardian:Gem_Fragmented"],"picked":"Guardian:Gem_Green","floor":32.0},{"not_picked":["Guardian:GemFinder","Guardian:CompilePackage+1"],"picked":"Guardian:TimeSifter","floor":33},{"not_picked":["Guardian:Gem_Green","Guardian:PrismaticBeam","Guardian:VentSteam+1"],"picked":"SKIP","floor":36},{"not_picked":["Guardian:ShieldCharger+1","Guardian:Reroute+1"],"picked":"Guardian:TemporalShield+1","floor":39},{"not_picked":["Guardian:FastForward+1","Guardian:PrimingBeam"],"picked":"Guardian:Gem_White","floor":40},{"not_picked":["Guardian:Planning+1","Guardian:Gem_Yellow","Guardian:ChargeCore"],"picked":"SKIP","floor":42},{"not_picked":["Guardian:Gem_Cyan","Guardian:ShieldCharger+1","Guardian:Preprogram+1"],"picked":"SKIP","floor":44},{"not_picked":["Guardian:RollAttack+1","Guardian:CrystalBeam","Guardian:BodySlam"],"picked":"SKIP","floor":45},{"not_picked":["Guardian:WalkerClaw+1","Guardian:Gem_Red"],"picked":"Guardian:ChargeUp+1","floor":47},{"not_picked":["Guardian:TemporalStrike","Guardian:PolyBeam","Guardian:Gem_Yellow"],"picked":"SKIP","floor":48},{"not_picked":["Guardian:StasisStrike","Guardian:Gem_Red"],"picked":"Guardian:DecasProtection+1","floor":49}],"player_experience":1050384,"relics_obtained":[{"floor":6.0,"key":"Girya"},{"floor":7.0,"key":"hexamod:BolsterEngine"},{"floor":8.0,"key":"Bottled Flame"},{"floor":14.0,"key":"Lizard Tail"},{"floor":21.0,"key":"downfall:GremlinSack"},{"floor":24.0,"key":"Pear"},{"floor":27.0,"key":"Toxic Egg 2"},{"floor":30.0,"key":"Ginger"},{"floor":38,"key":"Turnip"},{"floor":41,"key":"Oddly Smooth Stone"},{"floor":44,"key":"Kunai"},{"floor":47,"key":"Letter Opener"}],"event_choices":[{"damage_healed":0.0,"max_hp_gain":0.0,"max_hp_loss":0.0,"gold_gain":0.0,"event_name":"Ghosts","player_choice":"Ignored","floor":25.0,"gold_loss":0.0,"damage_taken":0.0},{"cards_removed":["downfall:Haunted"],"damage_healed":0.0,"max_hp_gain":0.0,"max_hp_loss":0.0,"gold_gain":0.0,"event_name":"Wheel of Change","player_choice":"Card Removal","floor":28.0,"gold_loss":0.0,"damage_taken":0.0},{"cards_removed":["Guardian:Strike_Guardian"],"damage_healed":0,"gold_gain":0,"player_choice":"Removed Attack","damage_taken":0,"max_hp_gain":0,"max_hp_loss":0,"event_name":"Falling","floor":37,"gold_loss":0},{"damage_healed":0,"gold_gain":0,"player_choice":"Fight","damage_taken":0,"max_hp_gain":0,"max_hp_loss":0,"event_name":"Mysterious Sphere","floor":38,"gold_loss":0}],"is_beta":false,"boss_relics":[{"not_picked":["Fusion Hammer","Calling Bell"],"picked":"Guardian:StasisSlotReductionRelic"},{"not_picked":["bronze:MakeshiftBattery","Velvet Choker"],"picked":"Cursed Key"}],"items_purged_floors":[40,45],"is_endless":false,"potions_floor_spawned":[2,4,19,23,30,32,33,38,42,44,47,48],"ascension_level":16}}