{"host":"vumwfieg2b2mnrfl","time":1614053148,"event":{"mods":["AchievementEnabler","BaseMod","Minty Spire (QoL Compilation)","Rare Cards Sparkle","Relic Stats"],"gold_per_floor":[113,129,129,148,168,168,168,194,194,210,210,210],"floor_reached":11,"language":"ENG","playtime":275,"items_purged":[],"score":150,"play_id":"b5b8ad1d-5b80-4977-9b67-b83996f7675c","local_time":"20210222220548","is_ascension_mode":true,"campfire_choices":[{"data":"Neutralize","floor":6,"key":"SMITH"}],"circlet_count":0,"master_deck":["AscendersBane","Strike_G","Strike_G","Strike_G","Strike_G","Defend_G","Defend_G","Defend_G","Defend_G","Defend_G","Survivor","Neutralize+1","Skewer","All Out Attack","Backflip","Deflect","Envenom"],"relics":["Ring of the Snake","NeowsBlessing","Snake Skull","Strawberry"],"acts_visited":["Exordium"],"potions_floor_usage":[8,11],"damage_taken":[{"damage":0,"enemies":"Cultist","floor":1,"turns":1},{"damage":0,"enemies":"2 Louse","floor":2,"turns":1},{"damage":0,"enemies":"Small Slimes","floor":4,"turns":1},{"damage":10,"enemies":"Blue Slaver","floor":5,"turns":5},{"damage":15,"enemies":"3 Sentries","floor":8,"turns":7},{"damage":21,"enemies":"Exordium Wildlife","floor":10,"turns":5},{"damage":22,"enemies":"Gremlin Nob","floor":11,"turns":3}],"seed_played":"6816557708406341008","potions_obtained":[{"floor":2,"key":"FearPotion"},{"floor":4,"key":"DuplicationPotion"}],"is_trial":false,"path_per_floor":["M","M","$","M","M","R","?","E","T","M","E"],"character_chosen":"THE_SILENT","items_purchased":[],"campfire_rested":0,"item_purchase_floors":[],"current_hp_per_floor":[59,59,59,59,49,49,49,34,41,20,0,0],"gold":210,"neow_bonus":"THREE_ENEMY_KILL","is_daily":false,"chose_seed":false,"campfire_upgraded":1,"win_rate":0.0,"timestamp":1614053148,"path_taken":["M","?","?","?","?","R","?","E","T","M","E"],"items_purchased_type":[],"build_version":"2020-12-22","purchased_purges":0,"victory":false,"max_hp_per_floor":[66,66,66,66,66,66,66,66,73,73,73,73],"relic_stats":{"counters":[7,23],"Snake Skull":[10],"obtain_stats":[{"NeowsBlessing":0,"Strawberry":9,"Snake Skull":8,"Ring of the Snake":0},{"NeowsBlessing":0,"Strawberry":5,"Snake Skull":5,"Ring of the Snake":0},{"NeowsBlessing":0,"Strawberry":15,"Snake Skull":15,"Ring of the Snake":0}],"Ring of the Snake":[14]},"card_choices":[{"not_picked":["Outmaneuver","Eviscerate"],"picked":"Skewer","floor":1},{"not_picked":["Backstab","Calculated Gamble"],"picked":"All Out Attack","floor":2},{"not_picked":["Sucker Punch","Riddle With Holes"],"picked":"Backflip","floor":4},{"not_picked":["Skewer","Caltrops"],"picked":"Deflect","floor":5},{"not_picked":["Backstab","Prepared"],"picked":"Envenom","floor":8},{"not_picked":["Backstab","Prepared","Quick Slash"],"picked":"SKIP","floor":10}],"player_experience":578905,"relics_obtained":[{"floor":8,"key":"Snake Skull"},{"floor":9,"key":"Strawberry"}],"event_choices":[{"cards_removed":["Strike_G"],"damage_healed":0,"gold_gain":0,"player_choice":"Purged","damage_taken":0,"max_hp_gain":0,"max_hp_loss":0,"event_name":"Purifier","floor":7,"gold_loss":0}],"is_beta":false,"boss_relics":[],"items_purged_floors":[],"is_endless":false,"potions_floor_spawned":[2,4],"killed_by":"Gremlin Nob","ascension_level":20}}