{"host":"nptej036rrbiurf5","time":1614061109,"event":{"mods":["BaseMod","Colored Map","Colored Powertips","DeckTracker","Minty Spire (QoL Compilation)","StSLib","SuperFastMode"],"gold_per_floor":[17,36,50,50,50,50,50,66,114,114,127,140,157,187,187,258,258,273,273,287,301,301,301,321,321,321],"floor_reached":25,"language":"KOR","playtime":630,"items_purged":[],"score":414,"play_id":"8504a48e-ddba-4652-ba09-0a889d5ef36d","local_time":"20210223151829","is_ascension_mode":true,"campfire_choices":[{"data":"Neutralize","floor":6.0,"key":"SMITH"},{"floor":15.0,"key":"REST"},{"data":"Phantasmal Killer","floor":23,"key":"SMITH"}],"circlet_count":0,"master_deck":["AscendersBane","Strike_G","Strike_G","Strike_G","Strike_G","Defend_G","Defend_G","Defend_G","Defend_G","Defend_G","Survivor","Neutralize+1","Heel Hook","Sucker Punch","Sucker Punch","Footwork","Blade Dance","Infinite Blades","Backstab","Blade Dance","Heel Hook","Terror","Backflip","Masterful Stab","Phantasmal Killer+1","Cloak And Dagger","Malaise","Prepared+1","Choke"],"relics":["Ring of the Snake","TungstenRod","Bronze Scales","MealTicket","Prayer Wheel","Sundial","Runic Pyramid","Meat on the Bone"],"acts_visited":["Exordium","TheCity"],"potions_floor_usage":[],"damage_taken":[{"damage":5.0,"enemies":"Cultist","floor":1.0,"turns":3.0},{"damage":3.0,"enemies":"Small Slimes","floor":2.0,"turns":4.0},{"damage":0.0,"enemies":"2 Louse","floor":3.0,"turns":4.0},{"damage":0.0,"enemies":"Looter","floor":8.0,"turns":4.0},{"damage":0.0,"enemies":"Blue Slaver","floor":11.0,"turns":4.0},{"damage":1.0,"enemies":"Exordium Wildlife","floor":12.0,"turns":4.0},{"damage":0.0,"enemies":"Red Slaver","floor":13.0,"turns":2.0},{"damage":27.0,"enemies":"Gremlin Nob","floor":14.0,"turns":4.0},{"damage":28.0,"enemies":"The Guardian","floor":16.0,"turns":12.0},{"damage":0.0,"enemies":"3 Byrds","floor":18.0,"turns":2.0},{"damage":0,"enemies":"Chosen","floor":20,"turns":5},{"damage":27,"enemies":"Shelled Parasite and Fungi","floor":21,"turns":6},{"damage":24,"enemies":"Snake Plant","floor":24,"turns":6},{"damage":11,"enemies":"Book of Stabbing","floor":25,"turns":3}],"seed_played":"-7828843668819708929","potions_obtained":[{"floor":2.0,"key":"SpeedPotion"},{"floor":11.0,"key":"SpeedPotion"},{"floor":14.0,"key":"CunningPotion"},{"floor":16.0,"key":"LiquidBronze"},{"floor":18.0,"key":"FairyPotion"},{"floor":21,"key":"BlessingOfTheForge"},{"floor":24,"key":"SteroidPotion"}],"is_trial":false,"path_per_floor":["M","M","M","?","$","R","?","M","T","T","M","M","M","E","R","B",null,"M","?","M","M","T","R","M","E"],"character_chosen":"THE_SILENT","items_purchased":[],"campfire_rested":1,"item_purchase_floors":[],"current_hp_per_floor":[54,51,51,51,51,51,42,42,42,42,42,41,41,14,33,5,51,51,51,51,24,24,24,31,20,20],"gold":321,"neow_bonus":"ONE_RARE_RELIC","is_daily":false,"chose_seed":false,"campfire_upgraded":2,"win_rate":0.0,"timestamp":1614061109,"path_taken":["M","M","?","?","?","R","?","M","T","?","M","M","M","E","R","BOSS","M","?","M","M","?","R","M","E"],"items_purchased_type":[],"build_version":"2020-12-22","purchased_purges":0,"victory":false,"max_hp_per_floor":[66,66,66,66,66,66,66,66,66,66,66,66,66,66,66,66,66,66,66,66,66,66,66,66,66,66],"card_choices":[{"not_picked":["Bane","Dagger Throw"],"picked":"Heel Hook","floor":1.0},{"not_picked":["Deflect","Expertise"],"picked":"Sucker Punch","floor":2.0},{"not_picked":["Acrobatics","Bane"],"picked":"Sucker Punch","floor":3.0},{"not_picked":["Bane","Deadly Poison"],"picked":"Blade Dance","floor":8.0},{"not_picked":["Tactician","Outmaneuver"],"picked":"Infinite Blades","floor":11.0},{"not_picked":["Dash","Sucker Punch"],"picked":"Backstab","floor":11.0},{"not_picked":["Escape Plan","Distraction"],"picked":"Blade Dance","floor":12.0},{"not_picked":["Crippling Poison","Footwork"],"picked":"Heel Hook","floor":12.0},{"not_picked":["Distraction","Expertise"],"picked":"Terror","floor":13.0},{"not_picked":["Deflect","Blade Dance"],"picked":"Backflip","floor":13.0},{"not_picked":["Distraction","Dagger Throw"],"picked":"Masterful Stab","floor":14.0},{"not_picked":["Tools of the Trade","After Image"],"picked":"Phantasmal Killer","floor":16.0},{"not_picked":["Well Laid Plans+1","Blur","Flechettes"],"picked":"SKIP","floor":18.0},{"not_picked":["Slice","Dodge and Roll","Flying Knee"],"picked":"SKIP","floor":18.0},{"not_picked":["Noxious Fumes+1","Masterful Stab"],"picked":"Cloak And Dagger","floor":20},{"not_picked":["Quick Slash","Deflect","Outmaneuver"],"picked":"SKIP","floor":20},{"not_picked":["Cloak And Dagger","Dash"],"picked":"Malaise","floor":21},{"not_picked":["Sucker Punch","Dagger Throw","Riddle With Holes"],"picked":"SKIP","floor":21},{"not_picked":["Dagger Spray","Noxious Fumes"],"picked":"Prepared+1","floor":24},{"not_picked":["Quick Slash","Dagger Throw"],"picked":"Choke","floor":24}],"player_experience":1013389,"relics_obtained":[{"floor":9.0,"key":"MealTicket"},{"floor":10.0,"key":"Prayer Wheel"},{"floor":14.0,"key":"Sundial"},{"floor":22,"key":"Meat on the Bone"}],"event_choices":[{"damage_healed":0.0,"max_hp_gain":0.0,"max_hp_loss":0.0,"gold_gain":0.0,"cards_transformed":["Strike_G"],"event_name":"Transmorgrifier","player_choice":"Transformed","floor":4.0,"gold_loss":0.0,"damage_taken":0.0,"cards_obtained":["Footwork"]},{"damage_healed":0.0,"max_hp_gain":0.0,"max_hp_loss":0.0,"gold_gain":0.0,"event_name":"Scrap Ooze","player_choice":"Success","floor":7.0,"gold_loss":0.0,"damage_taken":11.0,"relics_obtained":["Bronze Scales"]},{"damage_healed":0,"gold_gain":0,"player_choice":"Ignored","damage_taken":0,"max_hp_gain":0,"max_hp_loss":0,"event_name":"Cursed Tome","floor":19,"gold_loss":0}],"is_beta":false,"boss_relics":[{"not_picked":["Runic Dome","Philosopher\u0027s Stone"],"picked":"Runic Pyramid"}],"items_purged_floors":[],"is_endless":false,"potions_floor_spawned":[2,11,14,16,18,21,24],"killed_by":"Book of Stabbing","ascension_level":20}}