{"host":"ju1b3c4x8n2jtjm7","time":1614122982,"event":{"mods":["AchievementEnabler","BaseMod","Colored Map","Colored Powertips","Highlight Path","Minty Spire (QoL Compilation)","Quick Restart","Rare Cards Sparkle","Relic Stats","StSLib"],"gold_per_floor":[113,128,105,117,130,130,184,184,184,184,184],"floor_reached":10,"language":"ENG","playtime":496,"items_purged":[],"score":109,"play_id":"f21e766c-d9ec-4bc7-a555-c609611b1ae6","local_time":"20210224002942","is_ascension_mode":true,"campfire_choices":[{"floor":6,"key":"REST"},{"floor":8,"key":"REST"}],"circlet_count":0,"master_deck":["AscendersBane","Strike_B","Strike_B","Strike_B","Strike_B","Defend_B","Defend_B","Defend_B","Defend_B","Zap","Dualcast","Magnetism","Streamline","Conserve Battery","Coolheaded","Blizzard","Conserve Battery"],"relics":["Cracked Core","Question Card","Pantograph"],"acts_visited":["Exordium"],"potions_floor_usage":[10],"damage_taken":[{"damage":1.0,"enemies":"Cultist","floor":1.0,"turns":3.0},{"damage":7.0,"enemies":"Jaw Worm","floor":2.0,"turns":3.0},{"damage":0.0,"enemies":"2 Louse","floor":4.0,"turns":2.0},{"damage":30,"enemies":"Lots of Slimes","floor":5,"turns":6},{"damage":19,"enemies":"Lagavulin","floor":7,"turns":9},{"damage":60,"enemies":"Gremlin Nob","floor":10,"turns":5}],"seed_played":"-9109697213556876360","potions_obtained":[{"floor":7,"key":"GamblersBrew"}],"is_trial":false,"path_per_floor":["M","M","$","M","M","R","E","R","T","E"],"character_chosen":"DEFECT","items_purchased":["Coolheaded"],"campfire_rested":2,"item_purchase_floors":[3],"current_hp_per_floor":[49,42,42,42,12,34,15,37,37,0,0],"gold":184,"neow_bonus":"RANDOM_COLORLESS_2","is_daily":false,"chose_seed":false,"campfire_upgraded":0,"win_rate":0.0,"timestamp":1614122982,"path_taken":["M","M","?","M","M","R","E","R","T","E"],"items_purchased_type":["Card"],"build_version":"2020-12-22","purchased_purges":0,"victory":false,"max_hp_per_floor":[75,75,75,75,75,75,75,75,75,75,75],"relic_stats":{"counters":[6,28],"Pantograph":0,"Question Card":0,"obtain_stats":[{"Pantograph":9,"Cracked Core":0,"Question Card":7},{"Pantograph":5,"Cracked Core":0,"Question Card":5},{"Pantograph":23,"Cracked Core":0,"Question Card":23}]},"card_choices":[{"not_picked":["Chrysalis","Panache"],"picked":"Magnetism","floor":0.0},{"not_picked":["Turbo","Fusion"],"picked":"Streamline","floor":1.0},{"not_picked":["Gash","Coolheaded"],"picked":"Conserve Battery","floor":2.0},{"not_picked":["Barrage","Conserve Battery"],"picked":"Blizzard","floor":4.0},{"not_picked":["Go for the Eyes","Auto Shields"],"picked":"Conserve Battery","floor":5},{"not_picked":["Steam Power","Lockon","Compile Driver"],"picked":"SKIP","floor":7}],"player_experience":508503,"relics_obtained":[{"floor":7,"key":"Question Card"},{"floor":9,"key":"Pantograph"}],"event_choices":[],"is_beta":false,"boss_relics":[],"items_purged_floors":[],"is_endless":false,"potions_floor_spawned":[7],"killed_by":"Gremlin Nob","ascension_level":12}}