{"host":"zefmhu9ryehjj4p1","time":1614105033,"event":{"mods":["100% Spire Juice","2.2 Compatiblity","Act Like it!","Aspiration","BaseMod","Beaked The Cultist","Better Note","CapriCore","Colored Powertips","Conspire","DeckTracker","Downfall","Ekko","Elementarium","Friendly Minions","Gensokyo","Hallownest","Hermit","Highlight Path","Hubris","Infinite Spire","Koishi","Luminous","Marisa????????","Minty Spire (QoL Compilation)","Random Character Button","Reimu??????","Reliquary","Replay The Spire","Ruina","Shade Mod","Shapeshifter Mod","StSLib","The Administrix","The Blue Laboratory","The Bug Knight","The Construct","The Cursed","The Gatherer","The Hierophant","The Immortal","The Judge","The Jungle","The Marked","The Mystic","The Runesmith","The Senshi","The Servant 0.9.4","The Vixen","The Wild Card","TheBandit","TheVacant","Wandering Minibosses"],"gold_per_floor":[113,113,131,131,142,171,171,82,159,172,189,189,189,189],"floor_reached":12,"language":"ENG","playtime":402,"items_purged":[],"score":80,"play_id":"d967b6e5-179a-4a4c-b180-edbd89d5abd7","local_time":"20210223193033","is_ascension_mode":false,"campfire_choices":[{"floor":7,"key":"REST"}],"circlet_count":0,"master_deck":["bronze:Strike","bronze:Strike","bronze:Strike","bronze:Strike","bronze:Defend","bronze:Defend","bronze:Defend","bronze:Defend","bronze:Replicate","bronze:Goto","bronze:Terminator","bronze:Separator","bronze:DelayedGuard","bronze:Iterate","bronze:CloningBeam","bronze:WhirlingStrike","bronze:Constructor","bronze:WhirlingStrike"],"relics":["bronze:BronzeCore","Potion Belt"],"acts_visited":["Exordium"],"potions_floor_usage":[],"damage_taken":[{"damage":1,"enemies":"Cultist","floor":1,"turns":4},{"damage":3,"enemies":"Small Slimes","floor":3,"turns":3},{"damage":3,"enemies":"2 Louse","floor":5,"turns":3},{"damage":34,"enemies":"Lagavulin","floor":6,"turns":7},{"damage":16,"enemies":"2 Fungi Beasts","floor":10,"turns":3},{"damage":18,"enemies":"Lots of Slimes","floor":11,"turns":3},{"damage":18,"enemies":"3 Sentries","floor":12,"turns":2}],"seed_played":"-4233020357240862038","potions_obtained":[{"floor":6,"key":"construct:ShiftPotion"},{"floor":10,"key":"bronze:FreeFunctionsPotion"}],"is_trial":false,"path_per_floor":["M","?","M","?","M","E","R","$","T","M","M","E"],"character_chosen":"THE_AUTOMATON","items_purchased":["bronze:CloningBeam","bronze:WhirlingStrike"],"campfire_rested":1,"item_purchase_floors":[8,8],"current_hp_per_floor":[69,69,66,66,63,29,50,50,50,34,16,0,0,0],"gold":189,"neow_bonus":"RANDOM_EVENT","is_daily":false,"chose_seed":false,"campfire_upgraded":0,"win_rate":0.0,"timestamp":1614105033,"path_taken":["M","?","M","?","M","E","R","$","T","M","M","E"],"items_purchased_type":["Card","Card"],"build_version":"2020-12-22","purchased_purges":0,"victory":false,"max_hp_per_floor":[70,70,70,70,70,70,70,70,70,70,70,70,70,70],"card_choices":[{"not_picked":["bronze:OilSpill","bronze:WhirlingStrike"],"picked":"bronze:Separator","floor":1},{"not_picked":["bronze:Deprecate","bronze:Separator"],"picked":"bronze:DelayedGuard","floor":3},{"not_picked":["bronze:BitShift","bronze:ItsAFeature"],"picked":"bronze:Iterate","floor":5},{"not_picked":["bronze:MaxOutput","bronze:Shield","bronze:Deprecate"],"picked":"SKIP","floor":6},{"not_picked":["bronze:Iterate","bronze:Branch"],"picked":"bronze:Constructor","floor":10},{"not_picked":["bronze:WildBeam","bronze:Separator"],"picked":"bronze:WhirlingStrike","floor":11}],"player_experience":212397,"relics_obtained":[{"floor":6,"key":"Potion Belt"}],"event_choices":[{"damage_healed":0,"gold_gain":0,"player_choice":"Ignored","damage_taken":0,"max_hp_gain":0,"max_hp_loss":0,"event_name":"Golden Wing","floor":4,"gold_loss":0}],"is_beta":false,"boss_relics":[],"items_purged_floors":[],"is_endless":false,"potions_floor_spawned":[6,10],"killed_by":"3 Sentries","ascension_level":0}}