{"host":"0y1696yaafq19vki","time":1614094661,"event":{"mods":["BaseMod","Colored Map","Conspire","Minty Spire (QoL Compilation)","Replay The Spire","StSLib"],"gold_per_floor":[116,135,154,154,174,207,226,226,251,251,270,305,320,341,341,461,461,452,468,468,468,484,484,520,520,520,538,538,551,551,565,565,688,688,713,727,752,767,767,767],"floor_reached":39,"language":"ENG","playtime":4979,"items_purged":[],"score":596,"play_id":"9071f23f-4845-4440-9d81-80ebc5ee77c1","local_time":"20210223153741","is_ascension_mode":false,"campfire_choices":[{"floor":10,"key":"REST"},{"floor":15,"key":"REST"},{"floor":23,"key":"REST"},{"floor":28,"key":"REST"},{"floor":32,"key":"REST"}],"circlet_count":0,"master_deck":["Strike_G+1","Strike_G+1","Strike_G+1","Strike_G+1","Strike_G+1","Defend_G+1","Defend_G+1","Defend_G+1","Defend_G+1","Defend_G+1","Survivor","Neutralize","Infinite Blades","conspire:DoublingDagger","Flying Knee","Blade Dance","Terror","Deadly Poison","ReplayTheSpireMod:Scrap Shanks","After Image","ReplayTheSpireMod:Tripwire","Prepared","Envenom","Backflip","Acrobatics","Reflex+1","ReplayTheSpireMod:Shiv Toss","Riddle With Holes","ReplayTheSpireMod:Faulty Equipment","Poisoned Stab+1","Caltrops","Fluid Movement+1","Burst","Outmaneuver+1","Underhanded Strike+1","Flechettes+1","Parasite","Quick Slash"],"relics":["Ring of the Snake","Regal Pillow","Toy Ornithopter","Golden Idol","Bag of Marbles","Potion Belt","Cursed Key","Question Card","Philosopher\u0027s Stone"],"acts_visited":["Exordium","TheCity","TheBeyond"],"potions_floor_usage":[22,37,37,38,38,39],"damage_taken":[{"damage":4,"enemies":"Cultist","floor":1,"turns":5},{"damage":0,"enemies":"Small Slimes","floor":2,"turns":3},{"damage":1,"enemies":"Jaw Worm","floor":3,"turns":5},{"damage":4,"enemies":"Looter","floor":5,"turns":4},{"damage":15,"enemies":"Replay:BlueRogue","floor":6,"turns":7},{"damage":13,"enemies":"2 Fungi Beasts","floor":7,"turns":5},{"damage":2,"enemies":"Large Slime","floor":11,"turns":5},{"damage":16,"enemies":"Gremlin Nob","floor":12,"turns":4},{"damage":10,"enemies":"Red Slaver","floor":13,"turns":3},{"damage":6,"enemies":"Blue Slaver","floor":14,"turns":5},{"damage":27,"enemies":"Fading Forest","floor":16,"turns":11},{"damage":30,"enemies":"2 Thieves","floor":18,"turns":4},{"damage":18,"enemies":"3 Byrds","floor":19,"turns":6},{"damage":13,"enemies":"Sentry and Sphere","floor":22,"turns":9},{"damage":16,"enemies":"Book of Stabbing","floor":24,"turns":7},{"damage":13,"enemies":"Snake Plant","floor":27,"turns":5},{"damage":18,"enemies":"Shelled Parasite and Fungi","floor":29,"turns":7},{"damage":7,"enemies":"Chosen and Byrds","floor":31,"turns":7},{"damage":17,"enemies":"Pondfish","floor":33,"turns":16},{"damage":29,"enemies":"3 Darklings","floor":35,"turns":8},{"damage":24,"enemies":"Orb Walker","floor":36,"turns":4},{"damage":19,"enemies":"Transient","floor":37,"turns":5},{"damage":11,"enemies":"Writhing Mass","floor":38,"turns":7},{"damage":14,"enemies":"Jaw Worm Horde","floor":39,"turns":2}],"seed_played":"-6307397291800931028","potions_obtained":[{"floor":1,"key":"Adrenaline Potion"},{"floor":5,"key":"Weak Potion"},{"floor":6,"key":"LifebloodPotion"},{"floor":12,"key":"SpeedPotion"},{"floor":14,"key":"ColorlessPotion"},{"floor":19,"key":"Doom Potion"},{"floor":27,"key":"Fire Potion"},{"floor":38,"key":"Weak Potion"}],"is_trial":false,"path_per_floor":["M","M","M","?","M","E","M","?","T","R","M","E","M","M","R","B",null,"M","M","?","?","M","R","E","?","T","M","R","M","?","M","R","B",null,"M","M","M","M","M"],"character_chosen":"THE_SILENT","items_purchased":[],"campfire_rested":5,"item_purchase_floors":[],"current_hp_per_floor":[66,66,65,65,61,46,33,16,16,52,50,34,24,18,54,37,70,40,22,22,22,14,50,34,34,34,21,57,39,39,32,68,51,70,41,17,8,7,0,0],"gold":767,"neow_bonus":"RANDOM_COMMON_RELIC","is_daily":false,"chose_seed":false,"campfire_upgraded":0,"win_rate":0.0,"timestamp":1614094661,"path_taken":["M","M","M","?","M","E","M","?","T","R","M","E","M","M","R","BOSS","M","M","?","?","M","R","E","?","T","M","R","M","?","?","R","BOSS","M","M","M","M","M"],"items_purchased_type":[],"build_version":"2020-12-22","purchased_purges":0,"victory":false,"max_hp_per_floor":[70,70,70,70,70,70,70,70,70,70,70,70,70,70,70,70,70,70,70,70,70,70,70,70,70,70,70,70,70,70,70,70,70,70,70,70,70,70,70,70],"card_choices":[{"not_picked":["Heel Hook","Underhanded Strike"],"picked":"Infinite Blades","floor":1},{"not_picked":["Slice","Outmaneuver"],"picked":"conspire:DoublingDagger","floor":2},{"not_picked":["Tactician","Outmaneuver"],"picked":"Flying Knee","floor":3},{"not_picked":["Catalyst","Sucker Punch"],"picked":"Blade Dance","floor":5},{"not_picked":["ReplayTheSpireMod:From All Sides","Eviscerate"],"picked":"Terror","floor":6},{"not_picked":["Masterful Stab","Blade Dance"],"picked":"Deadly Poison","floor":7},{"not_picked":["Bane","Deadly Poison"],"picked":"ReplayTheSpireMod:Scrap Shanks","floor":11},{"not_picked":["Poisoned Stab","Dagger Spray"],"picked":"After Image","floor":12},{"not_picked":["Infinite Blades","Underhanded Strike"],"picked":"ReplayTheSpireMod:Tripwire","floor":13},{"not_picked":["Catalyst","PiercingWail"],"picked":"Prepared","floor":14},{"not_picked":["Adrenaline","After Image"],"picked":"Envenom","floor":16},{"not_picked":["Acrobatics","Sucker Punch"],"picked":"Backflip","floor":18},{"not_picked":["Flying Knee","Prepared"],"picked":"Acrobatics","floor":19},{"not_picked":["Dagger Throw","Eviscerate"],"picked":"Reflex+1","floor":22},{"not_picked":["Eviscerate","Dodge and Roll"],"picked":"ReplayTheSpireMod:Shiv Toss","floor":24},{"not_picked":["Flying Knee","Escape Plan+1","Blade Dance"],"picked":"Poisoned Stab+1","floor":27},{"not_picked":["Die Die Die","Deadly Poison","Slice"],"picked":"Caltrops","floor":29},{"not_picked":["Dodge and Roll","Deflect+1","Deadly Poison"],"picked":"Fluid Movement+1","floor":31},{"not_picked":["Venomology","Atom Bomb","Poison Darts"],"picked":"Burst","floor":33},{"not_picked":["Deflect","PiercingWail","Catalyst"],"picked":"Outmaneuver+1","floor":35},{"not_picked":["ReplayTheSpireMod:Exploit Weakness+1","Footwork+1","Terror+1"],"picked":"Underhanded Strike+1","floor":36},{"not_picked":["Slice","ReplayTheSpireMod:Exploit Weakness+1","Dagger Spray"],"picked":"Flechettes+1","floor":37},{"not_picked":["Heel Hook","Blur","Flying Knee+1"],"picked":"Quick Slash","floor":38}],"player_experience":53508,"relics_obtained":[{"floor":6,"key":"Toy Ornithopter"},{"floor":9,"key":"Bag of Marbles"},{"floor":12,"key":"Potion Belt"},{"floor":26,"key":"Question Card"}],"event_choices":[{"damage_healed":0,"gold_gain":0,"player_choice":"Leave","damage_taken":0,"max_hp_gain":0,"max_hp_loss":0,"event_name":"The Cleric","floor":4,"gold_loss":0},{"damage_healed":0,"gold_gain":0,"player_choice":"Take Damage","damage_taken":17,"relics_obtained":["Golden Idol"],"max_hp_gain":0,"max_hp_loss":0,"event_name":"Golden Idol","floor":8,"gold_loss":0},{"damage_healed":0,"gold_gain":0,"player_choice":"Simplicity","damage_taken":0,"max_hp_gain":0,"max_hp_loss":0,"event_name":"Back to Basics","floor":20,"gold_loss":0,"cards_upgraded":["Strike_G","Strike_G","Strike_G","Strike_G","Strike_G","Defend_G","Defend_G","Defend_G","Defend_G","Defend_G"]},{"damage_healed":0,"gold_gain":0,"player_choice":"Ignored","damage_taken":0,"max_hp_gain":0,"max_hp_loss":0,"event_name":"Vampires","floor":21,"gold_loss":0},{"damage_healed":0,"gold_gain":0,"player_choice":"Read","damage_taken":0,"max_hp_gain":0,"max_hp_loss":0,"event_name":"The Library","floor":25,"gold_loss":0,"cards_obtained":["Riddle With Holes"]},{"damage_healed":0,"gold_gain":0,"player_choice":"Ignored","damage_taken":0,"max_hp_gain":0,"max_hp_loss":0,"event_name":"NoteForYourself","floor":30,"gold_loss":0}],"is_beta":false,"boss_relics":[{"not_picked":["Replay:Grab Bag","conspire:SeveredTorchhead"],"picked":"Cursed Key"},{"not_picked":["Replay:Wanted Poster","Snecko Scales"],"picked":"Philosopher\u0027s Stone"}],"items_purged_floors":[],"is_endless":false,"potions_floor_spawned":[1,5,6,12,14,18,19,27,31,36,38],"killed_by":"Jaw Worm Horde","ascension_level":0}}