{"host":"dyzdf8svqmiivg97","time":1614081079,"event":{"mods":["AchievementEnabler","BaseMod","Colored Map","DeckTracker","Minty Spire (QoL Compilation)","Quick Restart","Rare Cards Sparkle","SuperFastMode"],"gold_per_floor":[110,185,185,199,124,155,155,204,231,258,6,31,50,65,65,142,142,161,179,179,193,373,373,373],"floor_reached":23,"language":"KOR","playtime":479,"items_purged":["Strike_P","Strike_P"],"score":398,"play_id":"87954b96-d096-49a7-96a9-93856dbe46b6","local_time":"20210223205119","is_ascension_mode":true,"campfire_choices":[{"data":"Eruption","floor":7,"key":"SMITH"},{"floor":15,"key":"REST"}],"circlet_count":0,"master_deck":["AscendersBane","Defend_P","Defend_P","Eruption+1","Vigilance","ForeignInfluence","EmptyFist","Adaptation","WheelKick","Indignation","DeusExMachina","ConjureBlade+1","Brilliance+1","Tantrum","Adaptation","ClearTheMind","Vengeance","FearNoEvil"],"relics":["PureWater","NeowsBlessing","Regal Pillow","Shuriken","Strawberry","Happy Flower","Odd Mushroom","Lantern","Smiling Mask","Astrolabe"],"acts_visited":["Exordium","TheCity"],"potions_floor_usage":[8,12,23,23],"damage_taken":[{"damage":0,"enemies":"Jaw Worm","floor":1,"turns":1},{"damage":0,"enemies":"2 Louse","floor":4,"turns":1},{"damage":0,"enemies":"Gremlin Nob","floor":6,"turns":1},{"damage":2,"enemies":"3 Sentries","floor":8,"turns":4},{"damage":18,"enemies":"The Mushroom Lair","floor":10,"turns":2},{"damage":2,"enemies":"Lagavulin","floor":12,"turns":6},{"damage":0,"enemies":"Small Slimes","floor":13,"turns":1},{"damage":21,"enemies":"Blue Slaver","floor":14,"turns":3},{"damage":18,"enemies":"The Guardian","floor":16,"turns":10},{"damage":2,"enemies":"Chosen","floor":18,"turns":2},{"damage":0,"enemies":"3 Byrds","floor":19,"turns":3},{"damage":30,"enemies":"Snake Plant","floor":21,"turns":3},{"damage":24,"enemies":"Slavers","floor":23,"turns":1}],"seed_played":"1912654921282267943","potions_obtained":[{"floor":4,"key":"Strength Potion"},{"floor":6,"key":"ColorlessPotion"},{"floor":10,"key":"Weak Potion"},{"floor":12,"key":"BottledMiracle"},{"floor":13,"key":"PowerPotion"}],"is_trial":false,"path_per_floor":["M","?","?","M","$","E","R","E","T","?","$","E","M","M","R","B",null,"M","M","?","M","?","E"],"character_chosen":"WATCHER","items_purchased":["Lantern"],"campfire_rested":1,"item_purchase_floors":[11],"current_hp_per_floor":[61,50,43,43,43,43,43,48,48,30,30,28,28,7,44,26,63,61,61,61,31,12,0,0],"gold":373,"neow_bonus":"THREE_ENEMY_KILL","is_daily":false,"chose_seed":false,"campfire_upgraded":1,"win_rate":0.0,"timestamp":1614081079,"path_taken":["M","?","?","M","?","E","R","E","T","?","$","E","M","?","R","BOSS","M","M","?","M","?","E"],"items_purchased_type":["Relic"],"build_version":"2020-12-22","purchased_purges":2,"victory":false,"max_hp_per_floor":[68,68,68,68,68,68,68,75,75,75,75,75,75,75,75,75,75,75,75,75,75,75,75,75],"card_choices":[{"not_picked":["Consecrate","Protect"],"picked":"ForeignInfluence","floor":1},{"not_picked":["PathToVictory","Crescendo"],"picked":"EmptyFist","floor":4},{"not_picked":["Perseverance","BattleHymn","Wireheading"],"picked":"SKIP","floor":6},{"not_picked":["FlyingSleeves","Consecrate","ThirdEye"],"picked":"SKIP","floor":8},{"not_picked":["EmptyFist","CutThroughFate"],"picked":"Adaptation","floor":10},{"not_picked":["ConjureBlade","ThirdEye"],"picked":"WheelKick","floor":12},{"not_picked":["Wireheading","EmptyBody"],"picked":"Indignation","floor":13},{"not_picked":["BowlingBash","Consecrate","Prostrate"],"picked":"SKIP","floor":14},{"not_picked":["Alpha","Blasphemy"],"picked":"DeusExMachina","floor":16},{"not_picked":["CrushJoints","Prostrate+1"],"picked":"Tantrum","floor":18},{"not_picked":["Prostrate","EmptyFist"],"picked":"Adaptation","floor":19},{"not_picked":["BowlingBash","Swivel"],"picked":"FearNoEvil","floor":21}],"player_experience":600623,"relics_obtained":[{"floor":6,"key":"Shuriken"},{"floor":8,"key":"Strawberry"},{"floor":9,"key":"Happy Flower"},{"floor":10,"key":"Odd Mushroom"},{"floor":12,"key":"Smiling Mask"}],"event_choices":[{"damage_healed":0,"gold_gain":75,"player_choice":"Gather Gold","damage_taken":11,"max_hp_gain":0,"max_hp_loss":0,"event_name":"World of Goop","floor":2,"gold_loss":0},{"damage_healed":0,"gold_gain":0,"player_choice":"Success","damage_taken":7,"relics_obtained":["Regal Pillow"],"max_hp_gain":0,"max_hp_loss":0,"event_name":"Scrap Ooze","floor":3,"gold_loss":0},{"damage_healed":0,"gold_gain":0,"player_choice":"Fought Mushrooms","damage_taken":0,"max_hp_gain":0,"max_hp_loss":0,"event_name":"Mushrooms","floor":10,"gold_loss":0},{"damage_healed":0,"gold_gain":0,"cards_transformed":["Protect","Defend_P"],"player_choice":"Became Test Subject","damage_taken":0,"max_hp_gain":0,"max_hp_loss":0,"event_name":"Drug Dealer","floor":20,"gold_loss":0,"cards_obtained":["ClearTheMind","Vengeance"]},{"damage_healed":0,"gold_gain":180,"player_choice":"GOLD GOLD ","damage_taken":19,"max_hp_gain":0,"max_hp_loss":0,"event_name":"Knowing Skull","floor":22,"potions_obtained":[],"gold_loss":0,"cards_obtained":[]}],"is_beta":false,"boss_relics":[{"not_picked":["Velvet Choker","Fusion Hammer"],"picked":"Astrolabe"}],"items_purged_floors":[5,11],"is_endless":false,"potions_floor_spawned":[4,6,10,12,13,19],"killed_by":"Slavers","ascension_level":14}}