{"host":"w97dq1whmpm6b2tc","time":1614104225,"event":{"mods":["BaseMod","Challenge The Spire","Downfall","Minty Spire (QoL Compilation)","StSLib"],"gold_per_floor":[99,99,99,249,349,359,359,259,259,259,259],"floor_reached":9,"language":"ENG","playtime":3500,"items_purged":[],"score":52,"play_id":"d28b6556-a3a6-4638-9480-013b8dc103d6","local_time":"20210223201705","is_ascension_mode":true,"campfire_choices":[{"floor":1,"key":"RECALL"},{"data":"Guardian:FloatingOrbs","floor":8,"key":"SMITH"}],"circlet_count":0,"master_deck":["Guardian:Strike_Guardian","Guardian:Strike_Guardian","Guardian:Strike_Guardian","Guardian:Strike_Guardian","Guardian:Defend_Guardian","Guardian:Defend_Guardian","Guardian:Defend_Guardian","Guardian:Defend_Guardian","Guardian:CurlUp","Guardian:TwinSlam","downfall:Icky","Guardian:FloatingOrbs+1"],"relics":["Guardian:ModeShifter","downfall:HeartsMalice","Potion Belt","Bag of Marbles","downfall:HeartBlessingRed"],"acts_visited":["Exordium"],"potions_floor_usage":[],"damage_taken":[{"damage":0,"enemies":"Cultist","floor":2,"turns":1},{"damage":0,"enemies":"Small Slimes","floor":3,"turns":1},{"damage":0,"enemies":"downfall:LadyInBlue","floor":5,"turns":1},{"damage":0,"enemies":"2 Louse","floor":6,"turns":5},{"damage":0,"enemies":"3 Sentries","floor":9,"turns":2}],"seed_played":"-1258935593294990963","potions_obtained":[{"floor":5,"key":"Guardian:BlockOnCardUsePotion"},{"floor":5,"key":"ColorlessPotion"},{"floor":5,"key":"hexamod:SoulburnPotion"},{"floor":6,"key":"LiquidMemories"}],"is_trial":false,"path_per_floor":["R","M","M","?","?","M","T","R","E"],"character_chosen":"GUARDIAN","items_purchased":[],"campfire_rested":0,"item_purchase_floors":[],"current_hp_per_floor":[80,80,80,80,80,80,80,80,80,80,80],"gold":259,"neow_bonus":"THREE_ENEMY_KILL","is_daily":false,"chose_seed":false,"campfire_upgraded":1,"win_rate":0.0,"timestamp":1614104225,"path_taken":["R","M","?","?","?","M","T","R","E"],"items_purchased_type":[],"build_version":"2020-12-22","purchased_purges":0,"victory":false,"max_hp_per_floor":[80,80,80,80,80,80,80,80,80,80,80],"card_choices":[{"not_picked":["Guardian:Gem_Green","Guardian:ArmoredProtocol"],"picked":"Guardian:Gem_Red","floor":2},{"not_picked":["Guardian:Orbwalk","Guardian:Planning"],"picked":"Guardian:Gem_Green","floor":3},{"not_picked":["Guardian:PrismaticBeam","Guardian:Recover"],"picked":"Guardian:FloatingOrbs","floor":6}],"player_experience":3836935,"relics_obtained":[{"floor":5,"key":"Potion Belt"},{"floor":7,"key":"Bag of Marbles"}],"event_choices":[],"is_beta":false,"boss_relics":[],"items_purged_floors":[],"is_endless":false,"potions_floor_spawned":[6],"killed_by":"3 Sentries","ascension_level":2}}