{"host":"iv5y6bhuaupt1dsk","time":1614055879,"event":{"mods":["BaseMod","Colored Powertips","Koishi","Minty Spire (QoL Compilation)","StSLib","The Cursed","The Druid","The Exalted","The Forsaken","The Hierophant","The Judge","The Servant 0.9.4"],"gold_per_floor":[115,115,127,77,97,123,134,134,134,134,59,81,156,172,172,270,270,241,241,141,56,74,74,86,86,109,109,127,127,127,137,137,238,238,258,258,55,55,69,97,97,112,112,112,112,123,141,141,141],"floor_reached":48,"language":"ENG","playtime":2307,"items_purged":["theForsaken:TheForsaken_Strike","theForsaken:TheForsaken_Defend","theForsaken:TheForsaken_Defend"],"score":610,"play_id":"8d3644d6-0ef1-4c95-a674-d6459bce515c","local_time":"20210222205119","is_ascension_mode":false,"campfire_choices":[{"data":"theForsaken:WrathOfGod+1","floor":8,"key":"SMITH"},{"data":"theForsaken:WrathOfGod+2","floor":10,"key":"SMITH"},{"data":"theForsaken:WrathOfGod+3","floor":15,"key":"SMITH"},{"floor":23,"key":"RECALL"},{"data":"theForsaken:WrathOfGod+4","floor":30,"key":"SMITH"},{"floor":32,"key":"REST"},{"data":"theForsaken:WrathOfGod+5","floor":41,"key":"SMITH"},{"floor":45,"key":"REST"}],"circlet_count":0,"master_deck":["theForsaken:Smite","theForsaken:Penitence","theForsaken:DarkRift+1","theForsaken:WrathOfGod+6","theForsaken:Bolster","theForsaken:AncientWords","theForsaken:FountainOfLife","theForsaken:StoreUp","theForsaken:Retribution","theForsaken:StoreUp","theForsaken:HymnOfRest+1","theForsaken:SpreadingPlague+1","Panache+1","Flash of Steel","Dark Shackles","theForsaken:DefensiveStance+1","theForsaken:DarkBarrier+1","theForsaken:StoreUp+1"],"relics":["theForsaken:JudgementScales","Peace Pipe","Odd Mushroom","SlaversCollar","Frozen Egg 2","Blue Candle","Ancient Tea Set","NlothsMask","Empty Cage","Bromod:ArcaneConsequence"],"acts_visited":["Exordium","TheCity","TheBeyond"],"potions_floor_usage":[5,16,24,33,39,42,48],"damage_taken":[{"damage":32,"enemies":"Jaw Worm","floor":1,"turns":10},{"damage":0,"enemies":"Small Slimes","floor":3,"turns":4},{"damage":0,"enemies":"2 Louse","floor":5,"turns":2},{"damage":0,"enemies":"Lagavulin","floor":6,"turns":10},{"damage":2,"enemies":"2 Fungi Beasts","floor":7,"turns":5},{"damage":66,"enemies":"The Mushroom Lair","floor":12,"turns":5},{"damage":3,"enemies":"Exordium Wildlife","floor":14,"turns":5},{"damage":0,"enemies":"Hexaghost","floor":16,"turns":11},{"damage":41,"enemies":"2 Thieves","floor":18,"turns":5},{"damage":30,"enemies":"Spheric Guardian","floor":22,"turns":4},{"damage":0,"enemies":"Centurion and Healer","floor":24,"turns":7},{"damage":32,"enemies":"Cultist and Chosen","floor":28,"turns":8},{"damage":11,"enemies":"Snake Plant","floor":31,"turns":4},{"damage":1,"enemies":"Automaton","floor":33,"turns":12},{"damage":36,"enemies":"3 Shapes","floor":35,"turns":9},{"damage":13,"enemies":"Orb Walker","floor":39,"turns":6},{"damage":11,"enemies":"Nemesis","floor":40,"turns":7},{"damage":22,"enemies":"Spire Growth","floor":42,"turns":9},{"damage":0,"enemies":"Transient","floor":46,"turns":5},{"damage":0,"enemies":"Sphere and 2 Shapes","floor":47,"turns":7},{"damage":66,"enemies":"2 Orb Walkers","floor":48,"turns":4}],"seed_played":"2133255821937777161","potions_obtained":[{"floor":1,"key":"Block Potion"},{"floor":14,"key":"SpeedPotion"},{"floor":22,"key":"BlessingOfTheForge"},{"floor":28,"key":"Dexterity Potion"},{"floor":35,"key":"Block Potion"},{"floor":40,"key":"Block Potion"},{"floor":47,"key":"Energy Potion"}],"is_trial":false,"path_per_floor":["M","?","M","?","M","E","M","R","T","R","$","?","?","M","R","B",null,"M","?","$","?","M","R","M","?","T","?","M","$","R","M","R","B",null,"M","?","$","?","M","E","R","M","T","$","R","M","M","?"],"character_chosen":"THE_FORSAKEN","items_purchased":["theForsaken:DefensiveStance+1"],"campfire_rested":2,"item_purchase_floors":[37],"current_hp_per_floor":[51,38,38,38,40,43,44,44,44,44,44,45,34,33,33,38,71,57,57,57,57,29,29,32,32,32,32,40,40,40,29,51,64,81,57,47,47,47,40,35,35,25,25,25,55,58,60,0,0],"gold":141,"neow_bonus":"TRANSFORM_CARD","is_daily":false,"chose_seed":false,"campfire_upgraded":5,"win_rate":0.0,"timestamp":1614055879,"path_taken":["M","?","M","?","M","E","M","R","T","R","$","?","?","M","R","BOSS","M","?","$","?","?","R","M","?","T","?","?","?","R","M","R","BOSS","M","?","$","?","M","E","R","?","T","$","R","M","M","?"],"items_purchased_type":["Card"],"build_version":"2020-12-22","purchased_purges":3,"victory":false,"max_hp_per_floor":[65,65,65,65,65,65,65,65,65,65,65,67,67,69,69,71,71,73,73,73,73,75,75,75,75,75,75,75,75,75,75,75,81,81,87,87,87,87,91,97,97,101,101,101,101,101,103,103,103],"card_choices":[{"not_picked":["theForsaken:Bolster","theForsaken:Parry"],"picked":"theForsaken:WrathOfGod","floor":1},{"not_picked":["theForsaken:BlessedWeapon","theForsaken:Parry"],"picked":"theForsaken:Bolster","floor":3},{"not_picked":["theForsaken:NobleSacrifice","theForsaken:HymnOfPatience","theForsaken:CreepingInfection"],"picked":"SKIP","floor":5},{"not_picked":["theForsaken:HorrifyingStrike","theForsaken:BlightOfFamine"],"picked":"theForsaken:AncientWords","floor":6},{"not_picked":["theForsaken:Riposte","theForsaken:BottledPlague"],"picked":"theForsaken:FountainOfLife","floor":7},{"not_picked":["theForsaken:WordOfPower","theForsaken:CreepingInfection"],"picked":"theForsaken:StoreUp","floor":12},{"not_picked":["theForsaken:WrathOfGod","theForsaken:BlessedWeapon","theForsaken:CreepingInfection"],"picked":"SKIP","floor":14},{"not_picked":["theForsaken:FountainOfLife","theForsaken:DarkRift"],"picked":"theForsaken:Retribution","floor":16},{"not_picked":["theForsaken:ChargeAttack","theForsaken:ScorchingSunlight","theForsaken:NobleSacrifice"],"picked":"SKIP","floor":18},{"not_picked":["theForsaken:WordsOfPestilence","theForsaken:Parry","theForsaken:CleansingLight"],"picked":"SKIP","floor":22},{"not_picked":["theForsaken:SiphonStrike","theForsaken:FuryStrikes"],"picked":"theForsaken:StoreUp","floor":24},{"not_picked":["theForsaken:CorruptedWord","theForsaken:Thunderbolt","theForsaken:PanicDive"],"picked":"SKIP","floor":28},{"not_picked":["theForsaken:ChargeAttack","theForsaken:QuickAttack"],"picked":"theForsaken:HymnOfRest+1","floor":31},{"not_picked":["theForsaken:CorruptDeck+1","theForsaken:SacrificeSoul"],"picked":"theForsaken:SpreadingPlague+1","floor":33},{"not_picked":["theForsaken:WordsOfPestilence+1","theForsaken:CreepingInfection+1","theForsaken:SolarFlare"],"picked":"SKIP","floor":35},{"not_picked":["Good Instincts","Madness"],"picked":"Panache+1","floor":36},{"not_picked":["Mind Blast","Madness"],"picked":"Flash of Steel","floor":36},{"not_picked":["Secret Technique","HandOfGreed"],"picked":"Dark Shackles","floor":36},{"not_picked":["theForsaken:BlightOfFamine","theForsaken:HymnOfPatience+1","theForsaken:SiphonStrike"],"picked":"SKIP","floor":39},{"not_picked":["theForsaken:WardingHymn+1","theForsaken:WrathOfGod"],"picked":"theForsaken:DarkBarrier+1","floor":40},{"not_picked":["theForsaken:BlightOfFamine+1","theForsaken:NobleSacrifice","theForsaken:FuryStrikes+1"],"picked":"SKIP","floor":42},{"not_picked":["theForsaken:ShieldCharge+1","theForsaken:WordOfPower","theForsaken:Devotion"],"picked":"SKIP","floor":46},{"not_picked":["theForsaken:BottledPlague+1","theForsaken:BlessedWeapon"],"picked":"theForsaken:StoreUp+1","floor":47}],"player_experience":1518506,"relics_obtained":[{"floor":6,"key":"Peace Pipe"},{"floor":12,"key":"Odd Mushroom"},{"floor":26,"key":"Ancient Tea Set"},{"floor":40,"key":"Bromod:ArcaneConsequence"}],"event_choices":[{"damage_healed":0,"gold_gain":0,"player_choice":"Entered Light","damage_taken":13,"max_hp_gain":0,"max_hp_loss":0,"event_name":"Shining Light","floor":2,"gold_loss":0,"cards_upgraded":["theForsaken:WrathOfGod","theForsaken:DarkRift"]},{"cards_removed":["theForsaken:TheForsaken_Defend"],"damage_healed":0,"gold_gain":0,"player_choice":"Card Removal","damage_taken":0,"max_hp_gain":0,"max_hp_loss":0,"event_name":"The Cleric","floor":4,"gold_loss":50},{"damage_healed":0,"gold_gain":0,"player_choice":"Fought Mushrooms","damage_taken":0,"max_hp_gain":0,"max_hp_loss":0,"event_name":"Mushrooms","floor":12,"gold_loss":0},{"damage_healed":0,"gold_gain":75,"player_choice":"Gather Gold","damage_taken":11,"max_hp_gain":0,"max_hp_loss":0,"event_name":"World of Goop","floor":13,"gold_loss":0},{"damage_healed":0,"gold_gain":0,"player_choice":"Ignored","damage_taken":0,"max_hp_gain":0,"max_hp_loss":0,"event_name":"Ghosts","floor":19,"gold_loss":0},{"damage_healed":0,"gold_gain":0,"player_choice":"Obtained Relic","damage_taken":0,"relics_obtained":["Frozen Egg 2"],"max_hp_gain":0,"max_hp_loss":0,"event_name":"Addict","floor":21,"gold_loss":85},{"damage_healed":0,"gold_gain":0,"player_choice":"Opened","damage_taken":0,"relics_obtained":["Blue Candle"],"max_hp_gain":0,"max_hp_loss":0,"event_name":"The Mausoleum","floor":25,"gold_loss":0},{"damage_healed":0,"gold_gain":0,"player_choice":"Trade","damage_taken":0,"relics_obtained":["NlothsMask"],"max_hp_gain":0,"max_hp_loss":0,"event_name":"FaceTrader","floor":27,"gold_loss":0},{"damage_healed":0,"gold_gain":0,"player_choice":"Memory 3","damage_taken":10,"max_hp_gain":0,"max_hp_loss":0,"event_name":"SensoryStone","floor":36,"gold_loss":0},{"cards_removed":["theForsaken:TheForsaken_Strike"],"damage_healed":0,"gold_gain":0,"player_choice":"Purged","damage_taken":0,"max_hp_gain":0,"max_hp_loss":0,"event_name":"Purifier","floor":38,"gold_loss":0},{"damage_healed":0,"gold_gain":0,"player_choice":"Fight","damage_taken":0,"max_hp_gain":0,"max_hp_loss":0,"event_name":"Mysterious Sphere","floor":48,"gold_loss":0}],"is_beta":false,"boss_relics":[{"not_picked":["Tiny House","Black Star"],"picked":"SlaversCollar"},{"not_picked":["Philosopher\u0027s Stone","SacredBark"],"picked":"Empty Cage"}],"items_purged_floors":[11,20,37],"is_endless":false,"potions_floor_spawned":[1,14,22,28,35,40,47],"killed_by":"2 Orb Walkers","ascension_level":0}}