{"host":"1bzbl1adcbkdzqlf","time":1614103876,"event":{"mods":["BaseMod","Minty Spire (QoL Compilation)","Slay the Relics Exporter"],"gold_per_floor":[167,180,197,210,210,210,241,241,241,241,254,284,284,319,319,319,319],"floor_reached":16,"language":"ENG","playtime":1125,"items_purged":[],"score":234,"play_id":"9b84ab5a-448e-4ad4-b692-b3da8e5eeb8b","local_time":"20210223121116","is_ascension_mode":true,"campfire_choices":[{"floor":6,"key":"REST"},{"data":"Uppercut","floor":8,"key":"SMITH"},{"data":"Perfected Strike","floor":10,"key":"SMITH"},{"floor":13,"key":"REST"},{"floor":15,"key":"REST"}],"circlet_count":0,"master_deck":["AscendersBane","Strike_R","Strike_R","Strike_R","Strike_R","Strike_R+1","Defend_R","Defend_R","Defend_R","Defend_R+1","Bash","Perfected Strike+1","Iron Wave","Pommel Strike","Uppercut+1","Shrug It Off+1","Thunderclap","Pommel Strike","Cleave"],"relics":["Tiny House","Pear","Peace Pipe","WingedGreaves","Omamori"],"acts_visited":["Exordium"],"potions_floor_usage":[7,7,12,14,16],"damage_taken":[{"damage":7,"enemies":"Cultist","floor":1,"turns":4},{"damage":5,"enemies":"2 Louse","floor":2,"turns":3},{"damage":10,"enemies":"Small Slimes","floor":3,"turns":2},{"damage":6,"enemies":"Red Slaver","floor":4,"turns":4},{"damage":22,"enemies":"Lagavulin","floor":7,"turns":5},{"damage":3,"enemies":"Blue Slaver","floor":11,"turns":3},{"damage":15,"enemies":"Gremlin Nob","floor":12,"turns":4},{"damage":19,"enemies":"Lagavulin","floor":14,"turns":4},{"damage":55,"enemies":"The Guardian","floor":16,"turns":8}],"seed_played":"-5742770275459882253","potions_obtained":[{"floor":0,"key":"SneckoOil"},{"floor":2,"key":"PowerPotion"},{"floor":11,"key":"Block Potion"},{"floor":12,"key":"SpeedPotion"},{"floor":14,"key":"LiquidBronze"}],"is_trial":false,"path_per_floor":["M","M","M","M","?","R","E","R","T","R","M","E","R","E","R","B"],"character_chosen":"IRONCLAD","items_purchased":[],"campfire_rested":3,"item_purchase_floors":[],"current_hp_per_floor":[66,61,51,45,21,45,33,33,33,33,30,15,42,23,50,0,0],"gold":319,"neow_bonus":"BOSS_RELIC","is_daily":false,"chose_seed":false,"campfire_upgraded":2,"win_rate":0.0,"timestamp":1614103876,"path_taken":["M","M","?","M","?","R","E","R","T","R","M","E","R","E","R","BOSS"],"items_purchased_type":[],"build_version":"2020-12-22","purchased_purges":0,"victory":false,"max_hp_per_floor":[80,80,80,80,80,80,90,90,90,90,90,90,90,90,90,90,90],"card_choices":[{"not_picked":["Blood for Blood","Wild Strike"],"picked":"Perfected Strike","floor":0},{"not_picked":["Wild Strike","Flex"],"picked":"Iron Wave","floor":1},{"not_picked":["Havoc","Rage"],"picked":"Pommel Strike","floor":2},{"not_picked":["Cleave","Shrug It Off"],"picked":"Uppercut","floor":3},{"not_picked":["Body Slam","Perfected Strike"],"picked":"Shrug It Off","floor":4},{"not_picked":["Havoc","Seeing Red"],"picked":"Thunderclap","floor":7},{"not_picked":["Shrug It Off","Limit Break"],"picked":"Pommel Strike","floor":11},{"not_picked":["Anger","Power Through","Rupture"],"picked":"SKIP","floor":12},{"not_picked":["Impervious","Sword Boomerang"],"picked":"Cleave","floor":14}],"player_experience":508473,"relics_obtained":[{"floor":7,"key":"Pear"},{"floor":9,"key":"Peace Pipe"},{"floor":12,"key":"WingedGreaves"},{"floor":14,"key":"Omamori"}],"event_choices":[{"damage_healed":0,"gold_gain":0,"player_choice":"Entered Light","damage_taken":24,"max_hp_gain":0,"max_hp_loss":0,"event_name":"Shining Light","floor":5,"gold_loss":0,"cards_upgraded":["Strike_R","Shrug It Off"]}],"is_beta":false,"boss_relics":[],"items_purged_floors":[],"is_endless":false,"potions_floor_spawned":[2,3,11,12,14],"killed_by":"The Guardian","ascension_level":19}}