{"host":"mtzcgy6hqz1ze1d8","time":1614039037,"event":{"mods":["AchievementEnabler","BaseMod","Colored Map","DeckTracker","Keyboard Shortcuts","Minty Spire (QoL Compilation)","Permanent Neow","StSLib","SuperFastMode"],"gold_per_floor":[110,110,124,124,36,36,7,37,37,66,76,111,111,123,123,123,123],"floor_reached":16,"language":"KOR","playtime":317,"items_purged":[],"score":361,"play_id":"ea8eb51a-7f46-443c-80aa-a4e0bb60260e","local_time":"20210223091037","is_ascension_mode":true,"campfire_choices":[{"data":"Hemokinesis","floor":6.0,"key":"SMITH"},{"floor":15.0,"key":"REST"}],"circlet_count":0,"master_deck":["AscendersBane","Strike_R","Strike_R","Strike_R","Strike_R","Strike_R","Defend_R","Defend_R","Defend_R+1","Defend_R+1","Bash","Perfected Strike","Burning Pact","Hemokinesis+1","Pommel Strike","Shockwave","Uppercut"],"relics":["Burning Blood","NeowsBlessing","Girya","Mango","Strawberry","Pocketwatch","Matryoshka"],"acts_visited":["Exordium"],"potions_floor_usage":[16],"damage_taken":[{"damage":0.0,"enemies":"Jaw Worm","floor":1.0,"turns":1.0},{"damage":0.0,"enemies":"Small Slimes","floor":3.0,"turns":1.0},{"damage":0.0,"enemies":"3 Sentries","floor":8.0,"turns":1.0},{"damage":44.0,"enemies":"Lagavulin","floor":10.0,"turns":4.0},{"damage":0.0,"enemies":"2 Louse","floor":11.0,"turns":2.0},{"damage":2.0,"enemies":"Gremlin Nob","floor":12.0,"turns":3.0},{"damage":11.0,"enemies":"Blue Slaver","floor":14.0,"turns":2.0},{"damage":73,"enemies":"Hexaghost","floor":16,"turns":9}],"seed_played":"5209613125150274036","potions_obtained":[{"floor":1.0,"key":"Energy Potion"},{"floor":8.0,"key":"BloodPotion"}],"is_trial":false,"path_per_floor":["M","?","M","?","$","R","$","E","T","E","M","E","?","M","R","B"],"character_chosen":"IRONCLAD","items_purchased":["Hemokinesis","Pommel Strike"],"campfire_rested":1,"item_purchase_floors":[5,7],"current_hp_per_floor":[74,51,57,57,57,57,57,63,77,46,52,56,30,25,53,0,0],"gold":123,"neow_bonus":"THREE_ENEMY_KILL","is_daily":false,"chose_seed":false,"campfire_upgraded":1,"win_rate":0.0,"timestamp":1614039037,"path_taken":["M","?","M","?","?","R","$","E","T","E","M","E","?","M","R","BOSS"],"items_purchased_type":["Card","Card"],"build_version":"2020-12-22","purchased_purges":0,"victory":false,"max_hp_per_floor":[75,75,75,75,75,75,75,75,89,96,96,96,96,96,96,96,96],"card_choices":[{"not_picked":["Entrench","Heavy Blade"],"picked":"Perfected Strike","floor":1.0},{"not_picked":["Entrench","Flame Barrier"],"picked":"Burning Pact","floor":3.0},{"not_picked":["Heavy Blade","Flame Barrier","Body Slam"],"picked":"SKIP","floor":8.0},{"not_picked":["Perfected Strike","Clothesline","Brutality"],"picked":"SKIP","floor":10.0},{"not_picked":["Inflame","Twin Strike"],"picked":"Shockwave","floor":11.0},{"not_picked":["Armaments","Havoc","Ghostly Armor"],"picked":"SKIP","floor":12.0},{"not_picked":["Havoc","Clothesline"],"picked":"Uppercut","floor":14.0}],"player_experience":307824,"relics_obtained":[{"floor":8.0,"key":"Girya"},{"floor":9.0,"key":"Mango"},{"floor":10.0,"key":"Strawberry"},{"floor":12.0,"key":"Pocketwatch"}],"event_choices":[{"damage_healed":0.0,"max_hp_gain":0.0,"max_hp_loss":0.0,"gold_gain":0.0,"event_name":"Shining Light","player_choice":"Entered Light","floor":2.0,"gold_loss":0.0,"damage_taken":23.0,"cards_upgraded":["Defend_R","Defend_R"]},{"damage_healed":0.0,"max_hp_gain":0.0,"max_hp_loss":0.0,"gold_gain":0.0,"event_name":"Liars Game","player_choice":"Ignored","floor":4.0,"gold_loss":0.0,"damage_taken":0.0},{"damage_healed":0.0,"max_hp_gain":0.0,"max_hp_loss":0.0,"gold_gain":0.0,"event_name":"Scrap Ooze","player_choice":"Success","floor":13.0,"gold_loss":0.0,"damage_taken":26.0,"relics_obtained":["Matryoshka"]}],"is_beta":false,"boss_relics":[],"items_purged_floors":[],"is_endless":false,"potions_floor_spawned":[1,8],"killed_by":"Hexaghost","ascension_level":20}}