{"host":"vrsxkkch9ccrec7k","time":1614123003,"event":{"mods":["Act Like it!","BaseMod","Bestiary","Better Altar","Better Match","Better Note","Better Sensory Stone","Better Skull","Better Third Choice","Better Vampires","Downfall","Minty Spire (QoL Compilation)","Permanent Neow","Relic Stats","Spicy Shops","StSLib"],"gold_per_floor":[99,99,99,99,99,99,99,128,128,53,53,81,143,178,223,344,344,244,264,264,276,314,414,439,465,465,38,83,116,116,127,144,272,272,272,314,325,18,38,38,119,119,131,145,171,188,88,213,233,233],"floor_reached":51,"language":"ENG","playtime":3720,"items_purged":["Slimebound:Strike_Slimebound","Slimebound:Tackle","Slimebound:Strike_Slimebound"],"score":1236,"play_id":"58926aba-3f54-44e9-bc57-978fe3112689","local_time":"20210223183003","is_ascension_mode":true,"campfire_choices":[{"data":"Slimebound:Split","floor":1,"key":"SMITH"},{"floor":9,"key":"REST"},{"data":"HandOfGreed","floor":11,"key":"SMITH"},{"data":"Slimebound:MassFeed","floor":18,"key":"SMITH"},{"data":"Slimebound:Overexert","floor":26,"key":"SMITH"},{"data":"Slimebound:OneTwoCombo","floor":30,"key":"SMITH"},{"data":"Slimebound:HauntingLick","floor":35,"key":"SMITH"},{"data":"Slimebound:LeadByExample","floor":40,"key":"SMITH"},{"floor":42,"key":"RECALL"},{"data":"Slimebound:SpikyOuterGoop","floor":47,"key":"SMITH"}],"circlet_count":0,"master_deck":["AscendersBane","Slimebound:Defend_Slimebound","Slimebound:Defend_Slimebound","Slimebound:Defend_Slimebound","Slimebound:Defend_Slimebound","Slimebound:Split+1","Slimebound:CorrosiveSpit","Slimebound:SplitMire","HandOfGreed+1","Slimebound:Schlurp","Slimebound:DisruptingSlam","Slimebound:Dissolve","Slimebound:Grow+1","Slimebound:MassFeed+1","Slimebound:GoopSpray","Slimebound:RainOfGoop","Slimebound:SplitLeeching","Slimebound:Equalize","Slimebound:LivingWall","Slimebound:Overexert+1","Slimebound:SplitAcid","Slimebound:SplitAcid","Slimebound:Replication","Slimebound:HauntingLick+1","Slimebound:LeechingTouch","Slimebound:Prepare","Slimebound:OozeBath","Slimebound:OneTwoCombo+1","Slimebound:GoopSpray+1","Slimebound:MinionMaster","Slimebound:LeechingTouch+1","Slimebound:SplitMire+1","Slimebound:LeadByExample+1","Slimebound:AcidTongue","Slimebound:SlimeTap","Slimebound:SamplingLick+1","Slimebound:Repurpose","Slimebound:SpikyOuterGoop+1","Slimebound:SlimeBrawl+1","Slimebound:RainOfGoop+1","Slimebound:SplitLeeching","Slimebound:SplitLeeching"],"relics":["Slimebound:AbsorbEndCombat","downfall:HeartsMalice","Prayer Wheel","CaptainsWheel","Slimebound:SlimedTailRelic","HornCleat","Coffee Dripper","downfall:HeartBlessingGreen","Anchor","Pantograph","Slimebound:PotencyRelic","Guardian:PocketSentry","sneckomod:SneckoTalon","Mummified Hand","Bag of Preparation","Blue Candle","Omamori","downfall:HeartBlessingRed"],"acts_visited":["Exordium","TheCity","TheBeyond"],"potions_floor_usage":[15,16,29,36,50,50],"damage_taken":[{"damage":0,"enemies":"Cultist","floor":2,"turns":1},{"damage":0,"enemies":"Small Slimes","floor":5,"turns":1},{"damage":0,"enemies":"Jaw Worm","floor":6,"turns":1},{"damage":51,"enemies":"Gremlin Nob","floor":8,"turns":6},{"damage":3,"enemies":"Lagavulin","floor":12,"turns":7},{"damage":1,"enemies":"Exordium Thugs","floor":13,"turns":5},{"damage":6,"enemies":"3 Sentries","floor":14,"turns":6},{"damage":0,"enemies":"2 Fungi Beasts","floor":15,"turns":4},{"damage":2,"enemies":"SI_SHIV_ARCHETYPE","floor":16,"turns":11},{"damage":2,"enemies":"Chosen","floor":19,"turns":4},{"damage":13,"enemies":"3 Byrds","floor":21,"turns":4},{"damage":23,"enemies":"Centurion and Healer","floor":22,"turns":7},{"damage":20,"enemies":"Gremlin Leader","floor":25,"turns":7},{"damage":0,"enemies":"downfall:FleeingMerchant","floor":27,"turns":4},{"damage":10,"enemies":"Shelled Parasite and Fungi","floor":28,"turns":5},{"damage":5,"enemies":"Slavers","floor":29,"turns":3},{"damage":0,"enemies":"Chosen and Byrds","floor":31,"turns":3},{"damage":0,"enemies":"Snecko","floor":32,"turns":5},{"damage":1,"enemies":"IC_MUSHROOM_ARCHETYPE","floor":33,"turns":7},{"damage":0,"enemies":"3 Shapes","floor":36,"turns":4},{"damage":0,"enemies":"Orb Walker","floor":37,"turns":3},{"damage":0,"enemies":"downfall:FleeingMerchant","floor":38,"turns":4},{"damage":11,"enemies":"Spire Growth","floor":39,"turns":4},{"damage":10,"enemies":"Maw","floor":43,"turns":6},{"damage":3,"enemies":"3 Darklings","floor":44,"turns":5},{"damage":10,"enemies":"Giant Head","floor":45,"turns":6},{"damage":0,"enemies":"Spire Growth","floor":46,"turns":3},{"damage":0,"enemies":"Spire Growth","floor":48,"turns":3},{"damage":0,"enemies":"Sphere and 2 Shapes","floor":49,"turns":5},{"damage":4,"enemies":"DF_ARCHETYPE_ORBS","floor":50,"turns":12}],"seed_played":"4395305379687410421","potions_obtained":[{"floor":13,"key":"Fruit Juice"},{"floor":14,"key":"PowerPotion"},{"floor":15,"key":"champ:CounterPotion"},{"floor":22,"key":"Slimebound:SlimedPotion"},{"floor":33,"key":"AttackPotion"},{"floor":39,"key":"champ:CounterPotion"},{"floor":43,"key":"ColorlessPotion"},{"floor":46,"key":"DistilledChaos"}],"is_trial":false,"path_per_floor":["R","M","?","?","M","M","T","E","R","?","R","E","M","E","M","B",null,"R","M","?","M","M","?","T","E","R","$","M","E","R","M","M","B",null,"R","M","M","$","M","R","T","R","M","M","E","M","R","?","M","B",null],"character_chosen":"SLIMEBOUND","items_purchased":["Slimebound:PotencyRelic","Slimebound:Prepare","Mummified Hand","Bag of Preparation"],"campfire_rested":1,"item_purchase_floors":[27,27,38,38],"current_hp_per_floor":[59,59,59,59,59,59,59,8,27,27,27,32,35,36,48,62,73,73,76,62,67,60,60,60,56,56,70,80,93,93,97,101,100,101,101,101,101,101,94,94,94,94,92,97,91,93,93,101,103,103],"gold":233,"neow_bonus":"THREE_ENEMY_KILL","is_daily":false,"chose_seed":false,"campfire_upgraded":8,"win_rate":0.0,"timestamp":1614123003,"path_taken":["R","M","?","?","?","M","T","E","R","?","R","E","M","E","M","BOSS","R","M","?","M","M","?","T","E","R","$","?","E","R","M","M","BOSS","R","M","M","$","M","R","T","R","M","M","E","M","R","?","M","BOSS"],"items_purchased_type":["Relic","Card","Relic","Relic"],"build_version":"2020-12-22","purchased_purges":3,"victory":true,"max_hp_per_floor":[65,65,65,65,65,65,65,65,65,65,65,65,65,68,76,76,76,76,76,81,85,85,85,85,89,89,89,93,97,97,97,101,101,101,101,101,101,101,101,101,101,101,101,101,101,101,101,105,105,105],"relic_stats":{"counters":[30,134],"Mummified Hand":[30],"Pantograph":2,"Blue Candle":[0],"Prayer Wheel":15,"Bag of Preparation":[16],"obtain_stats":[{"downfall:HeartBlessingRed":47,"Blue Candle":41,"downfall:HeartsMalice":0,"downfall:HeartBlessingGreen":18,"Guardian:PocketSentry":29,"Bag of Preparation":38,"Omamori":45,"sneckomod:SneckoTalon":34,"Slimebound:PotencyRelic":27,"CaptainsWheel":8,"Anchor":24,"HornCleat":14,"Mummified Hand":38,"Pantograph":25,"Prayer Wheel":7,"Slimebound:AbsorbEndCombat":0,"Coffee Dripper":17,"Slimebound:SlimedTailRelic":12},{"downfall:HeartBlessingRed":27,"Blue Candle":23,"downfall:HeartsMalice":0,"downfall:HeartBlessingGreen":9,"Guardian:PocketSentry":16,"Bag of Preparation":22,"Omamori":26,"sneckomod:SneckoTalon":19,"Slimebound:PotencyRelic":14,"CaptainsWheel":4,"Anchor":12,"HornCleat":7,"Mummified Hand":22,"Pantograph":13,"Prayer Wheel":3,"Slimebound:AbsorbEndCombat":0,"Coffee Dripper":9,"Slimebound:SlimedTailRelic":5},{"downfall:HeartBlessingRed":114,"Blue Candle":96,"downfall:HeartsMalice":0,"downfall:HeartBlessingGreen":37,"Guardian:PocketSentry":69,"Bag of Preparation":93,"Omamori":112,"sneckomod:SneckoTalon":83,"Slimebound:PotencyRelic":61,"CaptainsWheel":5,"Anchor":50,"HornCleat":22,"Mummified Hand":93,"Pantograph":57,"Prayer Wheel":0,"Slimebound:AbsorbEndCombat":0,"Coffee Dripper":37,"Slimebound:SlimedTailRelic":12}]},"card_choices":[{"not_picked":["Slimebound:ComboTackle","Slimebound:GoopTackle"],"picked":"Slimebound:SplitMire","floor":2},{"not_picked":["Mayhem","Bandage Up"],"picked":"HandOfGreed","floor":4},{"not_picked":["Slimebound:GoopTackle","Slimebound:RollThrough"],"picked":"Slimebound:Schlurp","floor":5},{"not_picked":["Slimebound:AcidTongue","Slimebound:TongueLash"],"picked":"Slimebound:DisruptingSlam","floor":6},{"not_picked":["Slimebound:DivideAndConquer","Slimebound:GrowthPunch"],"picked":"Slimebound:Dissolve","floor":8},{"not_picked":["Slimebound:ForwardTackle+1","Slimebound:DivideAndConquer+1"],"picked":"Slimebound:Grow+1","floor":10},{"not_picked":["Slimebound:ServeAndProtect","Slimebound:PressTheAttack"],"picked":"Slimebound:MassFeed","floor":12},{"not_picked":["Slimebound:GoopTackle","Slimebound:SlimeBrawl"],"picked":"Slimebound:GoopSpray","floor":13},{"not_picked":["Slimebound:Chomp","Slimebound:HauntingLick"],"picked":"Slimebound:RainOfGoop","floor":13},{"not_picked":["Slimebound:RainOfGoop","Slimebound:HungryTackle"],"picked":"Slimebound:SplitLeeching","floor":14},{"not_picked":["Slimebound:FinishingTackle","Slimebound:GoopSpray"],"picked":"Slimebound:Equalize","floor":15},{"not_picked":["Slimebound:ComboTackle","Slimebound:SamplingLick"],"picked":"Slimebound:LivingWall","floor":15},{"not_picked":["Slimebound:MinionMaster","Slimebound:Teamwork"],"picked":"Slimebound:Overexert","floor":16},{"not_picked":["Slimebound:SplitBruiser","Slimebound:GoopTackle+1"],"picked":"Slimebound:SplitAcid","floor":19},{"not_picked":["Slimebound:SplitBruiser","Slimebound:ServeAndProtect"],"picked":"Slimebound:SplitAcid","floor":19},{"not_picked":["Slimebound:SlimeBarrage","Slimebound:LeechingTouch","Slimebound:SplitBruiser"],"picked":"SKIP","floor":21},{"not_picked":["Slimebound:DivideAndConquer","Slimebound:GoopTackle","Slimebound:ComboTackle"],"picked":"SKIP","floor":21},{"not_picked":["Slimebound:FlameTackle","Slimebound:PressTheAttack"],"picked":"Slimebound:Replication","floor":22},{"not_picked":["Slimebound:GoopTackle","Slimebound:DisruptingSlam","Slimebound:Grow"],"picked":"SKIP","floor":22},{"not_picked":["Slimebound:FormOfPuddle","Slimebound:Grow"],"picked":"Slimebound:HauntingLick","floor":25},{"not_picked":["Slimebound:Prepare","Slimebound:MegaLick"],"picked":"Slimebound:LeechingTouch","floor":27},{"not_picked":["Slimebound:HungryTackle+1","Slimebound:GoopSpray"],"picked":"Slimebound:OozeBath","floor":28},{"not_picked":["Slimebound:SlimeSpikes+1","Slimebound:ItLooksTasty","Slimebound:ComboTackle"],"picked":"SKIP","floor":28},{"not_picked":["Slimebound:GoopSpray","Slimebound:PressTheAttack"],"picked":"Slimebound:OneTwoCombo","floor":29},{"not_picked":["Slimebound:HauntingLick","Slimebound:ItLooksTasty"],"picked":"Slimebound:GoopSpray+1","floor":31},{"not_picked":["Slimebound:GoopTackle","Slimebound:ComboTackle","Slimebound:Schlurp"],"picked":"SKIP","floor":31},{"not_picked":["Slimebound:SamplingLick","Slimebound:PressTheAttack","Slimebound:HauntingLick"],"picked":"SKIP","floor":32},{"not_picked":["Slimebound:FormOfPuddle","Slimebound:RollThrough","Slimebound:Dissolve"],"picked":"SKIP","floor":32},{"not_picked":["Slimebound:Recycling","Slimebound:LeechLife"],"picked":"Slimebound:MinionMaster","floor":33},{"not_picked":["Slimebound:SplitAcid","Slimebound:LivingWall"],"picked":"Slimebound:LeechingTouch+1","floor":36},{"not_picked":["Slimebound:SlimeSpikes","Slimebound:TongueLash","Slimebound:RainOfGoop"],"picked":"SKIP","floor":36},{"not_picked":["Slimebound:Nibble+1","Slimebound:ComboTackle+1"],"picked":"Slimebound:SplitMire+1","floor":37},{"not_picked":["Slimebound:LivingWall","Slimebound:ComboTackle","Slimebound:FormOfPuddle"],"picked":"SKIP","floor":37},{"not_picked":["Slimebound:HauntingLick","Slimebound:DisruptingSlam"],"picked":"Slimebound:LeadByExample","floor":38},{"not_picked":["Slimebound:BestDefense","Slimebound:Dissolve"],"picked":"Slimebound:AcidTongue","floor":39},{"not_picked":["Slimebound:Replication","Slimebound:WasteNot","Slimebound:SplitAcid+1"],"picked":"SKIP","floor":39},{"not_picked":["Slimebound:LeechEnergy","Slimebound:DivideAndConquer+1","Slimebound:Prepare"],"picked":"SKIP","floor":43},{"not_picked":["Slimebound:ItLooksTasty","Slimebound:RallyTheTroops","Slimebound:HungryTackle"],"picked":"SKIP","floor":43},{"not_picked":["Slimebound:LeechingTouch","Slimebound:SamplingLick"],"picked":"Slimebound:SlimeTap","floor":44},{"not_picked":["Slimebound:ItLooksTasty","Slimebound:SplitAcid"],"picked":"Slimebound:SamplingLick+1","floor":44},{"not_picked":["Slimebound:ItLooksTasty","Slimebound:SplitLeeching"],"picked":"Slimebound:Repurpose","floor":45},{"not_picked":["Slimebound:SlimeBarrage","Slimebound:SlimeTap"],"picked":"Slimebound:SpikyOuterGoop","floor":46},{"not_picked":["Slimebound:DisruptingSlam","Slimebound:TongueLash+1"],"picked":"Slimebound:SlimeBrawl+1","floor":46},{"not_picked":["Slimebound:Equalize","Slimebound:Schlurp"],"picked":"Slimebound:RainOfGoop+1","floor":48},{"not_picked":["Slimebound:FinishingTackle","Slimebound:Replication"],"picked":"Slimebound:SplitLeeching","floor":49},{"not_picked":["Slimebound:SlimeSpikes+1","Slimebound:RollThrough"],"picked":"Slimebound:SplitLeeching","floor":49}],"player_experience":2007781,"relics_obtained":[{"floor":7,"key":"Prayer Wheel"},{"floor":8,"key":"CaptainsWheel"},{"floor":12,"key":"Slimebound:SlimedTailRelic"},{"floor":14,"key":"HornCleat"},{"floor":24,"key":"Anchor"},{"floor":25,"key":"Pantograph"},{"floor":29,"key":"Guardian:PocketSentry"},{"floor":41,"key":"Blue Candle"},{"floor":45,"key":"Omamori"}],"event_choices":[{"cards_removed":["Slimebound:Strike_Slimebound"],"damage_healed":0,"gold_gain":0,"player_choice":"Card Removal","damage_taken":0,"max_hp_gain":0,"max_hp_loss":0,"event_name":"The Cleric","floor":3,"gold_loss":0},{"damage_healed":0,"gold_gain":1,"player_choice":"1","damage_taken":0,"max_hp_gain":0,"max_hp_loss":0,"event_name":"betterStone:BetterStone","floor":4,"gold_loss":0},{"damage_healed":0,"gold_gain":0,"player_choice":"2","damage_taken":0,"max_hp_gain":0,"max_hp_loss":0,"event_name":"betterMatch:BetterMatch","floor":10,"gold_loss":0,"cards_obtained":["betterMatch:UncommonCard"]}],"is_beta":false,"boss_relics":[{"not_picked":["Tiny House","expansioncontent:StudyCardRelic"],"picked":"Coffee Dripper"},{"not_picked":["Pandora\u0027s Box","Runic Pyramid"],"picked":"sneckomod:SneckoTalon"}],"items_purged_floors":[27,38,38],"is_endless":false,"potions_floor_spawned":[13,14,15,22,25,33,39,43,46,48],"ascension_level":12}}