{"host":"rjfefv2ruvigm2gb","time":1614094977,"event":{"mods":["Act Like it!","AlwaysNeverKeys","BaseMod","Better Note","Better Third Choice","BetterRewards","Block Reminder","Bossed Relics","Colored Map","Colored Powertips","Conspire","Curses Come First","Displayed Cursed Tome","Downfall","Fox Events","GifTheSpireLib","Gold Saver","Googly Eyes","Highlight Path","Hubris","Ironclad Rager","Minty Spire (QoL Compilation)","Monster B Gone","Permanent Neow","Poor People Problems","Quick Restart","Relic Filter","Relic Stats","Reliquary","Replay The Spire","Retaliation","Ruina","Shop Mod","Small Relic Pack","Spire Arcade","StS++","StSLib","Stuff the Spire","SuperFastMode","The Blue Laboratory","Transform Curses","Uncapped","Virulent Crown"],"gold_per_floor":[632,632,632,1152,1667,1667,1756,1756,2056,2116,2116,2697,2796,3357,3357,3575,3575,4189,4189,4189,4189,4766,4766,4885,4050,4130,4230,4301,4301,4887,5479,5479,5662,5662,5725,5725,5785,5192,5192,5307,4706,4706,4706,5264,5164,5194,5194,5734,5734,5784,5784,5784,4297,4832,4882],"floor_reached":56,"language":"ENG","playtime":2923,"items_purged":["Amnesia","bronze:Strike","bronze:Defend","bronze:Strike+1"],"score":2601,"play_id":"445daed0-0a74-4259-b2dd-7f28aba9e3b8","local_time":"20210223094257","is_ascension_mode":true,"campfire_choices":[{"floor":6.0,"key":"REST"},{"floor":11.0,"key":"REST"},{"data":"bronze:ChildClass","floor":15.0,"key":"SMITH"},{"floor":23.0,"key":"REST"},{"floor":29.0,"key":"REST"},{"data":"bronze:BugBarrage+1","floor":42,"key":"SMITH"},{"data":"bronze:BugBarrage+1","floor":42,"key":"SMITH"},{"data":"1","floor":47,"key":"LIFT"},{"data":"bronze:BugBarrage+2","floor":49,"key":"SMITH"},{"data":"bronze:BugBarrage+3","floor":49,"key":"SMITH"},{"data":"2","floor":52,"key":"LIFT"}],"circlet_count":0,"master_deck":["AscendersBane","bronze:Strike+1","bronze:Strike+1","bronze:Defend+1","bronze:Defend+1","bronze:Defend+1","bronze:Replicate+2","bronze:Goto+1","sneckomod:Strike","bronze:ItsAFeature+1","Burn","bronze:ChildClass+1","bronze:BugBarrage+1","bronze:BuggyMess","bronze:BugBarrage+2","bronze:BugBarrage+2","bronze:Mutator","StuffTheSpire:BrainWave","StuffTheSpire:BrainWave","bronze:Virus","bronze:BugBarrage+4","bronze:Branch","bronze:BugBarrage+1"],"relics":["bronze:BronzeCore","hubris:Icosahedron","ReplayTheSpireMod:Ring of Challenge","ReplayTheSpireMod:Ring of Exchange","Guardian:PocketSentry","reliquary:RoseTintedGlasses","Whetstone","conspire:Flyswatter","Bronze Scales","reliquary:Aerogel","Regal Pillow","Juzu Bracelet","Replay:Bandana","Anchor","hubris:CuriousFeather","Old Coin","Incense Burner","Potion Belt","StSpp:BrokenTotem","reliquary:Buckler","Guide Book","reliquary:PartyBalloon","reliquary:Sideboard","reliquary:SilkGlove","hubris:OldNail","Omamori","Gremlin Horn","Cauldron","conspire:InfiniteJournal","conspire:TopHat","War Paint","Replay:Rubber Ducky","Gremlin Food","Enchiridion","sneckomod:BlankCard","StuffTheSpire:OldFever","reliquary:WeakTea","Replay:Mystery Machine","reliquary:TatteredRug","bronze:BronzeIdol","Slimebound:StickyStick","relicPack:SpireResearchBook","Tiny House","MerchantsRug","Replay:Bottled Eggs","Durian","Smiling Mask","StuffTheSpire:Gunfinga","Pen Nib","hubris:PeanutButter","reliquary:Knoch","champ:DuelingGlove","Bag of Marbles","reliquary:ExpiredCoupon","bronze:SilverBullet","conspire:GiftBox","reliquary:Boomerang","sneckomod:SneckoTalon","Ginger","OrangePellets","StuffTheSpire:HeavyRock","Girya","Strawberry","Replay:Arrowhead","hubris:Reverence","Akabeko","reliquary:IridiumChain","hubris:FunFungus","StuffTheSpire:Mouthbags","hubris:64BitClover","Blue Doll","Replay:Bottled Flurry","StuffTheSpire:GrapeVine","reliquary:SharkskinSheath","StSpp:XCola","MealTicket","Black Star","Calipers","bronze:PlatinumCore","ReplayTheSpireMod:Lightbulb","reliquary:Firecrackers","Nunchaku","Replay:Ringing Soul","Mango","bronze:Mallet","Replay:WaspNest"],"acts_visited":["Exordium","TheCity","TheBeyond","TheEnding"],"potions_floor_usage":[55,55],"damage_taken":[{"damage":8.0,"enemies":"Jaw Worm","floor":1.0,"turns":4.0},{"damage":21.0,"enemies":"Small Slimes","floor":4.0,"turns":9.0},{"damage":7.0,"enemies":"2 Louse","floor":5.0,"turns":2.0},{"damage":14.0,"enemies":"3 Sentries","floor":7.0,"turns":6.0},{"damage":18.0,"enemies":"Gremlin Nob","floor":10.0,"turns":4.0},{"damage":10.0,"enemies":"Large Slime","floor":12.0,"turns":5.0},{"damage":8.0,"enemies":"Lagavulin","floor":13.0,"turns":4.0},{"damage":4.0,"enemies":"2 Fungi Beasts","floor":14.0,"turns":4.0},{"damage":18.0,"enemies":"The Guardian","floor":16.0,"turns":9.0},{"damage":24.0,"enemies":"conspire:FuzzyDice","floor":18.0,"turns":12.0},{"damage":15.0,"enemies":"Chosen","floor":22.0,"turns":4.0},{"damage":0.0,"enemies":"conspire:Head Lice","floor":24.0,"turns":4.0},{"damage":0.0,"enemies":"Slavers","floor":27.0,"turns":2.0},{"damage":0.0,"enemies":"Centurion and Healer","floor":28.0,"turns":2.0},{"damage":0.0,"enemies":"Snecko","floor":30.0,"turns":3.0},{"damage":10,"enemies":"Gremlin Leader","floor":31,"turns":3},{"damage":0,"enemies":"hubris:MusketHawk","floor":33,"turns":4},{"damage":0,"enemies":"3 Darklings","floor":35,"turns":1},{"damage":0,"enemies":"R_Hoarder","floor":40,"turns":3},{"damage":3,"enemies":"3 Shapes","floor":44,"turns":1},{"damage":0,"enemies":"Spire Growth","floor":46,"turns":1},{"damage":0,"enemies":"Nemesis","floor":48,"turns":1},{"damage":0,"enemies":"Time Eater","floor":50,"turns":2},{"damage":0,"enemies":"Shield and Spear","floor":54,"turns":1},{"damage":0,"enemies":"The Heart","floor":55,"turns":3}],"seed_played":"8955510842257045843","potions_obtained":[{"floor":7.0,"key":"Milkshake"},{"floor":12.0,"key":"EssenceOfSteel"},{"floor":13.0,"key":"Elixir"},{"floor":14.0,"key":"Doom Potion"},{"floor":16.0,"key":"PowerPotion"},{"floor":17.0,"key":"blueLaboratory:FruitPreserves"},{"floor":17.0,"key":"blueLaboratory:BottleOfVodka"},{"floor":27.0,"key":"blueLaboratory:ForbiddenFruitJuice"},{"floor":37,"key":"EntropicBrew"}],"is_trial":false,"path_per_floor":["M","?","?","M","M","R","E","?","T","E","R","M","E","M","R","B",null,"M","?","?","?","M","R","E","$","T","E","M","R","M","E","R_BF","B",null,"M","?","?","$","?","E","$","R","T","M","NS","M","R","E","R","B",null,"R","$","E","B",null],"character_chosen":"THE_AUTOMATON","items_purchased":["Slimebound:StickyStick","relicPack:SpireResearchBook","bronze:BugBarrage","Tiny House","MerchantsRug","Ginger","OrangePellets","StuffTheSpire:HeavyRock","Strawberry","Replay:Arrowhead","bronze:Virus","Black Star","Calipers","bronze:PlatinumCore","bronze:BugBarrage"],"campfire_rested":4,"item_purchase_floors":[25,25,25,25,25,38,38,38,41,41,41,53,53,53,53],"current_hp_per_floor":[69,69,69,48,41,81,67,67,67,49,84,74,66,62,62,44,74,50,34,34,34,19,59,59,64,64,69,69,94,94,84,84,84,92,92,94,94,94,85,85,92,92,92,89,89,89,89,89,89,91,92,92,92,106,106],"gold":4882,"neow_bonus":"TWENTY_PERCENT_HP_BONUS","is_daily":false,"chose_seed":false,"campfire_upgraded":5,"win_rate":0.0,"timestamp":1614094977,"path_taken":["M","?","?","M","M","R","E","?","T","E","R","M","E","M","R","BOSS","M","?","?","?","M","R","E","$","T","E","M","R","M","E","R_BF","BOSS","M","?","?","$","?","E","$","R","T","M","NS","M","R","E","R","BOSS","R","$","E","BOSS"],"items_purchased_type":["Relic","Relic","Card","Relic","Relic","Relic","Relic","Relic","Relic","Relic","Card","Relic","Relic","Relic","Card"],"build_version":"2020-12-22","purchased_purges":4,"victory":true,"max_hp_per_floor":[84,84,84,84,84,84,84,84,84,84,84,84,84,84,84,84,84,84,84,84,84,84,84,84,89,89,94,94,94,94,94,94,94,94,94,94,94,94,85,85,92,92,92,92,92,92,92,92,92,92,92,92,92,106,106],"relic_stats":{"Regal Pillow":40,"Gremlin Horn":[17,18],"counters":[25,93],"Pen Nib":[6],"Juzu Bracelet":0,"Whetstone":["bronze:Strike","bronze:Strike"],"Ginger":[2],"War Paint":["bronze:Defend","bronze:Defend"],"Smiling Mask":225,"OrangePellets":[3],"Nunchaku":[0],"Bronze Scales":[184],"MealTicket":0,"Black Star":1,"obtain_stats":[{"champ:DuelingGlove":31,"Tiny House":25,"Calipers":53,"Gremlin Horn":14,"reliquary:PartyBalloon":13,"Whetstone":4,"Ginger":38,"relicPack:SpireResearchBook":25,"Old Coin":9,"Replay:Ringing Soul":54,"Strawberry":41,"MealTicket":48,"Replay:Bottled Flurry":48,"StSpp:XCola":48,"reliquary:SharkskinSheath":48,"MerchantsRug":25,"Girya":40,"reliquary:Sideboard":14,"reliquary:TatteredRug":22,"Pen Nib":30,"Guardian:PocketSentry":4,"reliquary:WeakTea":22,"War Paint":18,"sneckomod:SneckoTalon":34,"Akabeko":44,"OrangePellets":38,"conspire:GiftBox":31,"Bronze Scales":4,"hubris:PeanutButter":30,"Black Star":53,"reliquary:Knoch":30,"bronze:SilverBullet":31,"StuffTheSpire:OldFever":22,"conspire:Flyswatter":4,"hubris:Reverence":43,"ReplayTheSpireMod:Ring of Exchange":3,"bronze:PlatinumCore":53,"Regal Pillow":5,"Lantern":12,"bronze:BronzeCore":0,"reliquary:SilkGlove":14,"reliquary:Boomerang":31,"reliquary:Aerogel":5,"sneckomod:BlankCard":22,"reliquary:Firecrackers":54,"Enchiridion":19,"Blue Doll":48,"Mango":54,"Juzu Bracelet":5,"Incense Burner":10,"StuffTheSpire:GrapeVine":48,"bronze:Mallet":54,"Replay:Mystery Machine":22,"Smiling Mask":30,"conspire:TopHat":18,"conspire:InfiniteJournal":18,"Replay:Rubber Ducky":18,"Replay:Bandana":5,"StuffTheSpire:Gunfinga":30,"Nunchaku":54,"hubris:Icosahedron":2,"Slimebound:StickyStick":25,"StuffTheSpire:HeavyRock":38,"reliquary:Buckler":12,"reliquary:RoseTintedGlasses":4,"hubris:CuriousFeather":7,"hubris:FunFungus":44,"Replay:Bottled Eggs":26,"Potion Belt":12,"Gremlin Food":18,"hubris:64BitClover":44,"Guide Book":12,"Replay:WaspNest":54,"Omamori":14,"Replay:Arrowhead":41,"reliquary:IridiumChain":44,"bronze:BronzeIdol":24,"Cauldron":17,"reliquary:ExpiredCoupon":31,"Anchor":5,"StuffTheSpire:Mouthbags":44,"StSpp:BrokenTotem":12,"Durian":27,"Bag of Marbles":31,"ReplayTheSpireMod:Ring of Challenge":3,"ReplayTheSpireMod:Lightbulb":54,"hubris:OldNail":14},{"champ:DuelingGlove":16,"Tiny House":12,"Calipers":23,"Gremlin Horn":8,"reliquary:PartyBalloon":7,"Whetstone":2,"Ginger":18,"relicPack:SpireResearchBook":12,"Old Coin":4,"Replay:Ringing Soul":24,"Strawberry":19,"MealTicket":22,"Replay:Bottled Flurry":22,"StSpp:XCola":22,"reliquary:SharkskinSheath":22,"MerchantsRug":12,"Girya":19,"reliquary:Sideboard":8,"reliquary:TatteredRug":11,"Pen Nib":15,"Guardian:PocketSentry":2,"reliquary:WeakTea":11,"War Paint":10,"sneckomod:SneckoTalon":17,"Akabeko":20,"OrangePellets":18,"conspire:GiftBox":16,"Bronze Scales":2,"hubris:PeanutButter":15,"Black Star":23,"reliquary:Knoch":15,"bronze:SilverBullet":16,"StuffTheSpire:OldFever":11,"conspire:Flyswatter":2,"hubris:Reverence":19,"ReplayTheSpireMod:Ring of Exchange":1,"bronze:PlatinumCore":23,"Regal Pillow":3,"Lantern":6,"bronze:BronzeCore":0,"reliquary:SilkGlove":8,"reliquary:Boomerang":16,"reliquary:Aerogel":3,"sneckomod:BlankCard":11,"reliquary:Firecrackers":24,"Enchiridion":10,"Blue Doll":22,"Mango":24,"Juzu Bracelet":3,"Incense Burner":5,"StuffTheSpire:GrapeVine":22,"bronze:Mallet":24,"Replay:Mystery Machine":11,"Smiling Mask":15,"conspire:TopHat":10,"conspire:InfiniteJournal":10,"Replay:Rubber Ducky":10,"Replay:Bandana":3,"StuffTheSpire:Gunfinga":15,"Nunchaku":24,"hubris:Icosahedron":1,"Slimebound:StickyStick":12,"StuffTheSpire:HeavyRock":18,"reliquary:Buckler":6,"reliquary:RoseTintedGlasses":2,"hubris:CuriousFeather":4,"hubris:FunFungus":20,"Replay:Bottled Eggs":12,"Potion Belt":6,"Gremlin Food":10,"hubris:64BitClover":20,"Guide Book":6,"Replay:WaspNest":24,"Omamori":8,"Replay:Arrowhead":19,"reliquary:IridiumChain":20,"bronze:BronzeIdol":12,"Cauldron":9,"reliquary:ExpiredCoupon":16,"Anchor":3,"StuffTheSpire:Mouthbags":20,"StSpp:BrokenTotem":6,"Durian":13,"Bag of Marbles":16,"ReplayTheSpireMod:Ring of Challenge":1,"ReplayTheSpireMod:Lightbulb":24,"hubris:OldNail":8},{"champ:DuelingGlove":76,"Tiny House":66,"Calipers":89,"Gremlin Horn":37,"reliquary:PartyBalloon":33,"Whetstone":13,"Ginger":81,"relicPack:SpireResearchBook":66,"Old Coin":21,"Replay:Ringing Soul":90,"Strawberry":84,"MealTicket":87,"Replay:Bottled Flurry":87,"StSpp:XCola":87,"reliquary:SharkskinSheath":87,"MerchantsRug":66,"Girya":84,"reliquary:Sideboard":37,"reliquary:TatteredRug":62,"Pen Nib":73,"Guardian:PocketSentry":13,"reliquary:WeakTea":62,"War Paint":58,"sneckomod:SneckoTalon":80,"Akabeko":85,"OrangePellets":81,"conspire:GiftBox":76,"Bronze Scales":13,"hubris:PeanutButter":73,"Black Star":89,"reliquary:Knoch":73,"bronze:SilverBullet":76,"StuffTheSpire:OldFever":62,"conspire:Flyswatter":13,"hubris:Reverence":84,"ReplayTheSpireMod:Ring of Exchange":4,"bronze:PlatinumCore":89,"Regal Pillow":15,"Lantern":29,"bronze:BronzeCore":0,"reliquary:SilkGlove":37,"reliquary:Boomerang":76,"reliquary:Aerogel":15,"sneckomod:BlankCard":62,"reliquary:Firecrackers":90,"Enchiridion":58,"Blue Doll":87,"Mango":90,"Juzu Bracelet":15,"Incense Burner":24,"StuffTheSpire:GrapeVine":87,"bronze:Mallet":90,"Replay:Mystery Machine":62,"Smiling Mask":73,"conspire:TopHat":58,"conspire:InfiniteJournal":58,"Replay:Rubber Ducky":58,"Replay:Bandana":15,"StuffTheSpire:Gunfinga":73,"Nunchaku":90,"hubris:Icosahedron":4,"Slimebound:StickyStick":66,"StuffTheSpire:HeavyRock":81,"reliquary:Buckler":29,"reliquary:RoseTintedGlasses":13,"hubris:CuriousFeather":21,"hubris:FunFungus":85,"Replay:Bottled Eggs":66,"Potion Belt":29,"Gremlin Food":58,"hubris:64BitClover":85,"Guide Book":29,"Replay:WaspNest":90,"Omamori":37,"Replay:Arrowhead":84,"reliquary:IridiumChain":85,"bronze:BronzeIdol":66,"Cauldron":46,"reliquary:ExpiredCoupon":76,"Anchor":15,"StuffTheSpire:Mouthbags":85,"StSpp:BrokenTotem":29,"Durian":68,"Bag of Marbles":76,"ReplayTheSpireMod:Ring of Challenge":4,"ReplayTheSpireMod:Lightbulb":90,"hubris:OldNail":37}]},"card_choices":[{"not_picked":["bronze:WildBeam","bronze:BitShift"],"picked":"bronze:Branch","floor":1.0},{"not_picked":["bronze:Fortify","bronze:Format","bronze:DelayedGuard"],"picked":"SKIP","floor":4.0},{"not_picked":["bronze:Shield","bronze:Backtrace"],"picked":"bronze:ItsAFeature","floor":5.0},{"not_picked":["bronze:ForceShield","bronze:ForLoop","bronze:Overheat"],"picked":"SKIP","floor":7.0},{"not_picked":["bronze:Philosophize","bronze:Safeguard","bronze:OilSpill"],"picked":"SKIP","floor":10.0},{"not_picked":["bronze:Fortify","bronze:GetLatest"],"picked":"bronze:ChildClass","floor":12.0},{"not_picked":["bronze:Overheat","bronze:BronzeArmor","bronze:Deprecate"],"picked":"SKIP","floor":13.0},{"not_picked":["bronze:Separator","bronze:FindAndReplace"],"picked":"bronze:BuggyMess","floor":14.0},{"not_picked":["bronze:Iterate","bronze:WhirlingStrike"],"picked":"bronze:BugBarrage","floor":18.0},{"not_picked":["StuffTheSpire:Ambrosia","StuffTheSpire:BrainWave"],"picked":"StuffTheSpire:Perfection","floor":21.0},{"not_picked":["bronze:Invalidate","bronze:Deprecate"],"picked":"bronze:BugBarrage+1","floor":22.0},{"not_picked":["bronze:ChosenStrike+1","bronze:Refactor+1","bronze:WildBeam"],"picked":"SKIP","floor":24.0},{"not_picked":["bronze:Overload","bronze:CloningBeam"],"picked":"bronze:Mutator","floor":27.0},{"not_picked":["bronze:Shield","bronze:BitShift","bronze:CutThrough"],"picked":"SKIP","floor":28.0},{"not_picked":["bronze:DelayedGuard","bronze:Overheat"],"picked":"bronze:BugBarrage","floor":30.0},{"not_picked":["bronze:Flail","bronze:OilSpill","bronze:Refactor"],"picked":"SKIP","floor":31},{"not_picked":["bronze:NullPointer","bronze:BitShift+1"],"picked":"bronze:Branch","floor":35},{"not_picked":["bronze:WildBeam","bronze:Separator+1","bronze:Shield"],"picked":"SKIP","floor":40},{"not_picked":["bronze:Repulsor","bronze:ChosenStrike","bronze:Constructor"],"picked":"SKIP","floor":44},{"not_picked":["bronze:Repulsor","bronze:ChosenStrike","bronze:Constructor"],"picked":"SKIP","floor":44},{"not_picked":["bronze:WildBeam","bronze:BitShift","bronze:FineTuning"],"picked":"SKIP","floor":46},{"not_picked":["bronze:Hardcode","bronze:Backtrace","bronze:BronzeOrb+1"],"picked":"SKIP","floor":48},{"not_picked":["bronze:DarkDash","bronze:WildBeam"],"picked":"bronze:Shell","floor":54}],"player_experience":1149348,"relics_obtained":[{"floor":3.0,"key":"ReplayTheSpireMod:Ring of Challenge"},{"floor":3.0,"key":"ReplayTheSpireMod:Ring of Exchange"},{"floor":4.0,"key":"Guardian:PocketSentry"},{"floor":4.0,"key":"reliquary:RoseTintedGlasses"},{"floor":4.0,"key":"Whetstone"},{"floor":4.0,"key":"conspire:Flyswatter"},{"floor":4.0,"key":"Bronze Scales"},{"floor":5.0,"key":"reliquary:Aerogel"},{"floor":5.0,"key":"Regal Pillow"},{"floor":5.0,"key":"Juzu Bracelet"},{"floor":5.0,"key":"Replay:Bandana"},{"floor":5.0,"key":"Anchor"},{"floor":7.0,"key":"hubris:CuriousFeather"},{"floor":9.0,"key":"Old Coin"},{"floor":10.0,"key":"Incense Burner"},{"floor":12.0,"key":"Potion Belt"},{"floor":12.0,"key":"Lantern"},{"floor":12.0,"key":"StSpp:BrokenTotem"},{"floor":12.0,"key":"reliquary:Buckler"},{"floor":12.0,"key":"Guide Book"},{"floor":13.0,"key":"reliquary:PartyBalloon"},{"floor":14.0,"key":"reliquary:Sideboard"},{"floor":14.0,"key":"reliquary:SilkGlove"},{"floor":14.0,"key":"hubris:OldNail"},{"floor":14.0,"key":"Omamori"},{"floor":14.0,"key":"Gremlin Horn"},{"floor":18.0,"key":"conspire:InfiniteJournal"},{"floor":18.0,"key":"conspire:TopHat"},{"floor":18.0,"key":"War Paint"},{"floor":18.0,"key":"Replay:Rubber Ducky"},{"floor":18.0,"key":"Gremlin Food"},{"floor":22.0,"key":"sneckomod:BlankCard"},{"floor":22.0,"key":"StuffTheSpire:OldFever"},{"floor":22.0,"key":"reliquary:WeakTea"},{"floor":22.0,"key":"Replay:Mystery Machine"},{"floor":22.0,"key":"reliquary:TatteredRug"},{"floor":24.0,"key":"bronze:BronzeIdol"},{"floor":26.0,"key":"Replay:Bottled Eggs"},{"floor":27.0,"key":"Durian"},{"floor":30.0,"key":"Smiling Mask"},{"floor":30.0,"key":"StuffTheSpire:Gunfinga"},{"floor":30.0,"key":"Pen Nib"},{"floor":30.0,"key":"hubris:PeanutButter"},{"floor":30.0,"key":"reliquary:Knoch"},{"floor":31,"key":"champ:DuelingGlove"},{"floor":31,"key":"Bag of Marbles"},{"floor":31,"key":"reliquary:ExpiredCoupon"},{"floor":31,"key":"bronze:SilverBullet"},{"floor":31,"key":"conspire:GiftBox"},{"floor":31,"key":"reliquary:Boomerang"},{"floor":40,"key":"Girya"},{"floor":43,"key":"hubris:Reverence"},{"floor":44,"key":"Akabeko"},{"floor":44,"key":"reliquary:IridiumChain"},{"floor":44,"key":"hubris:FunFungus"},{"floor":44,"key":"StuffTheSpire:Mouthbags"},{"floor":44,"key":"hubris:64BitClover"},{"floor":48,"key":"Blue Doll"},{"floor":48,"key":"Replay:Bottled Flurry"},{"floor":48,"key":"StuffTheSpire:GrapeVine"},{"floor":48,"key":"reliquary:SharkskinSheath"},{"floor":48,"key":"StSpp:XCola"},{"floor":48,"key":"MealTicket"},{"floor":54,"key":"ReplayTheSpireMod:Lightbulb"},{"floor":54,"key":"reliquary:Firecrackers"},{"floor":54,"key":"Nunchaku"},{"floor":54,"key":"Replay:Ringing Soul"},{"floor":54,"key":"Mango"},{"floor":54,"key":"bronze:Mallet"},{"floor":54,"key":"Replay:WaspNest"}],"event_choices":[{"damage_healed":67.0,"max_hp_gain":0.0,"max_hp_loss":84.0,"gold_gain":0.0,"event_name":"betterThird:BetterShining","player_choice":"Embrace Burn","floor":8.0,"gold_loss":0.0,"damage_taken":0.0},{"damage_healed":0.0,"max_hp_gain":0.0,"max_hp_loss":0.0,"gold_gain":0.0,"event_name":"Cursed Tome","player_choice":"Obtained Book","floor":19.0,"gold_loss":0.0,"damage_taken":16.0}],"is_beta":false,"boss_relics":[{"not_picked":["conspire:SeveredTorchhead","ReplayTheSpireMod:CursedCoin"],"picked":"Cauldron"},{"not_picked":["reliquary:BrokenClock","Toolbox"],"picked":"sneckomod:SneckoTalon"}],"items_purged_floors":[25,38,41,53],"is_endless":false,"potions_floor_spawned":[7,12,13,14,16,24,27,31,33,35,46,48],"ascension_level":12}}