{"host":"kj5ejyofr70ax6r3","time":1614113445,"event":{"mods":["BaseMod","BetterRewards","Colored Map","Downfall","GifTheSpireLib","Minty Spire (QoL Compilation)","Replay The Spire","Shop Mod","StSLib"],"gold_per_floor":[99,99,99,99,99,99,99,134,134,151,226,246,265,278,293,398,398,398,408,64,339,358,158,158,258,29,43,59,85,85,85,99,99,99,99],"floor_reached":33,"language":"ENG","playtime":1550,"items_purged":["Normality","Regret"],"score":348,"play_id":"a8fbff8d-0637-40d7-aa79-83ae48fee52c","local_time":"20210223145045","is_ascension_mode":true,"campfire_choices":[{"floor":1,"key":"RECALL"},{"data":"bronze:BronzeOrb","floor":9,"key":"SMITH"},{"data":"bronze:ItsAFeature","floor":18,"key":"SMITH"},{"floor":23,"key":"REST"},{"floor":30,"key":"REST"}],"circlet_count":0,"master_deck":["bronze:Strike","bronze:Strike","bronze:Strike","bronze:Strike","bronze:Defend","bronze:Defend","bronze:Defend","bronze:Defend","bronze:Replicate","bronze:Goto","bronze:Constructor","bronze:OilSpill","Regret","bronze:BronzeOrb+1","bronze:Shield","bronze:DelayedSlice","bronze:Boost","bronze:Overheat","bronze:ItsAFeature+1","bronze:BurnOut","bronze:Overload","bronze:Branch","bronze:MaxOutput+1","ReplayTheSpireMod:Doomed","bronze:GetLatest","bronze:Library","bronze:Library","bronze:ChildClass","bronze:Frontload","bronze:OilSpill"],"relics":["bronze:BronzeCore","downfall:HeartsMalice","Ring of Searing","ReplayTheSpireMod:Ring of Exchange","ReplayTheSpireMod:Shallot","Letter Opener","bronze:CableSpool","downfall:HeartBlessingRed","downfall:HeartBlessingGreen","downfall:ExtraCursedKey","MerchantsRug","Peace Pipe"],"acts_visited":["Exordium","TheCity"],"potions_floor_usage":[16,16,16,28,29],"damage_taken":[{"damage":0,"enemies":"2 Louse","floor":2,"turns":1},{"damage":0,"enemies":"Small Slimes","floor":5,"turns":1},{"damage":0,"enemies":"3 Sentries","floor":8,"turns":1},{"damage":9,"enemies":"Cultist","floor":10,"turns":2},{"damage":9,"enemies":"2 Fungi Beasts","floor":12,"turns":3},{"damage":1,"enemies":"Red Slaver","floor":13,"turns":3},{"damage":0,"enemies":"Blue Slaver","floor":14,"turns":2},{"damage":4,"enemies":"Large Slime","floor":15,"turns":4},{"damage":45,"enemies":"WA_ARCHETYPE_RETAIN","floor":16,"turns":6},{"damage":20,"enemies":"3 Byrds","floor":19,"turns":5},{"damage":11,"enemies":"downfall:FleeingMerchant","floor":20,"turns":4},{"damage":8,"enemies":"Chosen","floor":22,"turns":4},{"damage":9,"enemies":"downfall:FleeingMerchant","floor":26,"turns":4},{"damage":0,"enemies":"Sentry and Sphere","floor":27,"turns":4},{"damage":11,"enemies":"Snake Plant","floor":28,"turns":3},{"damage":21,"enemies":"Replay:Snechameleon","floor":29,"turns":4},{"damage":13,"enemies":"Snecko","floor":32,"turns":5},{"damage":26,"enemies":"DF_ARCHETYPE_CLAW","floor":33,"turns":3}],"seed_played":"-873325721171763723","potions_obtained":[{"floor":8,"key":"Fire Potion"},{"floor":11,"key":"downfall:CursedFountainPotion"},{"floor":12,"key":"Block Potion"},{"floor":22,"key":"CultistPotion"},{"floor":27,"key":"ColorlessPotion"},{"floor":29,"key":"bronze:FreeFunctionsPotion"}],"is_trial":false,"path_per_floor":["R","M","?","?","M","?","T","E","R","M","?","M","M","M","M","B",null,"R","M","$","?","M","R","T","?","$","M","M","E","R","?","M","B"],"character_chosen":"THE_AUTOMATON","items_purchased":["bronze:CableSpool","MerchantsRug","bronze:Library"],"campfire_rested":2,"item_purchase_floors":[20,26,26],"current_hp_per_floor":[70,70,70,70,70,70,70,70,70,61,61,52,51,51,47,2,70,70,50,39,39,31,52,52,52,43,43,32,11,32,32,19,0,0,0],"gold":99,"neow_bonus":"THREE_ENEMY_KILL","is_daily":false,"chose_seed":false,"campfire_upgraded":2,"win_rate":0.0,"timestamp":1614113445,"path_taken":["R","M","?","?","M","?","T","E","R","M","?","M","M","?","M","BOSS","R","M","$","?","?","R","T","?","$","M","M","E","R","?","M","BOSS"],"items_purchased_type":["Relic","Relic","Card"],"build_version":"2020-12-22","purchased_purges":2,"victory":false,"max_hp_per_floor":[70,70,70,70,70,70,70,70,70,70,70,70,70,70,70,70,70,70,70,70,70,70,70,70,70,70,70,70,70,70,70,70,70,70,70],"card_choices":[{"not_picked":["bronze:DelayedGuard","bronze:Shield"],"picked":"bronze:Constructor","floor":2},{"not_picked":["bronze:Shell","bronze:Turbo"],"picked":"bronze:OilSpill","floor":5},{"not_picked":["bronze:Boost","bronze:Constructor"],"picked":"bronze:BronzeOrb","floor":8},{"not_picked":["bronze:CloningBeam","bronze:MaxOutput"],"picked":"bronze:Shield","floor":10},{"not_picked":["bronze:Branch","bronze:Turbo"],"picked":"bronze:DelayedSlice","floor":12},{"not_picked":["bronze:Overload","bronze:OilSpill"],"picked":"bronze:Boost","floor":13},{"not_picked":["bronze:Invalidate","bronze:TinkerersToolbox"],"picked":"bronze:Overheat","floor":14},{"not_picked":["bronze:Shell","bronze:NullPointer"],"picked":"bronze:ItsAFeature","floor":15},{"not_picked":["bronze:ThunderWave","bronze:Verify"],"picked":"bronze:BurnOut","floor":16},{"not_picked":["bronze:Shield+1","bronze:FineTuning+1"],"picked":"bronze:Overload","floor":19},{"not_picked":["bronze:BronzeArmor","bronze:Shield"],"picked":"bronze:Branch","floor":20},{"not_picked":["bronze:Overheat+1","bronze:Safeguard"],"picked":"bronze:MaxOutput+1","floor":22},{"not_picked":["bronze:BitShift","bronze:TinkerersToolbox"],"picked":"bronze:GetLatest","floor":26},{"not_picked":["bronze:DelayedGuard","bronze:DelayedSlice"],"picked":"bronze:ChildClass","floor":27},{"not_picked":["bronze:CutThrough","bronze:Allocate"],"picked":"bronze:Frontload","floor":28},{"not_picked":["bronze:Hardcode","bronze:Shield","bronze:Constructor"],"picked":"SKIP","floor":29},{"not_picked":["bronze:BuggyMess","bronze:ForceShield"],"picked":"bronze:OilSpill","floor":32}],"player_experience":208431,"relics_obtained":[{"floor":3,"key":"Ring of Searing"},{"floor":3,"key":"ReplayTheSpireMod:Ring of Exchange"},{"floor":7,"key":"Letter Opener"},{"floor":8,"key":"Bag of Preparation"},{"floor":29,"key":"Peace Pipe"}],"event_choices":[{"damage_healed":0,"gold_gain":0,"player_choice":"Box","damage_taken":0,"relics_obtained":["ReplayTheSpireMod:Shallot"],"max_hp_gain":0,"max_hp_loss":0,"event_name":"Big Fish","floor":6,"gold_loss":0,"cards_obtained":["Regret"]}],"is_beta":false,"boss_relics":[{"not_picked":["ReplayTheSpireMod:DimensionalGlitch","Runic Dome"],"picked":"SacredBark"}],"items_purged_floors":[20,26],"is_endless":false,"potions_floor_spawned":[8,12,13,15,22,27,29],"killed_by":"DF_ARCHETYPE_CLAW","ascension_level":4}}