{"host":"pjjzz70vl4t83ifx","time":1614039221,"event":{"mods":["AchievementEnabler","BaseMod","Card Forge","Colored Map","Colored Powertips","Highlight Path","Infinite Spire","Minty Spire (QoL Compilation)","Permanent Neow","Practice Mode","Rare Cards Sparkle","Relic Stats","StSLib","Synergy Search"],"gold_per_floor":[118,138,155,155,174,174,43,43,69,87,87,107,107,107],"floor_reached":13,"language":"ENG","playtime":372,"items_purged":["Defend_R"],"score":131,"play_id":"151f3d58-1ecd-47b6-9f1a-861bf6ae3ed6","local_time":"20210222161341","is_ascension_mode":true,"campfire_choices":[{"data":"infinitespire:OneForAll","floor":6,"key":"SMITH"}],"circlet_count":0,"master_deck":["AscendersBane","Strike_R","Strike_R","Strike_R","Strike_R","Strike_R","Defend_R","Defend_R","Defend_R","Bash","Thunderclap","infinitespire:OneForAll+1","Shrug It Off","Clash","Dropkick","Double Tap","Spot Weakness"],"relics":["Burning Blood","Hammer of Thor","Seething Fire","Anvil of the Gods","Smiling Mask","PreservedInsect","Ancient Tea Set"],"acts_visited":["Exordium"],"potions_floor_usage":[13],"damage_taken":[{"damage":6,"enemies":"Cultist","floor":1,"turns":3},{"damage":14,"enemies":"2 Louse","floor":2,"turns":3},{"damage":2,"enemies":"Small Slimes","floor":3,"turns":4},{"damage":20,"enemies":"Exordium Wildlife","floor":5,"turns":5},{"damage":16,"enemies":"Lots of Slimes","floor":10,"turns":4},{"damage":8,"enemies":"3 Louse","floor":12,"turns":4},{"damage":20,"enemies":"Lagavulin","floor":13,"turns":2}],"seed_played":"-4018240912669361585","potions_obtained":[{"floor":12,"key":"Energy Potion"}],"is_trial":false,"path_per_floor":["M","M","M","?","M","R","$","?","T","M","$","M","E"],"character_chosen":"IRONCLAD","items_purchased":["Dropkick"],"campfire_rested":0,"item_purchase_floors":[7],"current_hp_per_floor":[68,60,64,64,50,50,50,32,32,22,22,20,0,0],"gold":107,"neow_bonus":"RANDOM_COMMON_RELIC","is_daily":false,"chose_seed":false,"campfire_upgraded":1,"win_rate":0.0,"timestamp":1614039221,"path_taken":["M","?","?","?","M","R","$","?","T","M","?","M","E"],"items_purchased_type":["Card"],"build_version":"2020-12-22","purchased_purges":1,"victory":false,"max_hp_per_floor":[75,75,75,75,75,75,75,75,75,75,75,75,75,75],"relic_stats":{"counters":[7,25],"PreservedInsect":29,"Smiling Mask":25,"obtain_stats":[{"Anvil of the Gods":0,"Hammer of Thor":0,"PreservedInsect":8,"Seething Fire":0,"Smiling Mask":0,"Ancient Tea Set":9,"Burning Blood":0},{"Anvil of the Gods":0,"Hammer of Thor":0,"PreservedInsect":4,"Seething Fire":0,"Smiling Mask":0,"Ancient Tea Set":4,"Burning Blood":0},{"Anvil of the Gods":0,"Hammer of Thor":0,"PreservedInsect":15,"Seething Fire":0,"Smiling Mask":0,"Ancient Tea Set":15,"Burning Blood":0}],"Burning Blood":36},"card_choices":[{"not_picked":["Dark Embrace","True Grit"],"picked":"Thunderclap","floor":1},{"not_picked":["Second Wind","Iron Wave"],"picked":"infinitespire:OneForAll","floor":2},{"not_picked":["Sentinel","Blood for Blood"],"picked":"Shrug It Off","floor":3},{"not_picked":["Reckless Charge","Wild Strike"],"picked":"Clash","floor":5},{"not_picked":["Twin Strike","Heavy Blade"],"picked":"Double Tap","floor":10},{"not_picked":["Sword Boomerang","Havoc"],"picked":"Spot Weakness","floor":12}],"player_experience":263553,"relics_obtained":[{"floor":9,"key":"Ancient Tea Set"}],"event_choices":[{"damage_healed":0,"gold_gain":0,"player_choice":"Success","damage_taken":18,"relics_obtained":["PreservedInsect"],"max_hp_gain":0,"max_hp_loss":0,"event_name":"Scrap Ooze","floor":8,"gold_loss":0}],"is_beta":false,"boss_relics":[],"items_purged_floors":[7],"is_endless":false,"potions_floor_spawned":[12],"killed_by":"Lagavulin","ascension_level":14}}