{"host":"j2lclbvdfoh0nnbr","time":1614084137,"event":{"mods":["ATMod(∞¢Ë™Mod)","Aspiration","BaseMod","Downfall","Library of Ruina","Lobotomy","LobotomyExtend","Minty Spire (QoL Compilation)","Reimu£®≤©¿ˆ¡È√Œ£©","Replay The Spire","StSLib","The Animator","The Bug Knight","Waifu the Spire","[IsaacMod]“‘»ˆº‚À˛"],"gold_per_floor":[111,111,130,130,149,149,168,182,182,213,213,223,233,158,158,260,260,260,13,13,13],"floor_reached":20,"language":"ZHS","playtime":985,"items_purged":["LightAttack","LightAttack","LightAttack"],"score":226,"play_id":"8452819b-aa4e-4548-94c0-756748d8ab17","local_time":"20210223204217","is_ascension_mode":false,"campfire_choices":[{"floor":6.0,"key":"REST"},{"floor":15.0,"key":"REST"}],"circlet_count":0,"master_deck":["Dodge","LightDefense","LightDefense","LightDefense+1","LightDefense","ChargeAndCover","FocusedStrikes","AT_FamilyPortrait","SnakesPrey","SnakesPrey+1","Quickness","SnakesPrey","FleshFillet","DarkCloud","LawAndOrder","Commandeering","AT_TearsDenial"],"relics":["PageOfLibrarian","AT_ATBox","HushsDoor","aspiration:DSix","MoneyPower","LetterFromLob","Regal Pillow","aspiration:FrozenJewel","aspiration:RitualDagger","AT_EbonyIvory"],"acts_visited":["Exordium","TheCity"],"potions_floor_usage":[],"damage_taken":[{"damage":5.0,"enemies":"Small Slimes","floor":1.0,"turns":3.0},{"damage":2.0,"enemies":"2 Louse","floor":3.0,"turns":3.0},{"damage":4.0,"enemies":"Jaw Worm","floor":5.0,"turns":2.0},{"damage":0.0,"enemies":"Looter","floor":7.0,"turns":4.0},{"damage":12.0,"enemies":"Blue Slaver","floor":8.0,"turns":3.0},{"damage":0.0,"enemies":"Lagavulin","floor":10.0,"turns":5.0},{"damage":0.0,"enemies":"Lots of Slimes","floor":12.0,"turns":3.0},{"damage":6.0,"enemies":"Looter","floor":13.0,"turns":4.0},{"damage":35.0,"enemies":"Hexaghost","floor":16.0,"turns":5.0},{"damage":1.00000012E8,"enemies":"Shell Parasite","floor":18.0,"turns":3.0}],"seed_played":"7671073784555995446","potions_obtained":[{"floor":5.0,"key":"Block Potion"},{"floor":8.0,"key":"bronze:BurnAndBuffPotion"},{"floor":10.0,"key":"SmokeBomb"}],"is_trial":false,"path_per_floor":["M","?","M","?","M","R","M","M","T","E","?","M","M","$","R","B",null,"M","$","?"],"character_chosen":"Librarian","items_purchased":["AT_TearsDenial","AT_EbonyIvory"],"campfire_rested":2,"item_purchase_floors":[17,19],"current_hp_per_floor":[55,13,11,11,7,44,44,32,32,32,32,32,26,26,66,31,75,7,7,0,0],"gold":13,"neow_bonus":"DSIX","is_daily":false,"chose_seed":false,"campfire_upgraded":0,"win_rate":0.0,"timestamp":1614084137,"path_taken":["M","?","M","?","M","R","M","M","T","E","?","M","M","?","R","BOSS","M","?","?"],"items_purchased_type":["Card","Relic"],"build_version":"2020-12-22","purchased_purges":3,"victory":false,"max_hp_per_floor":[70,70,70,70,75,75,75,84,84,84,84,84,84,84,84,84,75,75,75,75,75],"card_choices":[{"not_picked":[],"picked":"SuicideKing","floor":0.0},{"not_picked":["GrazeTheGrass","SnakeSlit","TheRedNotes"],"picked":"SnakesPrey","floor":1.0},{"not_picked":["QuickSuppression","SparkingSpear","HiddenBlade"],"picked":"SnakesPrey","floor":3.0},{"not_picked":["Preparation","EnergyCycle","SunsetBlade"],"picked":"Quickness","floor":5.0},{"not_picked":["Bomb","SpearedSweep","InhaleSmoke","UpbeatPerformance"],"picked":"SKIP","floor":7.0},{"not_picked":["HandleRequest","StrikeDown","Concentration"],"picked":"SnakesPrey","floor":8.0},{"not_picked":["Duel_lor","Quickness","SerpentSwordTechnique"],"picked":"FleshFillet","floor":10.0},{"not_picked":["AutonomousRush","Thrust","ShrineToMusic"],"picked":"DarkCloud","floor":12.0},{"not_picked":["FeelinGood","PinpointShot","StrikeDown"],"picked":"LawAndOrder","floor":13.0},{"not_picked":["ScratchThat","MindCrush"],"picked":"Commandeering","floor":16.0}],"player_experience":351247,"relics_obtained":[{"floor":1.0,"key":"LetterFromLob"},{"floor":10.0,"key":"aspiration:FrozenJewel"}],"event_choices":[{"damage_healed":0.0,"max_hp_gain":0.0,"max_hp_loss":0.0,"gold_gain":0.0,"event_name":"Scrap Ooze","player_choice":"Success","floor":2.0,"gold_loss":0.0,"damage_taken":42.0,"relics_obtained":["Regal Pillow"]}],"is_beta":false,"boss_relics":[{"not_picked":["Fusion Hammer","Ectoplasm"],"picked":"aspiration:RitualDagger"},{"not_picked":[]}],"items_purged_floors":[14,17,19],"is_endless":false,"potions_floor_spawned":[5,8,10],"ascension_level":0}}