{"host":"fawhrnsdtsa3msx1","time":1614053944,"event":{"mods":["AchievementEnabler","BaseMod","Colored Map","DeckTracker","Keyboard Shortcuts","Minty Spire (QoL Compilation)","Permanent Neow","Quick Restart","SuperFastMode"],"gold_per_floor":[114,129,143,158,177,177,209,209,209,209,209],"floor_reached":10,"language":"KOR","playtime":276,"items_purged":[],"score":81,"play_id":"0aafe37c-376f-46cb-86db-8bef18ed33af","local_time":"20210223131904","is_ascension_mode":true,"campfire_choices":[{"data":"Perfected Strike","floor":6,"key":"SMITH"},{"data":"Twin Strike","floor":8,"key":"SMITH"}],"circlet_count":0,"master_deck":["Strike_R","Strike_R","Strike_R","Strike_R","Strike_R","Defend_R","Defend_R","Defend_R","Defend_R","Bash","Pommel Strike","Flame Barrier","Perfected Strike+1","True Grit","Burning Pact","Twin Strike+1"],"relics":["Burning Blood","NeowsBlessing","StoneCalendar","Molten Egg 2"],"acts_visited":["Exordium"],"potions_floor_usage":[7,10],"damage_taken":[{"damage":0,"enemies":"Small Slimes","floor":1,"turns":1},{"damage":0,"enemies":"2 Louse","floor":2,"turns":1},{"damage":0,"enemies":"Cultist","floor":3,"turns":1},{"damage":16,"enemies":"Large Slime","floor":4,"turns":7},{"damage":19,"enemies":"Exordium Thugs","floor":5,"turns":5},{"damage":32,"enemies":"Gremlin Nob","floor":7,"turns":4},{"damage":36,"enemies":"Lagavulin","floor":10,"turns":6}],"seed_played":"-2248715234389626317","potions_obtained":[{"floor":2,"key":"SteroidPotion"},{"floor":7,"key":"SkillPotion"}],"is_trial":false,"path_per_floor":["M","M","M","M","M","R","E","R","T","E"],"character_chosen":"IRONCLAD","items_purchased":[],"campfire_rested":0,"item_purchase_floors":[],"current_hp_per_floor":[80,80,80,70,57,57,31,31,31,0,0],"gold":209,"neow_bonus":"THREE_ENEMY_KILL","is_daily":false,"chose_seed":false,"campfire_upgraded":2,"win_rate":0.0,"timestamp":1614053944,"path_taken":["M","M","M","M","M","R","E","R","T","E"],"items_purchased_type":[],"build_version":"2020-12-22","purchased_purges":0,"victory":false,"max_hp_per_floor":[80,80,80,80,80,80,80,80,80,80,80],"card_choices":[{"not_picked":["Flex","Whirlwind"],"picked":"Pommel Strike","floor":1},{"not_picked":["Warcry","Cleave"],"picked":"Flame Barrier","floor":2},{"not_picked":["Pommel Strike","Flex"],"picked":"Perfected Strike","floor":3},{"not_picked":["Clash","Iron Wave"],"picked":"True Grit","floor":4},{"not_picked":["Warcry","Sword Boomerang"],"picked":"Burning Pact","floor":5},{"not_picked":["Inflame","Berserk"],"picked":"Twin Strike","floor":7}],"player_experience":140264,"relics_obtained":[{"floor":7,"key":"StoneCalendar"},{"floor":9,"key":"Molten Egg 2"}],"event_choices":[],"is_beta":false,"boss_relics":[],"items_purged_floors":[],"is_endless":false,"potions_floor_spawned":[2,7],"killed_by":"Lagavulin","ascension_level":3}}