{"host":"9slw7l0ws16384qq","time":1614097012,"event":{"mods":["A Penny For Your Troubles","BaseMod","Colored Map","Downfall","Evolution","Hubris","Minty Spire (QoL Compilation)","Replay The Spire","StS++","StSLib"],"gold_per_floor":[99,99,99,99,99,9,36,62,62,75,75,109,94,112,123,197,197,197,209,209,94,114,114,114,134,134,34,46,61,61,46,64,64,64,64],"floor_reached":33,"language":"FRA","playtime":1511,"items_purged":["Guardian:Strike_Guardian","Guardian:Defend_Guardian"],"score":525,"play_id":"d474b6ba-6248-468f-9b61-0010cbf59287","local_time":"20210223171652","is_ascension_mode":true,"campfire_choices":[{"data":"Guardian:PrimingBeam","floor":1.0,"key":"SMITH"},{"floor":11.0,"key":"REST"},{"data":"Guardian:HyperBeam_Guardian","floor":18.0,"key":"SMITH"},{"floor":23.0,"key":"RECALL"},{"data":"Guardian:PrimingBeam","floor":27.0,"key":"SMITH"},{"data":"Guardian:CurlUp","floor":30.0,"key":"SMITH"}],"circlet_count":0,"master_deck":["AscendersBane","Guardian:PrimingBeam+1","Guardian:PrimingBeam+1","Guardian:PrimingBeam+1","Guardian:Defend_Guardian","Guardian:Defend_Guardian","Guardian:CurlUp+1","Guardian:TwinSlam+1","Guardian:ConstructionForm+1","Guardian:HyperBeam_Guardian+1","Guardian:Gem_Red","Guardian:Gem_Purple","Guardian:PrimingBeam+1"],"relics":["Guardian:ModeShifter","EVO:Axolotl","downfall:HeartsMalice","Whetstone","White Beast Statue","StSpp:GiftCard","downfall:HeartBlessingRed"],"acts_visited":["Exordium","TheCity"],"potions_floor_usage":[33],"damage_taken":[{"damage":0.0,"enemies":"Jaw Worm","floor":2.0,"turns":1.0},{"damage":0.0,"enemies":"Cultist","floor":4.0,"turns":1.0},{"damage":0.0,"enemies":"Small Slimes","floor":5.0,"turns":1.0},{"damage":0.0,"enemies":"downfall:FleeingMerchant","floor":6.0,"turns":4.0},{"damage":17.0,"enemies":"3 Sentries","floor":8.0,"turns":10.0},{"damage":9.0,"enemies":"Gremlin Gang","floor":10.0,"turns":6.0},{"damage":0.0,"enemies":"Lagavulin","floor":12.0,"turns":6.0},{"damage":0.0,"enemies":"downfall:FleeingMerchant","floor":13.0,"turns":4.0},{"damage":9.0,"enemies":"Blue Slaver","floor":14.0,"turns":4.0},{"damage":0.0,"enemies":"Large Slime","floor":15.0,"turns":7.0},{"damage":32.0,"enemies":"SI_SHIV_ARCHETYPE","floor":16.0,"turns":11.0},{"damage":3.0,"enemies":"Chosen","floor":19.0,"turns":7.0},{"damage":9.0,"enemies":"downfall:FleeingMerchant","floor":21.0,"turns":4.0},{"damage":0.0,"enemies":"Shell Parasite","floor":22.0,"turns":5.0},{"damage":11.0,"enemies":"Cultist and Chosen","floor":25.0,"turns":9.0},{"damage":4.0,"enemies":"Shelled Parasite and Fungi","floor":28.0,"turns":6.0},{"damage":0.0,"enemies":"Snecko","floor":29.0,"turns":5.0},{"damage":7.0,"enemies":"downfall:FleeingMerchant","floor":31.0,"turns":4.0},{"damage":0.0,"enemies":"Centurion and Healer","floor":32.0,"turns":7.0},{"damage":48,"enemies":"IC_MUSHROOM_ARCHETYPE","floor":33,"turns":11}],"seed_played":"-4977269069222580880","potions_obtained":[{"floor":10.0,"key":"AttackPotion"},{"floor":14.0,"key":"StSpp:ScatteredWeakPotion"},{"floor":15.0,"key":"CultistPotion"},{"floor":21.0,"key":"Regen Potion"},{"floor":22.0,"key":"Block Potion"},{"floor":29.0,"key":"SpeedPotion"}],"is_trial":false,"path_per_floor":["R_BF","M","?","M","M","$","T","E","?","M","R","E","$","M","M","B",null,"R","M","?","$","M","R","T","M","?","R","M","M","R","$","M","B"],"character_chosen":"GUARDIAN","items_purchased":["Guardian:PrimingBeam+1"],"campfire_rested":1,"item_purchase_floors":[31],"current_hp_per_floor":[65,65,65,65,65,65,65,48,48,39,60,60,60,51,51,19,59,59,56,56,47,61,61,61,50,50,50,46,46,46,39,39,0,0,0],"gold":64,"neow_bonus":"THREE_ENEMY_KILL","is_daily":false,"chose_seed":false,"campfire_upgraded":4,"win_rate":0.0,"timestamp":1614097012,"path_taken":["R_BF","M","?","M","?","$","T","E","?","M","R","E","$","?","M","BOSS","R","M","?","$","M","R","T","M","?","R","M","M","R","$","M","BOSS"],"items_purchased_type":["Card"],"build_version":"2020-12-22","purchased_purges":2,"victory":false,"max_hp_per_floor":[72,72,72,72,72,72,72,72,72,72,72,72,72,72,72,72,72,72,72,72,72,72,72,72,72,72,72,72,72,72,72,72,72,72,72],"card_choices":[{"not_picked":["Guardian:SpikerProtocol","Guardian:PiercingHide"],"picked":"Guardian:Gem_Cyan","floor":2.0},{"not_picked":["Guardian:WalkerClaw","Guardian:Planning","Guardian:Orbwalk"],"picked":"SKIP","floor":4.0},{"not_picked":["Guardian:WalkerClaw","Guardian:VentSteam","Guardian:Reroute"],"picked":"SKIP","floor":5.0},{"not_picked":["Guardian:Reroute","Guardian:Gem_Cyan"],"picked":"Guardian:Gem_Purple","floor":6.0},{"not_picked":["Guardian:Gem_Lightblue","Guardian:TemporalShield"],"picked":"Guardian:ConstructionForm","floor":8.0},{"not_picked":["Guardian:Gem_Yellow","Guardian:Planning"],"picked":"Guardian:Gem_Purple","floor":10.0},{"not_picked":["Guardian:Gem_Lightblue","Guardian:Recover","Guardian:TemporalStrike"],"picked":"SKIP","floor":12.0},{"not_picked":["Guardian:Planning","Guardian:Gem_Red"],"picked":"Guardian:HyperBeam_Guardian","floor":13.0},{"not_picked":["Guardian:Gem_Green","Guardian:VentSteam","Guardian:RollAttack"],"picked":"SKIP","floor":14.0},{"not_picked":["Guardian:BronzeOrb","Guardian:Reroute","Guardian:TemporalShield"],"picked":"SKIP","floor":15.0},{"not_picked":["Guardian:GemFire","Guardian:StasisField"],"picked":"Guardian:Gem_Synthetic","floor":16.0},{"not_picked":["Guardian:ShieldCharger","Guardian:Gem_Lightblue","Guardian:RollAttack"],"picked":"SKIP","floor":19.0},{"not_picked":["Guardian:ShieldCharger","Guardian:DecasProtection","Guardian:TemporalStrike"],"picked":"SKIP","floor":21.0},{"not_picked":["Guardian:Gem_White","Guardian:RollAttack","Guardian:RefractedBeam"],"picked":"SKIP","floor":22.0},{"not_picked":["Guardian:Gem_White","Guardian:RollAttack","Guardian:RefractedBeam"],"picked":"SKIP","floor":22.0},{"not_picked":["Guardian:DecasProtection","Guardian:BronzeArmor","Guardian:Incinerate"],"picked":"SKIP","floor":25.0},{"not_picked":["Guardian:RollAttack","Guardian:WalkerClaw","Guardian:Reroute"],"picked":"SKIP","floor":28.0},{"not_picked":["Guardian:ShieldSpikes","Guardian:WalkerClaw","Guardian:VentSteam"],"picked":"SKIP","floor":29.0},{"not_picked":["Guardian:ShieldSpikes","Guardian:WalkerClaw","Guardian:VentSteam"],"picked":"SKIP","floor":29.0},{"not_picked":["Guardian:Preprogram","Guardian:Planning"],"picked":"Guardian:Gem_Purple","floor":31.0},{"not_picked":["Guardian:ChargeUp","Guardian:ChargeCore","Guardian:PrimingBeam"],"picked":"SKIP","floor":32.0}],"player_experience":1723912,"relics_obtained":[{"floor":7.0,"key":"Whetstone"},{"floor":12.0,"key":"White Beast Statue"},{"floor":24.0,"key":"StSpp:GiftCard"}],"event_choices":[{"damage_healed":0.0,"max_hp_gain":0.0,"max_hp_loss":0.0,"gold_gain":0.0,"event_name":"Ghosts","player_choice":"Ignored","floor":20.0,"gold_loss":0.0,"damage_taken":0.0}],"is_beta":false,"boss_relics":[{"not_picked":["StSpp:Balance","Abe\u0027s Treasure","StSpp:CrystalBall"]}],"items_purged_floors":[6,21],"is_endless":false,"potions_floor_spawned":[10,13,14,15,16,19,21,22,25,28,29,31,32],"killed_by":"IC_MUSHROOM_ARCHETYPE","ascension_level":16}}