{"host":"3n5xmnb54n2y5mb4","time":1614042870,"event":{"mods":["BaseMod","Colored Map","Colored Powertips","Minty Spire (QoL Compilation)","Permanent Neow","StSLib","Unceasing Turn Reminder","everything is the same but u backflip on backflip"],"gold_per_floor":[109,109,125,135,135,135,169,192,260,97,124,134,165,183,183,183,183],"floor_reached":16,"language":"ENG","playtime":582,"items_purged":["Strike_G"],"score":192,"play_id":"fad965d2-4224-4659-8526-506c138561e7","local_time":"20210222201430","is_ascension_mode":true,"campfire_choices":[{"data":"Storm of Steel","floor":6,"key":"SMITH"},{"floor":15,"key":"REST"}],"circlet_count":0,"master_deck":["AscendersBane","Strike_G","Strike_G","Strike_G","Strike_G","Defend_G","Defend_G","Defend_G","Defend_G","Defend_G","Survivor","Neutralize","Storm of Steel+1","Endless Agony","Cloak And Dagger","Backflip","Caltrops","Dark Shackles","Acrobatics","Caltrops+1","Terror","Blade Dance"],"relics":["Ring of the Snake","Nunchaku","Bag of Marbles","Frozen Egg 2","Boot","Peace Pipe"],"acts_visited":["Exordium"],"potions_floor_usage":[3,11,13,16],"damage_taken":[{"damage":2,"enemies":"Cultist","floor":1,"turns":5},{"damage":0,"enemies":"Small Slimes","floor":3,"turns":3},{"damage":1,"enemies":"Jaw Worm","floor":4,"turns":5},{"damage":34,"enemies":"Gremlin Nob","floor":7,"turns":5},{"damage":11,"enemies":"Lagavulin","floor":11,"turns":9},{"damage":2,"enemies":"Red Slaver","floor":12,"turns":3},{"damage":16,"enemies":"Gremlin Nob","floor":13,"turns":4},{"damage":0,"enemies":"Blue Slaver","floor":14,"turns":3},{"damage":40,"enemies":"Slime Boss","floor":16,"turns":8}],"seed_played":"-453868381454395457","potions_obtained":[{"floor":1,"key":"Poison Potion"},{"floor":4,"key":"BlessingOfTheForge"},{"floor":7,"key":"Poison Potion"},{"floor":12,"key":"BlessingOfTheForge"}],"is_trial":false,"path_per_floor":["M","?","M","M","?","R","E","T","T","$","E","M","E","M","R","B"],"character_chosen":"THE_SILENT","items_purchased":["Dark Shackles"],"campfire_rested":1,"item_purchase_floors":[10],"current_hp_per_floor":[61,61,61,60,65,65,31,31,31,31,20,18,2,2,24,0,0],"gold":183,"neow_bonus":"ONE_RANDOM_RARE_CARD","is_daily":false,"chose_seed":false,"campfire_upgraded":1,"win_rate":0.0,"timestamp":1614042870,"path_taken":["M","?","M","M","?","R","E","?","T","$","E","M","E","M","R","BOSS"],"items_purchased_type":["Card"],"build_version":"2020-12-22","purchased_purges":1,"victory":false,"max_hp_per_floor":[70,70,70,70,75,75,75,75,75,75,75,75,75,75,75,75,75],"card_choices":[{"not_picked":["Heel Hook","Backstab"],"picked":"Endless Agony","floor":1},{"not_picked":["Catalyst","Quick Slash"],"picked":"Cloak And Dagger","floor":3},{"not_picked":["Acrobatics","Sucker Punch"],"picked":"Backflip","floor":4},{"not_picked":["Bane","Glass Knife"],"picked":"Caltrops","floor":7},{"not_picked":["Prepared","Bouncing Flask"],"picked":"Acrobatics","floor":11},{"not_picked":["Flying Knee","Slice"],"picked":"Caltrops+1","floor":12},{"not_picked":["All Out Attack","Slice"],"picked":"Terror","floor":13},{"not_picked":["Dagger Spray","Deadly Poison"],"picked":"Blade Dance","floor":14}],"player_experience":1012024,"relics_obtained":[{"floor":7,"key":"Nunchaku"},{"floor":8,"key":"Bag of Marbles"},{"floor":9,"key":"Frozen Egg 2"},{"floor":11,"key":"Boot"},{"floor":13,"key":"Peace Pipe"}],"event_choices":[{"damage_healed":0,"gold_gain":0,"player_choice":"Ignored","damage_taken":0,"max_hp_gain":0,"max_hp_loss":0,"event_name":"Golden Wing","floor":2,"gold_loss":0},{"damage_healed":0,"gold_gain":0,"player_choice":"Donut","damage_taken":0,"max_hp_gain":5,"max_hp_loss":0,"event_name":"Big Fish","floor":5,"gold_loss":0}],"is_beta":false,"boss_relics":[],"items_purged_floors":[10],"is_endless":false,"potions_floor_spawned":[1,4,7,12],"killed_by":"Slime Boss","ascension_level":12}}