{"host":"03jd0k347uuzjnun","time":1614093014,"event":{"mods":["BaseMod","Bestiary","Minty Spire (QoL Compilation)","Permanent Neow","Quick Restart","Random Character Button","Relic Stats"],"gold_per_floor":[112,112,112,126,145,185,185,220,220,88,88,123,123,143,143,236,236,249,9,27,27,47,47,80,95,145,184,18,32,32,6,6,102,102,121,137,412,431,186,219,219,242,242,242,260,273,316,340,340,340,340,340,340,38,69,69],"floor_reached":57,"language":"ENG","playtime":3782,"items_purged":["Strike_B","Strike_B","Strike_B","Regret"],"score":2944,"play_id":"c2f379b0-03ae-4009-986b-50abd888faed","local_time":"20210223161014","is_ascension_mode":true,"campfire_choices":[{"floor":7.0,"key":"REST"},{"data":"Defragment","floor":11.0,"key":"SMITH"},{"data":"Defragment","floor":15.0,"key":"SMITH"},{"data":"Electrodynamics","floor":23,"key":"SMITH"},{"data":"Capacitor","floor":30,"key":"SMITH"},{"data":"Loop","floor":32,"key":"SMITH"},{"data":"Heatsinks","floor":41,"key":"SMITH"},{"floor":49,"key":"RECALL"},{"data":"1","floor":53,"key":"LIFT"}],"circlet_count":0,"master_deck":["AscendersBane","Defend_B+1","Defend_B+1","Defend_B+1","Defend_B+1","Zap+1","Electrodynamics+1","Reinforced Body+1","Defragment+1","Capacitor+1","Defragment+1","Barrage+1","Coolheaded+1","Self Repair+1","Conserve Battery+1","Chaos+1","Loop+1","Biased Cognition+1","Heatsinks+1","Consume+1","Hologram+1","Biased Cognition+1","Compile Driver+1","Heatsinks+1","Heatsinks+1","Turbo+1","Capacitor+1","Self Repair+1","White Noise+1","Coolheaded","Storm"],"relics":["Cracked Core","Golden Idol","Bag of Preparation","CaptainsWheel","Cables","Torii","Nuclear Battery","Mango","Strawberry","Mummified Hand","Empty Cage","Toy Ornithopter","Mark of the Bloom","Girya","Runic Capacitor","Oddly Smooth Stone"],"acts_visited":["Exordium","TheCity","TheBeyond","TheEnding"],"potions_floor_usage":[24,24,27,33,56,56],"damage_taken":[{"damage":10.0,"enemies":"2 Louse","floor":1.0,"turns":2.0},{"damage":3.0,"enemies":"Small Slimes","floor":4.0,"turns":3.0},{"damage":0.0,"enemies":"Jaw Worm","floor":5.0,"turns":4.0},{"damage":17.0,"enemies":"3 Sentries","floor":6.0,"turns":4.0},{"damage":15.0,"enemies":"Lagavulin","floor":8.0,"turns":7.0},{"damage":11.0,"enemies":"Gremlin Nob","floor":12.0,"turns":3.0},{"damage":9.0,"enemies":"3 Louse","floor":14.0,"turns":3.0},{"damage":20.0,"enemies":"Hexaghost","floor":16.0,"turns":8.0},{"damage":0,"enemies":"Chosen","floor":18,"turns":3},{"damage":14,"enemies":"Shell Parasite","floor":20,"turns":4},{"damage":12,"enemies":"Cultist and Chosen","floor":22,"turns":6},{"damage":5,"enemies":"Book of Stabbing","floor":24,"turns":6},{"damage":1,"enemies":"Centurion and Healer","floor":25,"turns":4},{"damage":54,"enemies":"Gremlin Leader","floor":27,"turns":6},{"damage":8,"enemies":"Sentry and Sphere","floor":29,"turns":4},{"damage":40,"enemies":"Automaton","floor":33,"turns":9},{"damage":1,"enemies":"3 Darklings","floor":35,"turns":3},{"damage":2,"enemies":"Orb Walker","floor":36,"turns":3},{"damage":0,"enemies":"3 Darklings","floor":38,"turns":1},{"damage":14,"enemies":"Nemesis","floor":40,"turns":3},{"damage":0,"enemies":"Maw","floor":42,"turns":5},{"damage":0,"enemies":"Jaw Worm Horde","floor":45,"turns":2},{"damage":0,"enemies":"Sphere and 2 Shapes","floor":46,"turns":1},{"damage":0,"enemies":"Reptomancer","floor":47,"turns":2},{"damage":0,"enemies":"Writhing Mass","floor":48,"turns":3},{"damage":7,"enemies":"Time Eater","floor":50,"turns":5},{"damage":0,"enemies":"Donu and Deca","floor":51,"turns":2},{"damage":36,"enemies":"Shield and Spear","floor":55,"turns":3},{"damage":13,"enemies":"The Heart","floor":56,"turns":5}],"seed_played":"4260383376182105999","potions_obtained":[{"floor":1.0,"key":"Energy Potion"},{"floor":6.0,"key":"DistilledChaos"},{"floor":14.0,"key":"FairyPotion"},{"floor":22,"key":"ColorlessPotion"},{"floor":25,"key":"Swift Potion"},{"floor":27,"key":"Fire Potion"},{"floor":29,"key":"Energy Potion"},{"floor":33,"key":"PotionOfCapacity"},{"floor":47,"key":"Energy Potion"},{"floor":48,"key":"FocusPotion"}],"is_trial":false,"path_per_floor":["M","?","?","M","M","E","R","E","T","$","R","E","?","M","R","B",null,"M","$","M","?","M","R","E","M","T","E","$","M","R","$","R","B",null,"M","M","?","M","$","E","R","M","T","?","M","M","E","M","R","B","B",null,"R","$","E","B",null],"character_chosen":"DEFECT","items_purchased":["Explosive Potion","Self Repair","SkillPotion","Heatsinks","Hologram","Heatsinks","Turbo","Runic Capacitor","Coolheaded","Storm"],"campfire_rested":1,"item_purchase_floors":[10,19,19,28,31,39,39,54,54,54],"current_hp_per_floor":[54,33,33,30,30,13,32,17,17,17,17,6,27,18,18,19,53,53,53,46,74,69,69,85,88,95,48,48,47,47,47,47,14,75,81,86,86,93,93,86,86,93,93,93,93,93,93,93,93,86,86,86,86,86,50,37],"gold":69,"neow_bonus":"ONE_RANDOM_RARE_CARD","is_daily":false,"chose_seed":false,"campfire_upgraded":6,"win_rate":0.0,"timestamp":1614093014,"path_taken":["M","?","?","M","M","E","R","E","T","$","R","E","?","?","R","BOSS","M","$","M","?","M","R","E","M","T","E","$","M","R","?","R","BOSS","M","M","?","M","$","E","R","?","T","?","M","M","E","M","R","BOSS","BOSS","R","$","E","BOSS"],"items_purchased_type":["Potion","Card","Potion","Card","Card","Card","Card","Relic","Card","Card"],"build_version":"2020-12-22","purchased_purges":4,"victory":true,"max_hp_per_floor":[71,71,64,64,64,64,64,64,64,64,64,64,64,64,64,64,64,64,64,64,74,74,74,88,88,95,95,95,95,95,95,95,95,95,95,95,95,95,95,95,95,95,95,95,95,95,95,95,95,95,95,95,95,95,95,95],"relic_stats":{"Mark of the Bloom":177,"Torii":25,"counters":[29,113],"Golden Idol":209,"Mummified Hand":[184],"Bag of Preparation":[50],"obtain_stats":[{"Girya":47,"Mark of the Bloom":44,"Torii":12,"Golden Idol":3,"Oddly Smooth Stone":55,"Mango":24,"Bag of Preparation":6,"Runic Capacitor":54,"Empty Cage":34,"Cables":9,"Nuclear Battery":17,"CaptainsWheel":8,"Mummified Hand":27,"Strawberry":26,"Cracked Core":0,"Toy Ornithopter":40},{"Girya":24,"Mark of the Bloom":21,"Torii":6,"Golden Idol":1,"Oddly Smooth Stone":28,"Mango":12,"Bag of Preparation":4,"Runic Capacitor":27,"Empty Cage":16,"Cables":5,"Nuclear Battery":8,"CaptainsWheel":5,"Mummified Hand":14,"Strawberry":13,"Cracked Core":0,"Toy Ornithopter":20},{"Girya":96,"Mark of the Bloom":91,"Torii":23,"Golden Idol":2,"Oddly Smooth Stone":108,"Mango":53,"Bag of Preparation":13,"Runic Capacitor":105,"Empty Cage":76,"Cables":20,"Nuclear Battery":34,"CaptainsWheel":20,"Mummified Hand":63,"Strawberry":57,"Cracked Core":0,"Toy Ornithopter":86}],"Toy Ornithopter":0,"Cables":[83,55,9,2,17]},"card_choices":[{"not_picked":["Chaos","Stack"],"picked":"Reinforced Body","floor":1.0},{"not_picked":["Steam","Hologram","Scrape"],"picked":"SKIP","floor":4.0},{"not_picked":["Leap","Skim"],"picked":"Defragment","floor":5.0},{"not_picked":["Leap","Self Repair"],"picked":"Capacitor","floor":6.0},{"not_picked":["Go for the Eyes","Gash"],"picked":"Defragment","floor":8.0},{"not_picked":["Stack","Compile Driver","Fission"],"picked":"SKIP","floor":12.0},{"not_picked":["Leap","Ball Lightning"],"picked":"Barrage","floor":14.0},{"not_picked":["Rainbow","Meteor Strike"],"picked":"Amplify","floor":16.0},{"not_picked":["Sunder","Chaos"],"picked":"Coolheaded+1","floor":18},{"not_picked":["Hologram","Leap"],"picked":"Conserve Battery","floor":20},{"not_picked":["Cold Snap","Beam Cell","Self Repair"],"picked":"SKIP","floor":22},{"not_picked":["Fission","FTL"],"picked":"Chaos","floor":24},{"not_picked":["Stack","Hologram+1"],"picked":"Loop","floor":25},{"not_picked":["Force Field","Leap+1"],"picked":"Biased Cognition","floor":27},{"not_picked":["Leap","Steam Power"],"picked":"Consume","floor":29},{"not_picked":["Fission","All For One"],"picked":"Biased Cognition","floor":33},{"not_picked":["Go for the Eyes","Coolheaded"],"picked":"Compile Driver","floor":35},{"not_picked":["Conserve Battery+1","Darkness"],"picked":"Heatsinks","floor":36},{"not_picked":["Aggregate","Sweeping Beam","Barrage"],"picked":"SKIP","floor":38},{"not_picked":["Aggregate","Sweeping Beam","Barrage"],"picked":"SKIP","floor":38},{"not_picked":["Aggregate","Sweeping Beam","Barrage"],"picked":"SKIP","floor":38},{"not_picked":["Self Repair","Gash"],"picked":"Capacitor","floor":40},{"not_picked":["Consume+1","Glacier"],"picked":"Self Repair+1","floor":42},{"not_picked":["Steam","Beam Cell","Fusion"],"picked":"SKIP","floor":45},{"not_picked":["Go for the Eyes","Fusion","Gash+1"],"picked":"SKIP","floor":46},{"not_picked":["Seek","Defragment"],"picked":"White Noise+1","floor":47},{"not_picked":["Redo","Self Repair","Sweeping Beam"],"picked":"SKIP","floor":48},{"not_picked":["Static Discharge","Ball Lightning+1","Barrage+1"],"picked":"SKIP","floor":55}],"player_experience":1450714,"relics_obtained":[{"floor":6.0,"key":"Bag of Preparation"},{"floor":8.0,"key":"CaptainsWheel"},{"floor":9.0,"key":"Cables"},{"floor":12.0,"key":"Torii"},{"floor":24,"key":"Mango"},{"floor":26,"key":"Strawberry"},{"floor":27,"key":"Mummified Hand"},{"floor":40,"key":"Toy Ornithopter"},{"floor":47,"key":"Girya"},{"floor":55,"key":"Oddly Smooth Stone"}],"event_choices":[{"damage_healed":0.0,"max_hp_gain":0.0,"max_hp_loss":0.0,"gold_gain":0.0,"event_name":"Shining Light","player_choice":"Entered Light","floor":2.0,"gold_loss":0.0,"damage_taken":21.0,"cards_upgraded":["Defend_B","Defend_B"]},{"damage_healed":0.0,"max_hp_gain":0.0,"max_hp_loss":7.0,"gold_gain":0.0,"event_name":"Golden Idol","player_choice":"Lose Max HP","floor":3.0,"gold_loss":0.0,"damage_taken":0.0,"relics_obtained":["Golden Idol"]},{"damage_healed":21.0,"max_hp_gain":0.0,"max_hp_loss":0.0,"gold_gain":0.0,"event_name":"Big Fish","player_choice":"Banana","floor":13.0,"gold_loss":0.0,"damage_taken":0.0},{"cards_removed":["Amplify"],"damage_healed":18,"gold_gain":0,"player_choice":"Offered Rare","damage_taken":0,"max_hp_gain":10,"max_hp_loss":0,"event_name":"Bonfire Elementals","floor":21,"gold_loss":0},{"damage_healed":0,"gold_gain":275,"player_choice":"Desecrate","damage_taken":0,"max_hp_gain":0,"max_hp_loss":0,"event_name":"Golden Shrine","floor":37,"gold_loss":0,"cards_obtained":["Regret"]},{"damage_healed":0,"gold_gain":0,"player_choice":"Upgrade","damage_taken":0,"relics_obtained":["Mark of the Bloom"],"max_hp_gain":0,"max_hp_loss":0,"event_name":"MindBloom","floor":44,"gold_loss":0,"cards_upgraded":["Defend_B","Defend_B","Zap","Reinforced Body","Barrage","Self Repair","Conserve Battery","Chaos","Biased Cognition","Consume","Hologram","Biased Cognition","Compile Driver","Heatsinks","Heatsinks","Turbo","Capacitor"]}],"is_beta":false,"boss_relics":[{"not_picked":["Pandora\u0027s Box","Tiny House"],"picked":"Nuclear Battery"},{"not_picked":["Runic Dome","FrozenCore"],"picked":"Empty Cage"}],"items_purged_floors":[10,19,28,39],"is_endless":false,"potions_floor_spawned":[1,6,14,22,25,27,29,33,40,46,47,48],"ascension_level":20}}