{"host":"6406jj8da6015sxr","time":1614063474,"event":{"mods":["AchievementEnabler","BaseMod","Colored Map","DeckTracker","Keyboard Shortcuts","Minty Spire (QoL Compilation)","Permanent Neow","Relic Stats","SuperFastMode","everything is the same but u backflip on backflip"],"gold_per_floor":[114,133,133,58,58,92,92,118,118,118,20,95,127,137,137,211,211,231,281,291,291,303,303,303],"floor_reached":23,"language":"KOR","playtime":689,"items_purged":[],"score":514,"play_id":"bad1a174-510d-4e4c-b57a-7b36a34d4808","local_time":"20210223155754","is_ascension_mode":true,"campfire_choices":[{"data":"Blade Dance","floor":7.0,"key":"SMITH"},{"data":"Blade Dance","floor":10.0,"key":"SMITH"},{"data":"1","floor":15.0,"key":"LIFT"}],"circlet_count":0,"master_deck":["AscendersBane","Strike_G","Strike_G","Strike_G","Strike_G","Defend_G","Defend_G","Defend_G","Defend_G","Defend_G","Survivor","Neutralize+1","Panache+1","Blade Dance+1","Blade Dance+1","Accuracy","Phantasmal Killer","Flash of Steel","Blade Dance","Venomology","Terror","Escape Plan","Neutralize","Acrobatics","Acrobatics"],"relics":["Ring of the Snake","Girya","InkBottle","Pear","SlaversCollar"],"acts_visited":["TheCity"],"potions_floor_usage":[23,23],"damage_taken":[{"damage":3.0,"enemies":"Cultist","floor":1.0,"turns":4.0},{"damage":0.0,"enemies":"Jaw Worm","floor":2.0,"turns":3.0},{"damage":5.0,"enemies":"3 Sentries","floor":6.0,"turns":4.0},{"damage":0.0,"enemies":"Lagavulin","floor":8.0,"turns":4.0},{"damage":0.0,"enemies":"Gremlin Nob","floor":13.0,"turns":2.0},{"damage":0.0,"enemies":"2 Louse","floor":14.0,"turns":2.0},{"damage":8.0,"enemies":"The Guardian","floor":16.0,"turns":3.0},{"damage":9.0,"enemies":"3 Byrds","floor":18.0,"turns":4.0},{"damage":24.0,"enemies":"Shell Parasite","floor":20.0,"turns":3.0},{"damage":19.0,"enemies":"Centurion and Healer","floor":22.0,"turns":3.0},{"damage":14,"enemies":"Slavers","floor":23,"turns":2}],"seed_played":"7177881739915777219","potions_obtained":[{"floor":1.0,"key":"AttackPotion"},{"floor":2.0,"key":"SneckoOil"},{"floor":6.0,"key":"SteroidPotion"},{"floor":22.0,"key":"Energy Potion"}],"is_trial":false,"path_per_floor":["M","M","?","?","?","E","R","E","T","R","$","?","E","M","R","B",null,"M","?","M","?","M","E"],"character_chosen":"THE_SILENT","items_purchased":["Flash of Steel"],"campfire_rested":0,"item_purchase_floors":[11],"current_hp_per_floor":[41,41,63,63,43,38,38,38,38,38,38,27,37,37,37,29,64,64,64,40,40,21,7,7],"gold":303,"neow_bonus":"RANDOM_COLORLESS_2","is_daily":false,"chose_seed":false,"campfire_upgraded":2,"win_rate":0.0,"timestamp":1614063474,"path_taken":["M","?","?","?","?","E","R","E","T","R","$","?","E","M","R","BOSS","M","?","M","?","M","E"],"items_purchased_type":["Card"],"build_version":"2020-12-22","purchased_purges":0,"victory":false,"max_hp_per_floor":[66,66,66,66,66,66,66,66,66,66,66,66,76,76,76,76,76,76,76,76,76,76,76,76],"relic_stats":{"counters":[11,34],"obtain_stats":[{"Girya":6,"SlaversCollar":17,"Pear":13,"InkBottle":8,"Ring of the Snake":0},{"Girya":3,"SlaversCollar":7,"Pear":5,"InkBottle":4,"Ring of the Snake":0},{"Girya":11,"SlaversCollar":22,"Pear":17,"InkBottle":15,"Ring of the Snake":0}],"InkBottle":[13],"Ring of the Snake":[22]},"card_choices":[{"not_picked":["HandOfGreed","Secret Technique"],"picked":"Panache","floor":0.0},{"not_picked":["Crippling Poison","Cloak And Dagger"],"picked":"Blade Dance","floor":1.0},{"not_picked":["Reflex","Acrobatics"],"picked":"Blade Dance","floor":2.0},{"not_picked":["Glass Knife","Blur"],"picked":"Accuracy","floor":6.0},{"not_picked":["Sucker Punch","Deadly Poison"],"picked":"Phantasmal Killer","floor":8.0},{"not_picked":["Distraction","Sucker Punch","Outmaneuver"],"picked":"SKIP","floor":13.0},{"not_picked":["Catalyst","Underhanded Strike"],"picked":"Blade Dance","floor":14.0},{"not_picked":["Unload","Envenom"],"picked":"Venomology","floor":16.0},{"not_picked":["Dodge and Roll","Flying Knee"],"picked":"Terror","floor":18.0},{"not_picked":["Poisoned Stab","Caltrops"],"picked":"Escape Plan","floor":20.0},{"not_picked":["Flechettes","Blur"],"picked":"Acrobatics","floor":22.0}],"player_experience":81623,"relics_obtained":[{"floor":6.0,"key":"Girya"},{"floor":8.0,"key":"InkBottle"},{"floor":13.0,"key":"Pear"}],"event_choices":[{"damage_healed":22.0,"max_hp_gain":0.0,"max_hp_loss":0.0,"gold_gain":0.0,"event_name":"Big Fish","player_choice":"Banana","floor":3.0,"gold_loss":0.0,"damage_taken":0.0},{"cards_removed":["Strike_G"],"damage_healed":0.0,"max_hp_gain":0.0,"max_hp_loss":0.0,"gold_gain":0.0,"event_name":"The Cleric","player_choice":"Card Removal","floor":4.0,"gold_loss":75.0,"damage_taken":0.0},{"damage_healed":0.0,"max_hp_gain":0.0,"max_hp_loss":0.0,"gold_gain":0.0,"event_name":"Shining Light","player_choice":"Entered Light","floor":5.0,"gold_loss":0.0,"damage_taken":20.0,"cards_upgraded":["Neutralize","Panache"]},{"damage_healed":0.0,"max_hp_gain":0.0,"max_hp_loss":0.0,"gold_gain":75.0,"event_name":"World of Goop","player_choice":"Gather Gold","floor":12.0,"gold_loss":0.0,"damage_taken":11.0},{"damage_healed":0.0,"max_hp_gain":0.0,"max_hp_loss":0.0,"gold_gain":50.0,"event_name":"Nest","player_choice":"Stole From Cult","floor":19.0,"gold_loss":0.0,"damage_taken":0.0},{"damage_healed":0.0,"max_hp_gain":0.0,"max_hp_loss":0.0,"gold_gain":0.0,"event_name":"Match and Keep!","player_choice":"2 cards matched","floor":21.0,"gold_loss":0.0,"damage_taken":0.0,"cards_obtained":["Neutralize","Acrobatics"]}],"is_beta":false,"boss_relics":[{"not_picked":["Tiny House","Runic Pyramid"],"picked":"SlaversCollar"}],"items_purged_floors":[],"is_endless":false,"potions_floor_spawned":[1,2,6,22],"killed_by":"Slavers","ascension_level":20}}