{"host":"mi0eibewekhugwl1","time":1614079829,"event":{"mods":["AchievementEnabler","BaseMod","Colored Map","Colored Powertips","DeckTracker","Keyboard Shortcuts","Minty Spire (QoL Compilation)","Quick Restart","Rare Cards Sparkle","Relic Stats","StSLib","SuperFastMode","everything is the same but u backflip on backflip"],"gold_per_floor":[116,191,206,206,131,131,150,150,150,61,73,103,103,25,25,103,103,119,137,187,187,9,9,19,47,98,98,98,108,8,28,28,28,28],"floor_reached":33,"language":"KOR","playtime":656,"items_purged":["Decay","Strike_G+1"],"score":526,"play_id":"a1ad8aab-23a5-483e-862f-cfaa5a4da3e0","local_time":"20210223203029","is_ascension_mode":true,"campfire_choices":[{"data":"Dagger Spray","floor":6,"key":"SMITH"},{"data":"Cloak And Dagger","floor":8,"key":"SMITH"},{"data":"Caltrops","floor":13,"key":"SMITH"},{"data":"Blade Dance","floor":15,"key":"SMITH"},{"floor":23,"key":"REST"},{"floor":32,"key":"REST"}],"circlet_count":0,"master_deck":["AscendersBane","Strike_G+1","Strike_G+1","Defend_G+1","Defend_G+1","Defend_G+1","Defend_G+1","Defend_G+1","Survivor+1","Neutralize","After Image+1","Masterful Stab","Dagger Spray+1","Cloak And Dagger+1","Caltrops+1","Blade Dance+1","Infinite Blades","Finisher","Glass Knife","Backflip","Finesse","Adrenaline","Blade Dance","Backflip+1"],"relics":["Ring of the Snake","Paper Crane","StoneCalendar","Sozu","War Paint","Ancient Tea Set"],"acts_visited":["Exordium","TheCity"],"potions_floor_usage":[12,25],"damage_taken":[{"damage":4,"enemies":"Small Slimes","floor":1,"turns":5},{"damage":0,"enemies":"2 Louse","floor":3,"turns":2},{"damage":1,"enemies":"Jaw Worm","floor":7,"turns":3},{"damage":3,"enemies":"Large Slime","floor":11,"turns":7},{"damage":8,"enemies":"Lagavulin","floor":12,"turns":5},{"damage":29,"enemies":"The Guardian","floor":16,"turns":12},{"damage":21,"enemies":"3 Byrds","floor":18,"turns":4},{"damage":2,"enemies":"Shell Parasite","floor":19,"turns":5},{"damage":18,"enemies":"Snake Plant","floor":24,"turns":4},{"damage":9,"enemies":"Slavers","floor":25,"turns":7},{"damage":0,"enemies":"Sentry and Sphere","floor":29,"turns":4},{"damage":0,"enemies":"Centurion and Healer","floor":31,"turns":5},{"damage":42,"enemies":"Automaton","floor":33,"turns":10}],"seed_played":"-7289709335583126852","potions_obtained":[{"floor":1,"key":"FearPotion"},{"floor":12,"key":"SpeedPotion"},{"floor":16,"key":"FearPotion"}],"is_trial":false,"path_per_floor":["M","?","M","?","?","R","M","R","T","$","M","E","R","$","R","B",null,"M","M","?","?","$","R","M","E","T","?","?","M","$","M","R","B"],"character_chosen":"THE_SILENT","items_purchased":["Caltrops","Finisher","Finesse"],"campfire_rested":2,"item_purchase_floors":[10,14,22],"current_hp_per_floor":[55,44,44,44,44,44,43,43,43,43,40,32,32,32,32,3,50,29,27,27,27,27,46,28,19,19,19,19,19,19,19,38,0,0],"gold":28,"neow_bonus":"TRANSFORM_CARD","is_daily":false,"chose_seed":false,"campfire_upgraded":4,"win_rate":0.0,"timestamp":1614079829,"path_taken":["M","?","M","?","?","R","M","R","T","$","M","E","R","$","R","BOSS","M","M","?","?","$","R","M","E","T","?","?","M","?","M","R","BOSS"],"items_purchased_type":["Card","Card","Card"],"build_version":"2020-12-22","purchased_purges":2,"victory":false,"max_hp_per_floor":[66,66,66,66,66,66,66,66,66,66,66,66,66,66,66,66,66,66,66,66,66,66,66,66,66,66,66,66,66,66,66,66,66,66],"relic_stats":{"Sozu":3,"counters":[13,73],"StoneCalendar":[90],"War Paint":["Defend_G","Survivor"],"obtain_stats":[{"Sozu":17,"StoneCalendar":12,"Paper Crane":9,"War Paint":25,"Ancient Tea Set":26,"Ring of the Snake":0},{"Sozu":6,"StoneCalendar":5,"Paper Crane":3,"War Paint":10,"Ancient Tea Set":10,"Ring of the Snake":0},{"Sozu":34,"StoneCalendar":22,"Paper Crane":10,"War Paint":54,"Ancient Tea Set":54,"Ring of the Snake":0}],"Ring of the Snake":[26]},"card_choices":[{"not_picked":["Dagger Throw","Bane"],"picked":"Masterful Stab","floor":1},{"not_picked":["Flying Knee","Skewer"],"picked":"Dagger Spray","floor":3},{"not_picked":["Predator","Concentrate"],"picked":"Cloak And Dagger","floor":7},{"not_picked":["Storm of Steel","Skewer"],"picked":"Blade Dance","floor":11},{"not_picked":["Underhanded Strike","Acrobatics"],"picked":"Infinite Blades","floor":12},{"not_picked":["Burst","Doppelganger"],"picked":"Glass Knife","floor":16},{"not_picked":["Predator","Concentrate"],"picked":"Backflip","floor":18},{"not_picked":["Dagger Throw","Sucker Punch","Eviscerate"],"picked":"SKIP","floor":19},{"not_picked":["Prepared","Dagger Spray","Flechettes"],"picked":"SKIP","floor":24},{"not_picked":["Noxious Fumes","Bane"],"picked":"Adrenaline","floor":25},{"not_picked":["Bane","Sucker Punch"],"picked":"Blade Dance","floor":29},{"not_picked":["Bane","Leg Sweep"],"picked":"Backflip+1","floor":31}],"player_experience":1818889,"relics_obtained":[{"floor":9,"key":"Paper Crane"},{"floor":12,"key":"StoneCalendar"},{"floor":25,"key":"War Paint"},{"floor":26,"key":"Ancient Tea Set"}],"event_choices":[{"damage_healed":0,"gold_gain":75,"player_choice":"Gather Gold","damage_taken":11,"max_hp_gain":0,"max_hp_loss":0,"event_name":"World of Goop","floor":2,"gold_loss":0},{"damage_healed":0,"gold_gain":0,"player_choice":"Grow","damage_taken":0,"max_hp_gain":0,"max_hp_loss":0,"event_name":"Living Wall","floor":4,"gold_loss":0,"cards_upgraded":["After Image"]},{"cards_removed":["Strike_G"],"damage_healed":0,"gold_gain":0,"player_choice":"Card Removal","damage_taken":0,"max_hp_gain":0,"max_hp_loss":0,"event_name":"The Cleric","floor":5,"gold_loss":75},{"damage_healed":0,"gold_gain":50,"player_choice":"Stole From Cult","damage_taken":0,"max_hp_gain":0,"max_hp_loss":0,"event_name":"Nest","floor":20,"gold_loss":0},{"damage_healed":0,"gold_gain":0,"player_choice":"Smashed Altar","damage_taken":0,"max_hp_gain":0,"max_hp_loss":0,"event_name":"Forgotten Altar","floor":21,"gold_loss":0,"cards_obtained":["Decay"]},{"damage_healed":0,"gold_gain":0,"player_choice":"Ignored","damage_taken":0,"max_hp_gain":0,"max_hp_loss":0,"event_name":"Ghosts","floor":27,"gold_loss":0},{"damage_healed":0,"gold_gain":0,"player_choice":"Simplicity","damage_taken":0,"max_hp_gain":0,"max_hp_loss":0,"event_name":"Back to Basics","floor":28,"gold_loss":0,"cards_upgraded":["Strike_G","Strike_G","Strike_G","Defend_G","Defend_G","Defend_G","Defend_G"]}],"is_beta":false,"boss_relics":[{"not_picked":["Coffee Dripper","Philosopher\u0027s Stone"],"picked":"Sozu"}],"items_purged_floors":[22,30],"is_endless":false,"potions_floor_spawned":[1,12,16,19,24,31],"killed_by":"Automaton","ascension_level":20}}