{"host":"9slw7l0ws16384qq","time":1614102456,"event":{"mods":["A Penny For Your Troubles","BaseMod","Colored Map","Downfall","Evolution","Hubris","Minty Spire (QoL Compilation)","Replay The Spire","StS++","StSLib"],"gold_per_floor":[99,112,125,138,48,60,60,60,90,103,103,88,113,124,141,212,212,112,127,140,154,154,164,164,164,164,49,49,77,91,91,108,108,108,108],"floor_reached":33,"language":"FRA","playtime":1905,"items_purged":["Voices","Guardian:Defend_Guardian"],"score":576,"play_id":"04da2765-6601-4b8a-92f6-a79ad52331ac","local_time":"20210223184736","is_ascension_mode":true,"campfire_choices":[{"data":"Guardian:TwinSlam","floor":8,"key":"SMITH"},{"floor":11,"key":"RECALL"},{"floor":18,"key":"DIG"},{"floor":25,"key":"REST"},{"floor":28,"key":"REST"}],"circlet_count":0,"master_deck":["AscendersBane","Guardian:PrimingBeam","Guardian:PrimingBeam+1","Guardian:PrimingBeam","Guardian:PrimingBeam","Guardian:Defend_Guardian","Guardian:Defend_Guardian+1","Guardian:Defend_Guardian","Guardian:CurlUp","Guardian:TwinSlam+1","Guardian:Gem_Cyan"],"relics":["Guardian:ModeShifter","EVO:Axolotl","StSpp:BoiledEgg","Toy Ornithopter","Gremlin Food","Philosopher\u0027s Stone","downfall:HeartBlessingRed","Pen Nib","MutagenicStrength","StSpp:Monolith","Replay:Ringing Soul","CultistMask"],"acts_visited":["Exordium","TheCity"],"potions_floor_usage":[9,13,16,16,33,33],"damage_taken":[{"damage":2,"enemies":"Jaw Worm","floor":2,"turns":3},{"damage":0,"enemies":"Cultist","floor":3,"turns":4},{"damage":3,"enemies":"2 Louse","floor":4,"turns":2},{"damage":0,"enemies":"downfall:FleeingMerchant","floor":5,"turns":4},{"damage":2,"enemies":"2 Fungi Beasts","floor":6,"turns":4},{"damage":5,"enemies":"Lagavulin","floor":9,"turns":7},{"damage":11,"enemies":"Lots of Slimes","floor":10,"turns":4},{"damage":0,"enemies":"downfall:FleeingMerchant","floor":12,"turns":4},{"damage":0,"enemies":"Gremlin Nob","floor":13,"turns":3},{"damage":6,"enemies":"Exordium Thugs","floor":14,"turns":3},{"damage":3,"enemies":"Blue Slaver","floor":15,"turns":4},{"damage":30,"enemies":"IC_STATUS_ARCHETYPE","floor":16,"turns":11},{"damage":4,"enemies":"Chosen","floor":19,"turns":4},{"damage":0,"enemies":"Spheric Guardian","floor":20,"turns":4},{"damage":22,"enemies":"Snake Plant","floor":21,"turns":4},{"damage":0,"enemies":"Sentry and Sphere","floor":23,"turns":4},{"damage":0,"enemies":"downfall:FleeingMerchant","floor":27,"turns":4},{"damage":10,"enemies":"Gremlin Leader","floor":29,"turns":4},{"damage":10,"enemies":"Snecko","floor":30,"turns":4},{"damage":0,"enemies":"Centurion and Healer","floor":32,"turns":4},{"damage":50,"enemies":"DF_ARCHETYPE_CLAW","floor":33,"turns":7}],"seed_played":"-6522226914159016810","potions_obtained":[{"floor":3,"key":"Languid Potion"},{"floor":6,"key":"ColorlessPotion"},{"floor":13,"key":"Energy Potion"},{"floor":14,"key":"Strength Potion"},{"floor":19,"key":"bronze:BurnAndBuffPotion"},{"floor":21,"key":"SkillPotion"},{"floor":23,"key":"Dexterity Potion"}],"is_trial":false,"path_per_floor":["R_BF","M","M","M","$","M","T","R","E","M","R","$","E","M","M","B",null,"R_BF","M","M","M","?","M","T","R","?","$","R","E","M","?","M","B"],"character_chosen":"GUARDIAN","items_purchased":[],"campfire_rested":2,"item_purchase_floors":[],"current_hp_per_floor":[65,63,63,60,60,58,58,58,53,42,42,42,47,41,38,18,59,59,55,55,33,33,33,33,54,34,34,57,50,40,40,40,0,0,0],"gold":108,"neow_bonus":"THREE_RARE_CARDS","is_daily":false,"chose_seed":false,"campfire_upgraded":1,"win_rate":0.0,"timestamp":1614102456,"path_taken":["R_BF","M","?","M","$","M","T","R","E","?","R","$","E","M","M","BOSS","R_BF","M","M","M","?","M","T","R","?","?","R","E","M","?","M","BOSS"],"items_purchased_type":[],"build_version":"2020-12-22","purchased_purges":2,"victory":false,"max_hp_per_floor":[72,72,72,72,72,72,72,72,72,72,72,72,72,72,72,72,72,72,72,72,72,72,72,72,72,77,77,77,80,80,80,80,80,80,80],"card_choices":[{"not_picked":["Guardian:Gem_Synthetic","Guardian:FierceBash"],"picked":"Guardian:Gem_Orange","floor":0},{"not_picked":["Guardian:PrismaticBeam","Guardian:GuardianWhirl","Guardian:Gem_Red"],"picked":"SKIP","floor":2},{"not_picked":["Guardian:GuardianWhirl","Guardian:BronzeArmor","Guardian:RefractedBeam"],"picked":"SKIP","floor":3},{"not_picked":["Guardian:Recover","Guardian:ShieldCharger","Guardian:PrimingBeam"],"picked":"SKIP","floor":4},{"not_picked":["Guardian:ShieldSpikes","Guardian:VentSteam","Guardian:Gem_Green"],"picked":"SKIP","floor":5},{"not_picked":["Guardian:Gem_Lightblue","Guardian:TemporalStrike","Guardian:TemporalShield"],"picked":"SKIP","floor":6},{"not_picked":["Guardian:TemporalStrike","Guardian:PrismaticBeam","Guardian:FuturePlans"],"picked":"SKIP","floor":9},{"not_picked":["Guardian:Suspension","Guardian:PrismaticBeam"],"picked":"Guardian:Gem_Fragmented","floor":10},{"not_picked":["Guardian:SpikerProtocol","Guardian:BaubleBeam","Guardian:BodySlam"],"picked":"SKIP","floor":12},{"not_picked":["Guardian:ArmoredProtocol","Guardian:CompilePackage","Guardian:TimeCapacitor"],"picked":"SKIP","floor":13},{"not_picked":["Guardian:TemporalShield","Guardian:PiercingHide","Guardian:Emergency"],"picked":"SKIP","floor":14},{"not_picked":["Guardian:Orbwalk","Guardian:TemporalShield","Guardian:VentSteam"],"picked":"SKIP","floor":15},{"not_picked":["Guardian:RefractedBeam","Guardian:ChargeCore+1","Guardian:Planning"],"picked":"SKIP","floor":19},{"not_picked":["Guardian:Planning","Guardian:PrismaticBeam","Guardian:Gem_Green"],"picked":"SKIP","floor":20},{"not_picked":["Guardian:TemporalShield","Guardian:Gem_Green"],"picked":"Guardian:Gem_Fragmented","floor":21},{"not_picked":["Guardian:TemporalStrike","Guardian:BronzeOrb"],"picked":"Guardian:Gem_Cyan","floor":23},{"not_picked":["Guardian:ShieldSpikes","Guardian:Harden","Guardian:Recover"],"picked":"SKIP","floor":27},{"not_picked":["Guardian:Orbwalk","Guardian:WalkerClaw+1"],"picked":"Guardian:Gem_Cyan","floor":29},{"not_picked":["Guardian:BronzeOrb","Guardian:RollAttack","Guardian:Gem_Yellow"],"picked":"SKIP","floor":30},{"not_picked":["Guardian:Gem_Green","Guardian:Gem_Red","Guardian:RefractedBeam"],"picked":"SKIP","floor":32}],"player_experience":1725991,"relics_obtained":[{"floor":7,"key":"StSpp:BoiledEgg"},{"floor":9,"key":"Toy Ornithopter"},{"floor":13,"key":"Gremlin Food"},{"floor":18,"key":"Pen Nib"},{"floor":24,"key":"StSpp:Monolith"},{"floor":29,"key":"Replay:Ringing Soul"}],"event_choices":[{"damage_healed":0,"gold_gain":0,"player_choice":"Inject Mutagens","damage_taken":0,"relics_obtained":["MutagenicStrength"],"max_hp_gain":0,"max_hp_loss":0,"event_name":"Drug Dealer","floor":22,"gold_loss":0},{"damage_healed":0,"gold_gain":0,"player_choice":"Trade","damage_taken":0,"relics_obtained":["CultistMask"],"max_hp_gain":0,"max_hp_loss":0,"event_name":"FaceTrader","floor":31,"gold_loss":0}],"is_beta":false,"boss_relics":[{"not_picked":["hubris:GrandSneckoEye","Astrolabe"],"picked":"Philosopher\u0027s Stone"}],"items_purged_floors":[5,27],"is_endless":false,"potions_floor_spawned":[3,6,13,14,15,19,21,23],"killed_by":"DF_ARCHETYPE_CLAW","ascension_level":16}}