{"host":"5ezk7t18wcb10u1o","time":1614083348,"event":{"mods":["BaseMod","Bestiary","Colored Powertips","Minty Spire (QoL Compilation)","Relic Sorter"],"gold_per_floor":[116,116,116,18,31,44,56,71,71,71,99,99,113,132,132,203,203,223,242,256,256,47,47,47,47],"floor_reached":24,"language":"ENG","playtime":1204,"items_purged":["Writhe"],"score":400,"play_id":"af83f61a-84a7-4483-979c-d9bd849ceb63","local_time":"20210223122908","is_ascension_mode":true,"campfire_choices":[{"floor":10.0,"key":"REST"},{"floor":12.0,"key":"REST"},{"data":"Steam","floor":15.0,"key":"SMITH"},{"floor":23,"key":"REST"}],"circlet_count":0,"master_deck":["AscendersBane","Strike_B","Strike_B","Defend_B","Defend_B","Defend_B","Defend_B","Zap","Dualcast+1","Panacea","BootSequence","Lockon","Steam+1","Leap","Steam","Defragment","All For One","Recycle+1","Static Discharge+1","Blizzard+1","Stack","Reinforced Body+1","Sweeping Beam"],"relics":["Cracked Core","Pen Nib","Mercury Hourglass","Bottled Lightning","Astrolabe","Art of War","Membership Card"],"acts_visited":["Exordium","TheCity"],"potions_floor_usage":[16,16,16,18,20,20],"damage_taken":[{"damage":7.0,"enemies":"Jaw Worm","floor":1.0,"turns":3.0},{"damage":3.0,"enemies":"2 Louse","floor":5.0,"turns":3.0},{"damage":1.0,"enemies":"Cultist","floor":6.0,"turns":3.0},{"damage":17.0,"enemies":"3 Louse","floor":7.0,"turns":3.0},{"damage":3.0,"enemies":"Blue Slaver","floor":8.0,"turns":3.0},{"damage":24.0,"enemies":"Lagavulin","floor":11.0,"turns":4.0},{"damage":7.0,"enemies":"Exordium Wildlife","floor":13.0,"turns":4.0},{"damage":0.0,"enemies":"3 Louse","floor":14.0,"turns":2.0},{"damage":30,"enemies":"Slime Boss","floor":16,"turns":7},{"damage":18,"enemies":"2 Thieves","floor":18,"turns":3},{"damage":18,"enemies":"Shell Parasite","floor":19,"turns":6},{"damage":18,"enemies":"Centurion and Healer","floor":20,"turns":14},{"damage":40,"enemies":"3 Cultists","floor":24,"turns":4}],"seed_played":"2342856854553502546","potions_obtained":[{"floor":6.0,"key":"FocusPotion"},{"floor":7.0,"key":"Swift Potion"},{"floor":11.0,"key":"EntropicBrew"},{"floor":14.0,"key":"Energy Potion"},{"floor":18,"key":"SpeedPotion"},{"floor":19,"key":"DistilledChaos"}],"is_trial":false,"path_per_floor":["M","?","?","$","M","M","M","M","T","R","E","R","M","M","R","B",null,"M","M","M","?","$","R","M"],"character_chosen":"DEFECT","items_purchased":["Panacea","Membership Card"],"campfire_rested":3,"item_purchase_floors":[4,22],"current_hp_per_floor":[64,64,53,53,50,49,32,29,29,52,28,51,44,44,44,14,62,44,26,8,8,8,31,0,0],"gold":47,"neow_bonus":"TEN_PERCENT_HP_BONUS","is_daily":false,"chose_seed":false,"campfire_upgraded":1,"win_rate":0.0,"timestamp":1614083348,"path_taken":["M","?","?","?","M","?","M","M","T","R","E","R","M","M","R","BOSS","M","M","M","?","$","R","M"],"items_purchased_type":["Card","Relic"],"build_version":"2020-12-22","purchased_purges":1,"victory":false,"max_hp_per_floor":[78,78,78,78,78,78,78,78,78,78,78,78,78,78,78,78,78,78,78,78,78,78,78,78,78],"card_choices":[{"not_picked":["Barrage","Go for the Eyes"],"picked":"Tempest","floor":1.0},{"not_picked":["Static Discharge","Barrage"],"picked":"BootSequence","floor":5.0},{"not_picked":["Conserve Battery","Turbo"],"picked":"Lockon","floor":6.0},{"not_picked":["Gash","Double Energy","Cold Snap"],"picked":"SKIP","floor":7.0},{"not_picked":["Beam Cell","Stack"],"picked":"Steam","floor":8.0},{"not_picked":["Darkness","Gash"],"picked":"Leap","floor":11.0},{"not_picked":["Undo","Chaos"],"picked":"Steam","floor":13.0},{"not_picked":["Thunder Strike","Streamline"],"picked":"Defragment","floor":14.0},{"not_picked":["Multi-Cast","Rainbow"],"picked":"All For One","floor":16},{"not_picked":["Rebound+1","Streamline"],"picked":"Stack","floor":18},{"not_picked":["Redo","Heatsinks"],"picked":"Reinforced Body+1","floor":19},{"not_picked":["Hello World","Go for the Eyes"],"picked":"Sweeping Beam","floor":20}],"player_experience":1250904,"relics_obtained":[{"floor":9.0,"key":"Mercury Hourglass"},{"floor":11.0,"key":"Bottled Lightning"}],"event_choices":[{"damage_healed":0.0,"max_hp_gain":0.0,"max_hp_loss":0.0,"gold_gain":0.0,"event_name":"Living Wall","player_choice":"Grow","floor":2.0,"gold_loss":0.0,"damage_taken":0.0,"cards_upgraded":["Dualcast"]},{"damage_healed":0.0,"max_hp_gain":0.0,"max_hp_loss":0.0,"gold_gain":0.0,"event_name":"Scrap Ooze","player_choice":"Success","floor":3.0,"gold_loss":0.0,"damage_taken":11.0,"relics_obtained":["Pen Nib"]},{"damage_healed":0,"gold_gain":0,"player_choice":"Opened","damage_taken":0,"relics_obtained":["Art of War"],"max_hp_gain":0,"max_hp_loss":0,"event_name":"The Mausoleum","floor":21,"gold_loss":0,"cards_obtained":["Writhe"]}],"is_beta":false,"boss_relics":[{"not_picked":["Snecko Eye","Runic Pyramid"],"picked":"Astrolabe"}],"items_purged_floors":[22],"is_endless":false,"potions_floor_spawned":[6,7,8,11,13,14,18,19],"killed_by":"3 Cultists","ascension_level":20}}