{"host":"42xf941fomyavgzy","time":1614074999,"event":{"mods":["Act Like it!","Astrologer","BaseMod","Colored Map","DeckTracker","Minty Spire (QoL Compilation)","Shop Mod","StSLib","SuperFastMode","The Cursed"],"gold_per_floor":[119,69,69,69,31,31,44,44,70,104,76,76,76,96,96,200,200,190,210,0,12,12,12,46,46,71,91,91,6,6,38,38,38,38],"floor_reached":33,"language":"JPN","playtime":1318,"items_purged":["Strike_R"],"score":405,"play_id":"47bde13a-1ab4-4287-b903-00b00f981d0f","local_time":"20210223190959","is_ascension_mode":true,"campfire_choices":[{"data":"Shockwave","floor":6,"key":"SMITH"},{"data":"Second Wind","floor":8,"key":"SMITH"},{"floor":13,"key":"REST"},{"data":"Sword Boomerang","floor":15,"key":"SMITH"},{"floor":23,"key":"REST"},{"data":"Berserk","floor":28,"key":"SMITH"},{"floor":30,"key":"REST"},{"data":"Dark Embrace","floor":32,"key":"SMITH"}],"circlet_count":0,"master_deck":["Strike_R","Strike_R","Strike_R","Defend_R","Defend_R","Defend_R","Defend_R","Bash","Second Wind+1","Shockwave+1","Sword Boomerang+1","Spot Weakness+1","Twin Strike","Berserk+1","Pommel Strike","Flex","Feed","Cleave","Ghostly Armor+1","Dark Embrace+1"],"relics":["Burning Blood","Bird Faced Urn","Toy Ornithopter","Akabeko","SlaversCollar","Mummified Hand","Red Skull","Blood Vial","Happy Flower"],"acts_visited":["Exordium","TheCity"],"potions_floor_usage":[21,24,27,33,33],"damage_taken":[{"damage":2,"enemies":"2 Louse","floor":1,"turns":3},{"damage":0,"enemies":"Jaw Worm","floor":7,"turns":5},{"damage":54,"enemies":"Lagavulin","floor":10,"turns":8},{"damage":0,"enemies":"Small Slimes","floor":14,"turns":3},{"damage":26,"enemies":"Hexaghost","floor":16,"turns":5},{"damage":19,"enemies":"2 Thieves","floor":18,"turns":4},{"damage":0,"enemies":"Spheric Guardian","floor":19,"turns":1},{"damage":49,"enemies":"3 Cultists","floor":21,"turns":5},{"damage":34,"enemies":"Gremlin Leader","floor":24,"turns":6},{"damage":41,"enemies":"Sentry and Sphere","floor":27,"turns":5},{"damage":24,"enemies":"Book of Stabbing","floor":31,"turns":4},{"damage":62,"enemies":"Automaton","floor":33,"turns":8}],"seed_played":"3911367195828660603","potions_obtained":[{"floor":7,"key":"ElixirPotion"},{"floor":14,"key":"CultistPotion"},{"floor":16,"key":"GamblersBrew"},{"floor":18,"key":"AttackPotion"},{"floor":24,"key":"BloodPotion"},{"floor":31,"key":"HeartOfIron"}],"is_trial":false,"path_per_floor":["M","?","?","?","$","R","M","R","T","E","?","?","R","M","R","B",null,"M","M","$","M","$","R","E","?","T","M","R","?","R","E","R","B"],"character_chosen":"IRONCLAD","items_purchased":["Shockwave","Feed"],"campfire_rested":3,"item_purchase_floors":[5,20],"current_hp_per_floor":[55,55,55,60,60,60,66,66,66,18,18,18,43,49,49,29,71,60,66,66,33,33,59,38,38,38,27,27,27,53,39,39,0,0],"gold":38,"neow_bonus":"ONE_RARE_RELIC","is_daily":false,"chose_seed":false,"campfire_upgraded":5,"win_rate":0.0,"timestamp":1614074999,"path_taken":["M","?","?","?","?","R","M","R","T","E","?","?","R","M","R","BOSS","M","M","$","M","$","R","E","?","T","M","R","?","R","E","R","BOSS"],"items_purchased_type":["Card","Card"],"build_version":"2020-12-22","purchased_purges":1,"victory":false,"max_hp_per_floor":[80,80,80,85,85,85,85,85,85,85,85,85,85,85,85,85,85,85,85,85,88,88,88,88,88,88,88,88,88,88,88,88,88,88],"card_choices":[{"not_picked":["Thunderclap","Armaments"],"picked":"Second Wind","floor":1},{"not_picked":["Warcry","Headbutt"],"picked":"Sword Boomerang","floor":7},{"not_picked":["Thunderclap","Burning Pact"],"picked":"Spot Weakness","floor":10},{"not_picked":["Dark Embrace","Blood for Blood"],"picked":"Twin Strike","floor":14},{"not_picked":["Demon Form","Juggernaut"],"picked":"Berserk","floor":16},{"not_picked":["Spot Weakness","Iron Wave"],"picked":"Pommel Strike","floor":18},{"not_picked":["True Grit","Anger"],"picked":"Flex","floor":19},{"not_picked":["Armaments","Clothesline","True Grit"],"picked":"SKIP","floor":21},{"not_picked":["Havoc","Armaments"],"picked":"Cleave","floor":24},{"not_picked":["Body Slam+1","Spot Weakness+1"],"picked":"Ghostly Armor+1","floor":27},{"not_picked":["Bloodletting+1","Clothesline"],"picked":"Dark Embrace","floor":31}],"player_experience":507331,"relics_obtained":[{"floor":9,"key":"Toy Ornithopter"},{"floor":10,"key":"Akabeko"},{"floor":24,"key":"Mummified Hand"},{"floor":26,"key":"Red Skull"},{"floor":31,"key":"Happy Flower"}],"event_choices":[{"cards_removed":["Strike_R"],"damage_healed":0,"gold_gain":0,"player_choice":"Card Removal","damage_taken":0,"max_hp_gain":0,"max_hp_loss":0,"event_name":"The Cleric","floor":2,"gold_loss":50},{"damage_healed":0,"gold_gain":0,"player_choice":"Fled","damage_taken":0,"max_hp_gain":0,"max_hp_loss":0,"event_name":"Scrap Ooze","floor":3,"gold_loss":0},{"damage_healed":0,"gold_gain":0,"player_choice":"Donut","damage_taken":0,"max_hp_gain":5,"max_hp_loss":0,"event_name":"Big Fish","floor":4,"gold_loss":0},{"damage_healed":0,"gold_gain":0,"player_choice":"Left Gold","damage_taken":0,"max_hp_gain":0,"max_hp_loss":0,"event_name":"World of Goop","floor":11,"gold_loss":28},{"damage_healed":0,"gold_gain":0,"player_choice":"Grow","damage_taken":0,"max_hp_gain":0,"max_hp_loss":0,"event_name":"Living Wall","floor":12,"gold_loss":0,"cards_upgraded":["Spot Weakness"]},{"damage_healed":0,"gold_gain":0,"player_choice":"Ignored","damage_taken":0,"max_hp_gain":0,"max_hp_loss":0,"event_name":"Vampires","floor":25,"gold_loss":0},{"damage_healed":0,"gold_gain":0,"player_choice":"Obtained Relic","damage_taken":0,"relics_obtained":["Blood Vial"],"max_hp_gain":0,"max_hp_loss":0,"event_name":"Addict","floor":29,"gold_loss":85}],"is_beta":false,"boss_relics":[{"not_picked":["Philosopher\u0027s Stone","Black Star"],"picked":"SlaversCollar"}],"items_purged_floors":[20],"is_endless":false,"potions_floor_spawned":[7,14,16,18,24,31],"killed_by":"Automaton","ascension_level":9}}