{"host":"6ve8qn5s1am4lo6s","time":1614084623,"event":{"mods":["AchievementEnabler","Act Like it!","BaseMod","Better Altar","Better Match","Better Note","Better Vampires","BetterRewards","CapriCore","Displayed Cursed Tome","Evolution","Minty Spire (QoL Compilation)","Permanent Neow","Relic Stats","StSLib","The Animator"],"gold_per_floor":[113,113,129,129,147,147,179,179,202,127,140,159,2,21,21,116,116,135,135,145,156,171,205,205,225,249,249,249,276,294,306,306,402,402,412,412,424,424,435,467,467,487,541,541,571,571,617,642,642,642,642,642,69,101,101,101],"floor_reached":55,"language":"ENG","playtime":5506,"items_purged":["Defend_R","Parasite"],"score":1021,"play_id":"909837bb-f276-404c-b742-4093897ab304","local_time":"20210223075023","is_ascension_mode":false,"campfire_choices":[{"floor":6.0,"key":"DIG"},{"data":"Apotheosis","floor":15.0,"key":"SMITH"},{"floor":24,"key":"RECALL"},{"floor":28,"key":"DIG"},{"floor":32,"key":"DIG"},{"floor":41,"key":"DIG"},{"floor":49,"key":"DIG"},{"floor":52,"key":"DIG"}],"circlet_count":0,"master_deck":["Defend_R","Defend_R+1","Defend_R","Bash","Apotheosis+1","Rage","Seeing Red","Shrug It Off","Flame Barrier","Flex","Feed","Reaper","Flame Barrier","Thunderclap","Flame Barrier+1","Flame Barrier+1","Bite","Bite","Bite","Brutality","Battle Trance+1","Juggernaut","Whirlwind+1","Iron Wave+1","Good Instincts+1","Iron Wave","Dropkick+1","Limit Break+1","Fire Breathing"],"relics":["Burning Blood","EVO:Axolotl","Shovel","Boot","Centennial Puzzle","Dream Catcher","Tiny Chest","Black Star","Happy Flower","Mercury Hourglass","Sundial","Smiling Mask","Toxic Egg 2","Juzu Bracelet","Coffee Dripper","Potion Belt","InkBottle","White Beast Statue","War Paint","Oddly Smooth Stone","Bag of Preparation","Anchor","Du-Vu Doll","Strawberry","Art of War","Shuriken","Ginger","Bronze Scales","Vajra"],"acts_visited":["Exordium","TheCity","TheBeyond","TheEnding"],"potions_floor_usage":[23,46,47,55,55,55,55],"damage_taken":[{"damage":3.0,"enemies":"Jaw Worm","floor":1.0,"turns":4.0},{"damage":6.0,"enemies":"Cultist","floor":3.0,"turns":5.0},{"damage":10.0,"enemies":"Small Slimes","floor":5.0,"turns":4.0},{"damage":28.0,"enemies":"Gremlin Nob","floor":7.0,"turns":5.0},{"damage":4.0,"enemies":"Looter","floor":11.0,"turns":4.0},{"damage":0.0,"enemies":"Blue Slaver","floor":12.0,"turns":5.0},{"damage":1.0,"enemies":"2 Fungi Beasts","floor":14.0,"turns":4.0},{"damage":6.0,"enemies":"Slime Boss","floor":16.0,"turns":7.0},{"damage":14.0,"enemies":"Shell Parasite","floor":18.0,"turns":7.0},{"damage":0.0,"enemies":"3 Byrds","floor":20.0,"turns":5.0},{"damage":1.0,"enemies":"Snake Plant","floor":21.0,"turns":4.0},{"damage":28,"enemies":"Shelled Parasite and Fungi","floor":22,"turns":10},{"damage":16,"enemies":"Book of Stabbing","floor":23,"turns":5},{"damage":32,"enemies":"3 Cultists","floor":25,"turns":6},{"damage":18,"enemies":"Gremlin Leader","floor":29,"turns":6},{"damage":12,"enemies":"Chosen and Byrds","floor":30,"turns":5},{"damage":5,"enemies":"Centurion and Healer","floor":31,"turns":5},{"damage":111,"enemies":"Collector","floor":33,"turns":13},{"damage":4,"enemies":"3 Shapes","floor":35,"turns":5},{"damage":2,"enemies":"Orb Walker","floor":37,"turns":3},{"damage":13,"enemies":"4 Shapes","floor":39,"turns":3},{"damage":32,"enemies":"Reptomancer","floor":40,"turns":7},{"damage":35,"enemies":"Writhing Mass","floor":42,"turns":6},{"damage":58,"enemies":"Giant Head","floor":45,"turns":12},{"damage":2,"enemies":"Spire Growth","floor":46,"turns":3},{"damage":20,"enemies":"2 Orb Walkers","floor":47,"turns":4},{"damage":19,"enemies":"Time Eater","floor":50,"turns":10},{"damage":58,"enemies":"Shield and Spear","floor":54,"turns":7},{"damage":79,"enemies":"The Heart","floor":55,"turns":3}],"seed_played":"9062249510849563814","potions_obtained":[{"floor":1.0,"key":"SkillPotion"},{"floor":7.0,"key":"ColorlessPotion"},{"floor":14.0,"key":"FearPotion"},{"floor":16.0,"key":"SmokeBomb"},{"floor":20.0,"key":"Ancient Potion"},{"floor":22,"key":"SmokeBomb"},{"floor":23,"key":"SmokeBomb"},{"floor":30,"key":"ColorlessPotion"},{"floor":37,"key":"SpeedPotion"},{"floor":42,"key":"SpeedPotion"},{"floor":45,"key":"Dexterity Potion"},{"floor":47,"key":"SteroidPotion"},{"floor":54,"key":"PowerPotion"}],"is_trial":false,"path_per_floor":["M","?","M","?","M","R","E","?","T","$","M","M","$","M","R","B",null,"M","?","M","M","M","E","R","M","T","?","R","E","M","M","R","B",null,"M","T","M","?","M","E","R","M","T","?","E","M","?","T","R","B",null,"R","$","E","B"],"character_chosen":"IRONCLAD","items_purchased":["Apotheosis","Feed","Ginger","Limit Break+1","Explosive Potion"],"campfire_rested":0,"item_purchase_floors":[0,13,53,53,53],"current_hp_per_floor":[66,66,66,66,62,62,40,7,7,7,9,15,15,24,24,24,84,80,80,88,92,74,68,68,64,64,64,64,70,84,97,97,45,97,101,101,101,101,96,83,83,77,77,77,52,71,61,68,68,73,112,112,109,70,0,0],"gold":101,"neow_bonus":"","is_daily":false,"chose_seed":false,"campfire_upgraded":1,"win_rate":0.0,"timestamp":1614084623,"path_taken":["M","?","?","?","M","R","E","?","T","?","M","M","$","M","R","BOSS","M","?","M","M","M","E","R","M","T","?","R","E","M","M","R","BOSS","M","?","M","?","M","E","R","M","T","?","E","M","?","?","R","BOSS","R","$","E","BOSS"],"items_purchased_type":["Card","Card","Relic","Card","Potion"],"build_version":"2020-12-22","purchased_purges":2,"victory":false,"max_hp_per_floor":[80,80,80,80,80,80,80,80,80,80,80,80,80,84,84,84,84,88,88,88,92,96,100,100,104,104,85,85,89,93,97,97,97,97,101,101,101,101,101,101,101,105,105,105,105,105,105,112,112,112,112,112,109,109,109,109],"relic_stats":{"Happy Flower":[32],"counters":[29,167],"Juzu Bracelet":0,"Bag of Preparation":[10],"Ginger":[2],"War Paint":["Defend_R","Flame Barrier"],"Boot":[55],"Smiling Mask":50,"Burning Blood":141,"Mercury Hourglass":[443],"Centennial Puzzle":[69],"Dream Catcher":0,"Shovel":6,"Sundial":[14],"Shuriken":[3],"Bronze Scales":[36],"Tiny Chest":2,"Black Star":5,"Art of War":[3],"obtain_stats":[{"Gremlin Horn":0,"Nilry\u0027s Codex":0,"Vajra":54,"Juzu Bracelet":32,"Bag of Preparation":45,"EVO:Axolotl":0,"Ginger":53,"Bottled Tornado":0,"Boot":6,"Smiling Mask":29,"Burning Blood":0,"Blood Vial":0,"Centennial Puzzle":0,"Nunchaku":0,"Dream Catcher":0,"Shovel":0,"Sundial":28,"Strawberry":48,"Tiny Chest":9,"Kunai":0,"Toxic Egg 2":29,"Red Skull":0,"InkBottle":40,"Potion Belt":0,"Happy Flower":23,"Golden Idol":0,"Blue Candle":0,"Oddly Smooth Stone":43,"War Paint":41,"White Beast Statue":0,"Akabeko":0,"Mercury Hourglass":23,"Du-Vu Doll":47,"Runic Dome":0,"Anchor":0,"Shuriken":52,"Bronze Scales":54,"Molten Egg 2":0,"Black Star":17,"Coffee Dripper":34,"Art of War":49,"Champion Belt":0},{"Gremlin Horn":0,"Nilry\u0027s Codex":0,"Vajra":28,"Juzu Bracelet":17,"Bag of Preparation":24,"EVO:Axolotl":0,"Ginger":27,"Bottled Tornado":0,"Boot":3,"Smiling Mask":15,"Burning Blood":0,"Blood Vial":0,"Centennial Puzzle":0,"Nunchaku":0,"Dream Catcher":0,"Shovel":0,"Sundial":14,"Strawberry":26,"Tiny Chest":4,"Kunai":0,"Toxic Egg 2":15,"Red Skull":0,"InkBottle":22,"Potion Belt":0,"Happy Flower":13,"Golden Idol":0,"Blue Candle":0,"Oddly Smooth Stone":23,"War Paint":22,"White Beast Statue":0,"Akabeko":0,"Mercury Hourglass":13,"Du-Vu Doll":26,"Runic Dome":0,"Anchor":0,"Shuriken":27,"Bronze Scales":28,"Molten Egg 2":0,"Black Star":8,"Coffee Dripper":18,"Art of War":26,"Champion Belt":0},{"Gremlin Horn":0,"Nilry\u0027s Codex":0,"Vajra":164,"Juzu Bracelet":91,"Bag of Preparation":140,"EVO:Axolotl":0,"Ginger":157,"Bottled Tornado":0,"Boot":13,"Smiling Mask":81,"Burning Blood":0,"Blood Vial":0,"Centennial Puzzle":0,"Nunchaku":0,"Dream Catcher":0,"Shovel":0,"Sundial":75,"Strawberry":147,"Tiny Chest":18,"Kunai":0,"Toxic Egg 2":81,"Red Skull":0,"InkBottle":122,"Potion Belt":0,"Happy Flower":69,"Golden Idol":0,"Blue Candle":0,"Oddly Smooth Stone":128,"War Paint":122,"White Beast Statue":0,"Akabeko":0,"Mercury Hourglass":69,"Du-Vu Doll":147,"Runic Dome":0,"Anchor":0,"Shuriken":157,"Bronze Scales":164,"Molten Egg 2":0,"Black Star":38,"Coffee Dripper":104,"Art of War":147,"Champion Belt":0}],"InkBottle":[32]},"card_choices":[{"not_picked":["True Grit","Warcry"],"picked":"Rage","floor":1.0},{"not_picked":["True Grit","Combust","Burning Pact"],"picked":"SKIP","floor":3.0},{"not_picked":["Bloodletting","Clash"],"picked":"Seeing Red","floor":5.0},{"not_picked":["Heavy Blade","Pommel Strike"],"picked":"Shrug It Off","floor":7.0},{"not_picked":["Power Through","Iron Wave"],"picked":"Flame Barrier","floor":11.0},{"not_picked":["Whirlwind","Twin Strike"],"picked":"Flex","floor":12.0},{"not_picked":["Bludgeon","Burning Pact","Rampage"],"picked":"SKIP","floor":14.0},{"not_picked":["Brutality","Exhume"],"picked":"Reaper","floor":16.0},{"not_picked":["Twin Strike+1","Iron Wave"],"picked":"Infernal Blade+1","floor":18.0},{"not_picked":["Wild Strike","Flex"],"picked":"Flame Barrier","floor":20.0},{"not_picked":["Iron Wave","Clothesline"],"picked":"Thunderclap","floor":21},{"not_picked":["Searing Blow","Clash"],"picked":"Flame Barrier+1","floor":22},{"not_picked":["Searing Blow","Shrug It Off"],"picked":"Flame Barrier","floor":23},{"not_picked":["Uppercut+1","Headbutt","Immolate"],"picked":"SKIP","floor":25},{"not_picked":["Shockwave+1","Clothesline"],"picked":"Brutality","floor":29},{"not_picked":["Burning Pact+1","Shockwave+1"],"picked":"Battle Trance+1","floor":30},{"not_picked":["Battle Trance+1","Carnage","Blood for Blood"],"picked":"SKIP","floor":31},{"not_picked":["Fiend Fire","Impervious+1"],"picked":"Juggernaut","floor":33},{"not_picked":["Shockwave+1","Warcry+1"],"picked":"Whirlwind+1","floor":35},{"not_picked":["Havoc+1","Dark Embrace+1","Sever Soul+1"],"picked":"SKIP","floor":37},{"not_picked":["Sword Boomerang+1","Armaments+1"],"picked":"Iron Wave+1","floor":39},{"not_picked":["Entrench+1","Clash","Body Slam+1"],"picked":"SKIP","floor":40},{"not_picked":["Dark Embrace+1","Power Through+1","Battle Trance+1"],"picked":"SKIP","floor":42},{"not_picked":["Impatience+1","Thinking Ahead+1"],"picked":"Good Instincts+1","floor":44},{"not_picked":["Perfected Strike","Sentinel+1"],"picked":"Iron Wave","floor":45},{"not_picked":["Pommel Strike","Power Through+1"],"picked":"Dropkick+1","floor":47},{"not_picked":["Anger+1","Infernal Blade+1"],"picked":"Fire Breathing","floor":54}],"player_experience":446874,"relics_obtained":[{"floor":6.0,"key":"Boot"},{"floor":7.0,"key":"Centennial Puzzle"},{"floor":9.0,"key":"Tiny Chest"},{"floor":23,"key":"Happy Flower"},{"floor":23,"key":"Mercury Hourglass"},{"floor":28,"key":"Sundial"},{"floor":29,"key":"Smiling Mask"},{"floor":29,"key":"Toxic Egg 2"},{"floor":32,"key":"Juzu Bracelet"},{"floor":36,"key":"Potion Belt"},{"floor":40,"key":"InkBottle"},{"floor":40,"key":"White Beast Statue"},{"floor":41,"key":"War Paint"},{"floor":43,"key":"Oddly Smooth Stone"},{"floor":45,"key":"Bag of Preparation"},{"floor":45,"key":"Anchor"},{"floor":47,"key":"Du-Vu Doll"},{"floor":48,"key":"Strawberry"},{"floor":49,"key":"Art of War"},{"floor":52,"key":"Shuriken"},{"floor":54,"key":"Bronze Scales"},{"floor":54,"key":"Vajra"}],"event_choices":[{"cards_removed":["Strike_R"],"damage_healed":0.0,"max_hp_gain":0.0,"max_hp_loss":0.0,"gold_gain":0.0,"event_name":"Bonfire Elementals","player_choice":"Offered Basic","floor":2.0,"gold_loss":0.0,"damage_taken":0.0},{"cards_removed":["Strike_R"],"damage_healed":0.0,"max_hp_gain":0.0,"max_hp_loss":0.0,"gold_gain":0.0,"event_name":"Living Wall","player_choice":"Forget","floor":4.0,"gold_loss":0.0,"damage_taken":0.0},{"damage_healed":0.0,"max_hp_gain":0.0,"max_hp_loss":0.0,"gold_gain":0.0,"event_name":"Scrap Ooze","player_choice":"Success","floor":8.0,"gold_loss":0.0,"damage_taken":33.0,"relics_obtained":["Dream Catcher"]},{"cards_removed":["Strike_R"],"damage_healed":0.0,"max_hp_gain":0.0,"max_hp_loss":0.0,"gold_gain":0.0,"event_name":"betterNote:BetterNote","player_choice":"Give","floor":19.0,"gold_loss":0.0,"damage_taken":0.0,"cards_obtained":["Strike_B"]},{"damage_healed":0,"gold_gain":0,"player_choice":"Became a vampire","damage_taken":0,"max_hp_gain":0,"max_hp_loss":19,"event_name":"Vampires","floor":27,"gold_loss":0,"cards_obtained":["Bite","Bite","Bite"]},{"cards_removed":["Infernal Blade"],"damage_healed":0,"gold_gain":0,"player_choice":"Removed Skill","damage_taken":0,"max_hp_gain":0,"max_hp_loss":0,"event_name":"Falling","floor":38,"gold_loss":0},{"damage_healed":0,"gold_gain":0,"player_choice":"Memory 1","damage_taken":0,"max_hp_gain":0,"max_hp_loss":0,"event_name":"SensoryStone","floor":44,"gold_loss":0},{"damage_healed":0,"gold_gain":0,"player_choice":"Fight","damage_taken":0,"max_hp_gain":0,"max_hp_loss":0,"event_name":"Mysterious Sphere","floor":47,"gold_loss":0}],"is_beta":false,"boss_relics":[{"not_picked":["Calling Bell","Ectoplasm"],"picked":"Black Star"},{"not_picked":["Snecko Eye","Empty Cage"],"picked":"Coffee Dripper"}],"items_purged_floors":[10,53],"is_endless":false,"potions_floor_spawned":[1,7,14,16,20,22,23,30,35,37,42,45,46,47,54],"killed_by":"The Heart","ascension_level":0}}