{"host":"g907ck67u7c3hrs6","time":1614093275,"event":{"mods":["BaseMod","Colored Map","DeckTracker","Force Act Four","Highlight Path","Keyboard Shortcuts","Minty Spire (QoL Compilation)","Permanent Neow","Say the Spire","SuperFastMode"],"gold_per_floor":[109,121,132,144,164,164,194,219,246,272,307,340,365,391,391,469,469,481,481,495,420,105,136,170,196,220,246,256,281,281,311,311,387,387,402,451,371,389,423,453,478,505,529,563,593,918,953,953,953,953,953,953,953,689,724,724],"floor_reached":57,"language":"KOR","playtime":1319,"items_purged":["Dagger Throw","Expertise"],"score":4895,"play_id":"c67600e5-ee39-409c-ad08-cb2ffceb1e97","local_time":"20210224001435","daily_mods":["SealedDeck","Heirloom","Time Dilation","Flight","DeadlyEvents","Elite Swarm"],"is_ascension_mode":true,"campfire_choices":[{"data":"Tactician","floor":6,"key":"SMITH"},{"data":"Calculated Gamble","floor":15,"key":"SMITH"},{"data":"Acrobatics","floor":30,"key":"SMITH"},{"data":"Acrobatics","floor":32,"key":"SMITH"},{"floor":49,"key":"RECALL"},{"data":"Expertise","floor":53,"key":"SMITH"}],"circlet_count":0,"master_deck":["AscendersBane","Escape Plan","Escape Plan","Calculated Gamble+1","Acrobatics+1","Underhanded Strike+1","Backflip","Expertise+1","Eviscerate+1","Tactician+1","Acrobatics+1","Adrenaline","After Image","Adrenaline","Expertise+1","Escape Plan+1","Adrenaline+1","After Image","After Image"],"relics":["Ring of the Snake","Tingsha","StrikeDummy","Darkstone Periapt","Potion Belt","Strawberry","Blood Vial","Boot","Happy Flower","The Courier","Runic Dome","Bag of Marbles","PreservedInsect","Gambling Chip","HornCleat","Toxic Egg 2","Centennial Puzzle","CaptainsWheel","Regal Pillow","Nunchaku","Black Star","Peace Pipe","MealTicket","Bottled Flame","Pen Nib","Bronze Scales","InkBottle","Art of War","Molten Egg 2","Blue Candle","Ice Cream","Lantern","Mercury Hourglass","Snake Skull","Lizard Tail","Old Coin","Question Card","Whetstone","Calipers","Vajra","Ginger"],"acts_visited":["Exordium","TheCity","TheBeyond","TheEnding"],"potions_floor_usage":[56],"damage_taken":[{"damage":0,"enemies":"Small Slimes","floor":1,"turns":1},{"damage":0,"enemies":"2 Louse","floor":2,"turns":1},{"damage":0,"enemies":"Jaw Worm","floor":3,"turns":1},{"damage":0,"enemies":"Large Slime","floor":4,"turns":1},{"damage":0,"enemies":"Blue Slaver","floor":5,"turns":1},{"damage":0,"enemies":"Lagavulin","floor":7,"turns":1},{"damage":0,"enemies":"3 Sentries","floor":8,"turns":1},{"damage":0,"enemies":"Gremlin Nob","floor":10,"turns":1},{"damage":0,"enemies":"Lagavulin","floor":11,"turns":1},{"damage":0,"enemies":"3 Sentries","floor":12,"turns":1},{"damage":0,"enemies":"Gremlin Nob","floor":13,"turns":1},{"damage":0,"enemies":"3 Sentries","floor":14,"turns":1},{"damage":0,"enemies":"The Guardian","floor":16,"turns":1},{"damage":0,"enemies":"Chosen","floor":18,"turns":1},{"damage":0,"enemies":"Spheric Guardian","floor":20,"turns":1},{"damage":0,"enemies":"Slavers","floor":23,"turns":1},{"damage":0,"enemies":"Book of Stabbing","floor":24,"turns":1},{"damage":0,"enemies":"Slavers","floor":25,"turns":1},{"damage":0,"enemies":"Gremlin Leader","floor":27,"turns":1},{"damage":0,"enemies":"Shelled Parasite and Fungi","floor":28,"turns":1},{"damage":0,"enemies":"Book of Stabbing","floor":29,"turns":1},{"damage":0,"enemies":"Slavers","floor":31,"turns":1},{"damage":0,"enemies":"Collector","floor":33,"turns":1},{"damage":0,"enemies":"3 Shapes","floor":35,"turns":1},{"damage":0,"enemies":"2 Orb Walkers","floor":36,"turns":1},{"damage":0,"enemies":"Orb Walker","floor":38,"turns":1},{"damage":0,"enemies":"Nemesis","floor":39,"turns":1},{"damage":0,"enemies":"Reptomancer","floor":40,"turns":1},{"damage":0,"enemies":"Nemesis","floor":41,"turns":1},{"damage":0,"enemies":"Reptomancer","floor":42,"turns":1},{"damage":0,"enemies":"Giant Head","floor":44,"turns":1},{"damage":0,"enemies":"Reptomancer","floor":45,"turns":1},{"damage":0,"enemies":"Giant Head","floor":46,"turns":1},{"damage":0,"enemies":"Reptomancer","floor":47,"turns":1},{"damage":0,"enemies":"Donu and Deca","floor":50,"turns":1},{"damage":0,"enemies":"Awakened One","floor":51,"turns":2},{"damage":0,"enemies":"Shield and Spear","floor":55,"turns":1},{"damage":21,"enemies":"The Heart","floor":56,"turns":5}],"seed_played":"-8984088516814206096","potions_obtained":[{"floor":1,"key":"EssenceOfSteel"},{"floor":5,"key":"SkillPotion"},{"floor":10,"key":"AttackPotion"},{"floor":11,"key":"Poison Potion"}],"is_trial":true,"path_per_floor":["M","M","M","M","M","R","E","E","T","E","E","E","E","E","R","B",null,"M","?","M","?","$","E","E","E","T","E","M","E","R","E","R","B",null,"M","?","$","M","E","E","E","E","T","E","E","E","E","?","R","B","B",null,"R","$","E","B",null],"character_chosen":"THE_SILENT","items_purchased":["Bag of Marbles","PreservedInsect","Calipers"],"campfire_rested":0,"item_purchase_floors":[22,22,54],"current_hp_per_floor":[59,59,59,59,59,59,59,59,59,66,66,68,70,72,72,73,73,73,52,54,54,54,56,58,60,60,62,64,66,66,68,68,70,76,78,78,78,78,78,78,78,78,78,78,78,78,78,74,74,74,74,74,74,74,74,53],"gold":724,"neow_bonus":"","is_daily":false,"chose_seed":false,"campfire_upgraded":5,"win_rate":0.0,"timestamp":1614093275,"path_taken":["M","M","M","M","M","R","E","E","T","E","E","E","E","E","R","BOSS","M","?","M","?","?","E","E","E","T","E","?","E","R","?","R","BOSS","M","?","$","?","?","E","E","E","T","E","E","E","E","?","R","BOSS","BOSS","R","$","E","BOSS"],"items_purchased_type":["Relic","Relic","Relic"],"build_version":"2020-12-22","purchased_purges":2,"victory":true,"max_hp_per_floor":[66,66,66,66,66,66,66,66,66,73,73,73,73,73,73,73,73,73,78,78,78,78,78,78,78,78,78,78,78,78,78,78,78,78,78,78,78,78,78,78,78,78,78,78,78,78,78,74,74,74,74,74,74,74,74,74],"card_choices":[{"not_picked":["Sucker Punch","Distraction","Riddle With Holes"],"picked":"SKIP","floor":1},{"not_picked":["Backstab","Heel Hook","Expertise"],"picked":"SKIP","floor":2},{"not_picked":["Blade Dance","Eviscerate","Prepared"],"picked":"SKIP","floor":3},{"not_picked":["Blade Dance","Prepared"],"picked":"Eviscerate","floor":3},{"not_picked":["Heel Hook","Eviscerate"],"picked":"Tactician","floor":4},{"not_picked":["Calculated Gamble","Underhanded Strike"],"picked":"Acrobatics","floor":5},{"not_picked":["Glass Knife","Die Die Die","Bullet Time"],"picked":"SKIP","floor":7},{"not_picked":["Burst","A Thousand Cuts","Phantasmal Killer"],"picked":"SKIP","floor":8},{"not_picked":["After Image","Night Terror"],"picked":"Adrenaline","floor":10},{"not_picked":["Glass Knife","Unload","Envenom"],"picked":"SKIP","floor":11},{"not_picked":["Phantasmal Killer","Tools of the Trade"],"picked":"After Image","floor":12},{"not_picked":["Grand Finale","Corpse Explosion","Night Terror"],"picked":"SKIP","floor":13},{"not_picked":["Tools of the Trade","Night Terror"],"picked":"Adrenaline","floor":14},{"not_picked":["Infinite Blades","Underhanded Strike"],"picked":"Expertise+1","floor":18},{"not_picked":["Quick Slash","Caltrops","Flying Knee"],"picked":"SKIP","floor":20},{"not_picked":["A Thousand Cuts","Tools of the Trade","Doppelganger"],"picked":"SKIP","floor":23},{"not_picked":["Unload","Doppelganger","Grand Finale"],"picked":"SKIP","floor":24},{"not_picked":["Wraith Form v2","Tools of the Trade","Envenom"],"picked":"SKIP","floor":25},{"not_picked":["Wraith Form v2","Envenom","Grand Finale"],"picked":"SKIP","floor":27},{"not_picked":["Backflip+1","Underhanded Strike","Flying Knee"],"picked":"SKIP","floor":28},{"not_picked":["Bullet Time+1","Malaise+1","Wraith Form v2"],"picked":"SKIP","floor":29},{"not_picked":["Storm of Steel+1","Die Die Die","Glass Knife"],"picked":"SKIP","floor":31},{"not_picked":["Dagger Spray","PiercingWail+1","Crippling Poison+1"],"picked":"SKIP","floor":35},{"not_picked":["Deadly Poison+1","Slice"],"picked":"Escape Plan+1","floor":36},{"not_picked":["Poisoned Stab+1","PiercingWail+1","Well Laid Plans"],"picked":"SKIP","floor":38},{"not_picked":["Bullet Time+1","Phantasmal Killer+1","Night Terror+1"],"picked":"SKIP","floor":39},{"not_picked":["Bullet Time+1","Tools of the Trade","Glass Knife"],"picked":"SKIP","floor":40},{"not_picked":["Venomology+1","Die Die Die"],"picked":"Adrenaline+1","floor":41},{"not_picked":["Burst+1","Corpse Explosion+1","Doppelganger+1"],"picked":"SKIP","floor":42},{"not_picked":["Unload+1","Storm of Steel+1","Corpse Explosion+1"],"picked":"SKIP","floor":44},{"not_picked":["A Thousand Cuts","Night Terror+1"],"picked":"After Image","floor":45},{"not_picked":["Unload+1","Night Terror+1","Phantasmal Killer+1"],"picked":"SKIP","floor":46},{"not_picked":["Tools of the Trade","Malaise+1","Glass Knife+1"],"picked":"SKIP","floor":47},{"not_picked":["Malaise+1","Burst+1","Adrenaline+1"],"picked":"After Image","floor":55}],"player_experience":353984,"relics_obtained":[{"floor":7,"key":"StrikeDummy"},{"floor":8,"key":"Darkstone Periapt"},{"floor":9,"key":"Potion Belt"},{"floor":10,"key":"Strawberry"},{"floor":11,"key":"Blood Vial"},{"floor":12,"key":"Boot"},{"floor":13,"key":"Happy Flower"},{"floor":14,"key":"The Courier"},{"floor":23,"key":"Gambling Chip"},{"floor":24,"key":"HornCleat"},{"floor":25,"key":"Toxic Egg 2"},{"floor":26,"key":"Centennial Puzzle"},{"floor":27,"key":"CaptainsWheel"},{"floor":29,"key":"Regal Pillow"},{"floor":31,"key":"Nunchaku"},{"floor":36,"key":"Peace Pipe"},{"floor":39,"key":"MealTicket"},{"floor":39,"key":"Bottled Flame"},{"floor":40,"key":"Pen Nib"},{"floor":40,"key":"Bronze Scales"},{"floor":41,"key":"InkBottle"},{"floor":41,"key":"Art of War"},{"floor":42,"key":"Molten Egg 2"},{"floor":42,"key":"Blue Candle"},{"floor":44,"key":"Ice Cream"},{"floor":44,"key":"Lantern"},{"floor":45,"key":"Mercury Hourglass"},{"floor":45,"key":"Snake Skull"},{"floor":46,"key":"Lizard Tail"},{"floor":46,"key":"Old Coin"},{"floor":47,"key":"Question Card"},{"floor":47,"key":"Whetstone"},{"floor":55,"key":"Vajra"},{"floor":55,"key":"Ginger"}],"event_choices":[{"damage_healed":0,"gold_gain":0,"player_choice":"Shed Blood","damage_taken":26,"max_hp_gain":5,"max_hp_loss":0,"event_name":"Forgotten Altar","floor":19,"gold_loss":0},{"cards_removed":["PiercingWail"],"damage_healed":0,"gold_gain":0,"player_choice":"Gave Gold","damage_taken":0,"max_hp_gain":0,"max_hp_loss":0,"event_name":"Beggar","floor":21,"gold_loss":75},{"damage_healed":0,"gold_gain":0,"player_choice":"Fight","damage_taken":0,"max_hp_gain":0,"max_hp_loss":0,"event_name":"Mysterious Sphere","floor":36,"gold_loss":0},{"damage_healed":0,"gold_gain":0,"player_choice":"Max HP","damage_taken":0,"max_hp_gain":0,"max_hp_loss":4,"event_name":"Winding Halls","floor":48,"gold_loss":0}],"is_beta":false,"boss_relics":[{"not_picked":["WristBlade","Calling Bell"],"picked":"Runic Dome"},{"not_picked":["HoveringKite","Empty Cage"],"picked":"Black Star"}],"items_purged_floors":[22,37],"is_endless":false,"potions_floor_spawned":[1,5,7,10,11,14,20,23,25,29,33,36,38,39,42,45],"ascension_level":20}}