{"host":"8u7tvcybuv0u72fd","time":1614062673,"event":{"mods":["BaseMod","BetterRewards","Colored Map","Colored Powertips","Minty Spire (QoL Compilation)","Quick Restart","Shop Mod"],"gold_per_floor":[110,110,110,110,110,134,167,167,167,187,220,220,263,283,283,411,411,427,427,427,353,371,371,418,418,418,418,418,211,225,246,246,379,442,460,460,29,54,68,68,102,102,127,127,147,187,205,219,219,219,219,219,12,43,43],"floor_reached":56,"language":"ENG","playtime":3130,"items_purged":["Strike_R"],"score":1643,"play_id":"654e9094-df03-445a-a4de-3941dec33bfb","local_time":"20210223014433","is_ascension_mode":false,"campfire_choices":[{"data":"Uppercut","floor":8.0,"key":"SMITH"},{"data":"Bash","floor":15.0,"key":"SMITH"},{"data":"Feed","floor":23.0,"key":"SMITH"},{"data":"Exhume","floor":25.0,"key":"SMITH"},{"data":"Clash","floor":28.0,"key":"SMITH"},{"data":"Bite","floor":32.0,"key":"SMITH"},{"data":"Barricade","floor":40.0,"key":"SMITH"},{"data":"Disarm","floor":42.0,"key":"SMITH"},{"data":"Bite","floor":44.0,"key":"SMITH"},{"floor":49.0,"key":"RECALL"},{"data":"Double Tap","floor":52.0,"key":"SMITH"}],"circlet_count":0,"master_deck":["Defend_R","Defend_R","Defend_R+1","Defend_R","Bash+1","Seeing Red+1","Shrug It Off+1","Body Slam+1","Uppercut+1","Battle Trance","Clash+1","Bite","Bite","Bite","Bite+1","Bite+1","Exhume+1","Twin Strike+1","Barricade+1","Disarm+1","Iron Wave+1","Double Tap+1","Power Through+1"],"relics":["Burning Blood","Charon\u0027s Ashes","Medical Kit","Vajra","CaptainsWheel","Lantern","Kunai","Red Skull","Sundial","Akabeko","FossilizedHelix","Mark of Pain","MutagenicStrength","Art of War","Shuriken","MerchantsRug","Nunchaku","TungstenRod","Happy Flower","Lizard Tail","Gremlin Horn"],"acts_visited":["Exordium","TheCity","TheBeyond","TheEnding"],"potions_floor_usage":[54,55,55],"damage_taken":[{"damage":1.0,"enemies":"Jaw Worm","floor":1.0,"turns":3.0},{"damage":0.0,"enemies":"Small Slimes","floor":6.0,"turns":2.0},{"damage":7.0,"enemies":"Gremlin Nob","floor":7.0,"turns":3.0},{"damage":0.0,"enemies":"2 Louse","floor":10.0,"turns":2.0},{"damage":0.0,"enemies":"Lagavulin","floor":11.0,"turns":3.0},{"damage":0.0,"enemies":"3 Sentries","floor":13.0,"turns":6.0},{"damage":0.0,"enemies":"Exordium Thugs","floor":14.0,"turns":3.0},{"damage":10.0,"enemies":"The Guardian","floor":16.0,"turns":7.0},{"damage":0.0,"enemies":"2 Thieves","floor":18.0,"turns":3.0},{"damage":0.0,"enemies":"Shell Parasite","floor":22.0,"turns":2.0},{"damage":4.0,"enemies":"Book of Stabbing","floor":24.0,"turns":4.0},{"damage":0.0,"enemies":"3 Cultists","floor":30.0,"turns":6.0},{"damage":0.0,"enemies":"Centurion and Healer","floor":31.0,"turns":3.0},{"damage":36.0,"enemies":"Collector","floor":33.0,"turns":8.0},{"damage":2.0,"enemies":"Orb Walker","floor":35.0,"turns":3.0},{"damage":6.0,"enemies":"3 Shapes","floor":38.0,"turns":4.0},{"damage":0.0,"enemies":"Transient","floor":39.0,"turns":5.0},{"damage":0.0,"enemies":"Nemesis","floor":41.0,"turns":7.0},{"damage":0.0,"enemies":"Maw","floor":45.0,"turns":7.0},{"damage":0.0,"enemies":"Reptomancer","floor":46.0,"turns":7.0},{"damage":0.0,"enemies":"Writhing Mass","floor":47.0,"turns":6.0},{"damage":0.0,"enemies":"Transient","floor":48.0,"turns":5.0},{"damage":88.0,"enemies":"Donu and Deca","floor":50.0,"turns":9.0},{"damage":55,"enemies":"Shield and Spear","floor":54,"turns":7},{"damage":73,"enemies":"The Heart","floor":55,"turns":11}],"seed_played":"-3791397855524524077","potions_obtained":[{"floor":1.0,"key":"EssenceOfSteel"},{"floor":6.0,"key":"Energy Potion"},{"floor":10.0,"key":"FairyPotion"},{"floor":16.0,"key":"SmokeBomb"},{"floor":18.0,"key":"ColorlessPotion"},{"floor":34.0,"key":"HeartOfIron"}],"is_trial":false,"path_per_floor":["M","?","?","?","?","M","E","R","T","M","E","T","E","M","R","B",null,"M","?","?","$","M","R","E","R","T","$","R","$","M","M","R","B",null,"M","?","$","M","M","R","E","R","T","R","M","E","M","M","R","B",null,"R","$","E","B",null],"character_chosen":"IRONCLAD","items_purchased":["Fruit Juice","Medical Kit","Vajra","Seeing Red","Shrug It Off","Body Slam","War Paint","Lantern","Exhume","Art of War","ColorlessPotion","Shuriken","MerchantsRug","Nunchaku","Lizard Tail"],"campfire_rested":0,"item_purchase_floors":[0,0,0,0,0,0,0,0,21,29,29,37,37,37,53],"current_hp_per_floor":[42,70,58,58,58,64,63,63,63,69,75,75,79,79,79,75,79,82,57,57,57,60,60,64,64,64,64,64,64,68,76,76,64,85,89,99,99,99,99,99,99,99,99,99,99,99,99,99,99,41,99,99,99,72,30],"gold":43,"neow_bonus":"","is_daily":false,"chose_seed":false,"campfire_upgraded":10,"win_rate":0.0,"timestamp":1614062673,"path_taken":["M","?","?","?","?","M","E","R","T","M","E","?","E","M","R","BOSS","M","?","?","?","M","R","E","R","T","$","R","$","M","M","R","BOSS","M","?","$","M","M","R","E","R","T","R","M","E","M","?","R","BOSS","R","$","E","BOSS"],"items_purchased_type":["Potion","Relic","Relic","Card","Card","Card","Relic","Relic","Card","Relic","Potion","Relic","Relic","Relic","Relic"],"build_version":"2020-12-22","purchased_purges":1,"victory":true,"max_hp_per_floor":[85,85,85,85,79,79,79,79,79,79,79,79,79,79,79,79,79,82,57,57,57,60,60,64,64,64,64,64,64,68,76,76,80,85,89,99,99,99,99,99,99,99,99,99,99,99,99,99,99,99,99,99,99,99,99],"card_choices":[{"not_picked":["Armaments","Havoc","Metallicize"],"picked":"SKIP","floor":1.0},{"not_picked":["Searing Blow","Pommel Strike"],"picked":"Uppercut","floor":6.0},{"not_picked":["Anger","Perfected Strike","Clothesline"],"picked":"SKIP","floor":7.0},{"not_picked":["Havoc","True Grit","Perfected Strike"],"picked":"SKIP","floor":10.0},{"not_picked":["Wild Strike","Power Through","Shrug It Off"],"picked":"SKIP","floor":11.0},{"not_picked":["Brutality","Sword Boomerang","Perfected Strike"],"picked":"SKIP","floor":13.0},{"not_picked":["Flex","Heavy Blade"],"picked":"Battle Trance","floor":14.0},{"not_picked":["Fiend Fire","Corruption"],"picked":"Feed","floor":16.0},{"not_picked":["Anger","Cleave"],"picked":"Clash","floor":18.0},{"not_picked":["Wild Strike","Warcry+1","Fiend Fire"],"picked":"SKIP","floor":22.0},{"not_picked":["Sever Soul+1","Rupture"],"picked":"Twin Strike+1","floor":24.0},{"not_picked":["Sword Boomerang","Searing Blow","Armaments"],"picked":"SKIP","floor":30.0},{"not_picked":["Thunderclap+1","Twin Strike+1","Warcry"],"picked":"SKIP","floor":31.0},{"not_picked":["Limit Break","Fiend Fire"],"picked":"Barricade","floor":33.0},{"not_picked":["Rampage","Body Slam","Pommel Strike"],"picked":"SKIP","floor":35.0},{"not_picked":["Dark Embrace","Dual Wield+1","Havoc+1"],"picked":"SKIP","floor":38.0},{"not_picked":["Shrug It Off","Thunderclap+1"],"picked":"Disarm","floor":39.0},{"not_picked":["Iron Wave","Fire Breathing","Body Slam"],"picked":"SKIP","floor":41.0},{"not_picked":["Clothesline","Whirlwind+1"],"picked":"Iron Wave+1","floor":45.0},{"not_picked":["Shrug It Off","Feel No Pain+1"],"picked":"Double Tap","floor":46.0},{"not_picked":["Shrug It Off+1","Seeing Red+1","Dual Wield"],"picked":"SKIP","floor":47.0},{"not_picked":["Armaments+1","Flex+1","Havoc+1"],"picked":"SKIP","floor":48.0},{"not_picked":["Searing Blow+1","Twin Strike"],"picked":"Power Through+1","floor":54}],"player_experience":1547782,"relics_obtained":[{"floor":7.0,"key":"Red Skull"},{"floor":9.0,"key":"Sundial"},{"floor":11.0,"key":"Akabeko"},{"floor":13.0,"key":"FossilizedHelix"},{"floor":24.0,"key":"CeramicFish"},{"floor":26.0,"key":"Tiny Chest"},{"floor":41.0,"key":"TungstenRod"},{"floor":43.0,"key":"Happy Flower"},{"floor":46.0,"key":"Boot"},{"floor":54,"key":"Gremlin Horn"}],"event_choices":[{"damage_healed":28.0,"max_hp_gain":0.0,"max_hp_loss":0.0,"gold_gain":0.0,"event_name":"Big Fish","player_choice":"Banana","floor":2.0,"gold_loss":0.0,"damage_taken":0.0},{"damage_healed":0.0,"max_hp_gain":0.0,"max_hp_loss":0.0,"gold_gain":0.0,"event_name":"Scrap Ooze","player_choice":"Success","floor":3.0,"gold_loss":0.0,"damage_taken":12.0,"relics_obtained":["Kunai"]},{"damage_healed":0.0,"max_hp_gain":0.0,"max_hp_loss":0.0,"gold_gain":0.0,"event_name":"Living Wall","player_choice":"Grow","floor":4.0,"gold_loss":0.0,"damage_taken":0.0,"cards_upgraded":["Body Slam"]},{"damage_healed":0.0,"max_hp_gain":0.0,"max_hp_loss":6.0,"gold_gain":0.0,"event_name":"Golden Idol","player_choice":"Lose Max HP","floor":5.0,"gold_loss":0.0,"damage_taken":0.0,"relics_obtained":["Golden Idol"]},{"damage_healed":0.0,"max_hp_gain":0.0,"max_hp_loss":25.0,"gold_gain":0.0,"event_name":"Vampires","player_choice":"Became a vampire","floor":19.0,"gold_loss":0.0,"damage_taken":0.0,"cards_obtained":["Bite","Bite","Bite","Bite","Bite"]},{"damage_healed":0.0,"max_hp_gain":0.0,"max_hp_loss":0.0,"gold_gain":0.0,"event_name":"Drug Dealer","player_choice":"Inject Mutagens","floor":20.0,"gold_loss":0.0,"damage_taken":0.0,"relics_obtained":["MutagenicStrength"]},{"cards_removed":["Feed"],"damage_healed":0.0,"max_hp_gain":10.0,"max_hp_loss":0.0,"gold_gain":0.0,"event_name":"Bonfire Elementals","player_choice":"Offered Rare","floor":36.0,"gold_loss":0.0,"damage_taken":0.0}],"is_beta":false,"boss_relics":[{"not_picked":["Runic Dome","Runic Cube"],"picked":"Mark of Pain"},{"not_picked":["Runic Pyramid","Snecko Eye"],"picked":"Tiny House"}],"items_purged_floors":[0],"is_endless":false,"potions_floor_spawned":[1,6,10,16,18,46,48],"ascension_level":0}}