{"host":"bf5upntvbdompq33","time":1614101080,"event":{"mods":["BaseMod","Bestiary","Colored Map","Colored Powertips","Curses Come First","Highlight Path","Minty Spire (QoL Compilation)","StSLib","ojb\u0027s Info Mod"],"gold_per_floor":[113,127,147,147,165,165,177,212,212,212,232,232,267,9,9,83,83,101,112,312,332,351,379,379,398,398,398,398],"floor_reached":27,"language":"ENG","playtime":6806,"items_purged":[],"score":420,"play_id":"ae97c680-531d-4c3f-a991-d2aa2672796c","local_time":"20210223102440","is_ascension_mode":true,"campfire_choices":[{"data":"Bash","floor":6,"key":"SMITH"},{"data":"Cleave","floor":10,"key":"SMITH"},{"data":"Dark Embrace","floor":12,"key":"SMITH"},{"data":"Apotheosis","floor":15,"key":"SMITH"}],"circlet_count":0,"master_deck":["AscendersBane","Strike_R","Strike_R","Strike_R","Strike_R","Strike_R","Defend_R","Defend_R","Defend_R","Defend_R","Bash+1","Headbutt","Cleave+1","Dark Embrace+1","Clothesline","Feel No Pain","Thunderclap","Power Through","Dropkick","Apotheosis+1","Battle Trance","Feed","Ghostly Armor","Second Wind","Twin Strike","Entrench+1","Anger"],"relics":["Burning Blood","Pear","HornCleat","Peace Pipe","Magic Flower","Snecko Eye","Letter Opener","Unceasing Top"],"acts_visited":["Exordium","TheCity"],"potions_floor_usage":[7,8,21,22],"damage_taken":[{"damage":11,"enemies":"Jaw Worm","floor":1,"turns":5},{"damage":13,"enemies":"2 Louse","floor":2,"turns":3},{"damage":6,"enemies":"Cultist","floor":3,"turns":3},{"damage":0,"enemies":"Large Slime","floor":5,"turns":5},{"damage":3,"enemies":"Blue Slaver","floor":7,"turns":4},{"damage":5,"enemies":"Gremlin Nob","floor":8,"turns":3},{"damage":2,"enemies":"Gremlin Gang","floor":11,"turns":2},{"damage":26,"enemies":"3 Sentries","floor":13,"turns":13},{"damage":46,"enemies":"Hexaghost","floor":16,"turns":10},{"damage":11,"enemies":"2 Thieves","floor":18,"turns":3},{"damage":4,"enemies":"Spheric Guardian","floor":19,"turns":4},{"damage":9,"enemies":"3 Cultists","floor":21,"turns":6},{"damage":42,"enemies":"Shelled Parasite and Fungi","floor":22,"turns":8},{"damage":45,"enemies":"Gremlin Leader","floor":23,"turns":8},{"damage":65,"enemies":"Centurion and Healer","floor":25,"turns":8},{"damage":18,"enemies":"Slavers","floor":27,"turns":3}],"seed_played":"-2893328845094828450","potions_obtained":[{"floor":0,"key":"Dexterity Potion"},{"floor":0,"key":"ColorlessPotion"},{"floor":8,"key":"DistilledChaos"},{"floor":13,"key":"Regen Potion"},{"floor":21,"key":"SpeedPotion"},{"floor":25,"key":"HeartOfIron"}],"is_trial":false,"path_per_floor":["M","M","M","?","M","R","M","E","T","R","M","R","E","$","R","B",null,"M","M","?","M","M","E","?","M","T","E"],"character_chosen":"IRONCLAD","items_purchased":["Apotheosis","Battle Trance"],"campfire_rested":0,"item_purchase_floors":[14,14],"current_hp_per_floor":[63,56,56,59,65,65,68,69,69,69,73,73,53,53,53,16,68,71,82,82,82,73,37,67,11,11,0,0],"gold":398,"neow_bonus":"THREE_SMALL_POTIONS","is_daily":false,"chose_seed":false,"campfire_upgraded":4,"win_rate":0.0,"timestamp":1614101080,"path_taken":["M","M","M","?","M","R","M","E","T","R","M","R","E","$","R","BOSS","M","M","?","M","?","E","?","M","T","E"],"items_purchased_type":["Card","Card"],"build_version":"2020-12-22","purchased_purges":0,"victory":false,"max_hp_per_floor":[75,75,75,85,85,85,85,85,85,85,85,85,85,85,85,85,85,88,92,92,92,92,92,92,92,92,92,92],"card_choices":[{"not_picked":["Sword Boomerang","Battle Trance"],"picked":"Headbutt","floor":1},{"not_picked":["Dual Wield","Evolve"],"picked":"Cleave","floor":2},{"not_picked":["Body Slam","Perfected Strike"],"picked":"Dark Embrace","floor":3},{"not_picked":["Sentinel","Flex"],"picked":"Clothesline","floor":5},{"not_picked":["Wild Strike","Armaments"],"picked":"Feel No Pain","floor":7},{"not_picked":["Rupture","Cleave"],"picked":"Thunderclap","floor":8},{"not_picked":["Cleave","Barricade"],"picked":"Power Through","floor":11},{"not_picked":["Shockwave","Dual Wield"],"picked":"Dropkick","floor":13},{"not_picked":["Barricade","Double Tap"],"picked":"Feed","floor":16},{"not_picked":["Perfected Strike","Infernal Blade"],"picked":"Ghostly Armor","floor":18},{"not_picked":["Headbutt","Uppercut"],"picked":"Second Wind","floor":19},{"not_picked":["Armaments","Havoc"],"picked":"Twin Strike","floor":21},{"not_picked":["Clothesline","Iron Wave"],"picked":"Entrench+1","floor":22},{"not_picked":["Spot Weakness","Heavy Blade"],"picked":"Anger","floor":23},{"not_picked":["Havoc+1","Burning Pact","True Grit"],"picked":"SKIP","floor":25}],"player_experience":1713747,"relics_obtained":[{"floor":8,"key":"HornCleat"},{"floor":9,"key":"Peace Pipe"},{"floor":13,"key":"Magic Flower"},{"floor":23,"key":"Letter Opener"},{"floor":26,"key":"Unceasing Top"}],"event_choices":[{"damage_healed":0,"gold_gain":0,"player_choice":"Success","damage_taken":7,"relics_obtained":["Pear"],"max_hp_gain":0,"max_hp_loss":0,"event_name":"Scrap Ooze","floor":4,"gold_loss":0},{"damage_healed":0,"gold_gain":250,"player_choice":"Bet on Owner","damage_taken":0,"max_hp_gain":0,"max_hp_loss":0,"event_name":"The Joust","floor":20,"gold_loss":50},{"damage_healed":30,"gold_gain":0,"player_choice":"Heal","damage_taken":0,"max_hp_gain":0,"max_hp_loss":0,"event_name":"The Library","floor":24,"gold_loss":0}],"is_beta":false,"boss_relics":[{"not_picked":["Black Star","Tiny House"],"picked":"Snecko Eye"}],"items_purged_floors":[],"is_endless":false,"potions_floor_spawned":[5,8,13,16,19,21,25],"killed_by":"Slavers","ascension_level":14}}