{"host":"rhwhcpbwk36iao2l","time":1614042271,"event":{"mods":["BaseMod","Downfall","Minty Spire (QoL Compilation)","StSLib","The Senshi"],"gold_per_floor":[99,99,99,111,128,145,145,145,160,177,16,29,29,44,61,158,208,208,225,236,11,26,46,46,61,77,77,77,97,97,114,125,222,222,222,235,290,290,304,18,18,34,34,45,60,410,210,230,245,245],"floor_reached":51,"language":"ENG","playtime":7276,"items_purged":["bronze:Strike","bronze:Strike"],"score":651,"play_id":"26e5409d-4b7f-4501-b8aa-61d07181f808","local_time":"20210222200431","is_ascension_mode":false,"campfire_choices":[{"data":"bronze:Replicate","floor":1,"key":"SMITH"},{"data":"bronze:Goto","floor":8,"key":"SMITH"},{"floor":13,"key":"REST"},{"data":"bronze:Repair","floor":18,"key":"SMITH"},{"data":"bronze:Turbo","floor":27,"key":"SMITH"},{"data":"bronze:Turbo","floor":30,"key":"SMITH"},{"floor":35,"key":"RECALL"},{"floor":43,"key":"REST"},{"floor":47,"key":"REST"}],"circlet_count":0,"master_deck":["bronze:Strike+1","bronze:Defend","bronze:Defend","bronze:Defend","bronze:Defend","bronze:Replicate+1","bronze:Goto+1","bronze:Turbo+1","bronze:Frontload","bronze:BronzeOrb","bronze:HyperBeam","bronze:DigitalCarnage","bronze:Invalidate","bronze:Format+1","bronze:DelayedSlice","bronze:GetLatest","bronze:ClassDefault","bronze:Mutator","bronze:Repair+1","bronze:FineTuning+1","bronze:BuggyMess","bronze:Fortify","bronze:MaxOutput","bronze:Allocate","bronze:GetLatest+1","bronze:DelayedGuard","bronze:Assembly","bronze:Turbo+1","bronze:Backtrace+1","bronze:DelayedGuard+1","bronze:OilSpill","bronze:ThunderWave","bronze:Boost+1","bronze:FollowUp+1","bronze:BuggyMess","bronze:Branch+1","bronze:Repulsor","bronze:Shield","bronze:AlphaBuild","bronze:Shell+1","bronze:FineTuning+1","bronze:Overheat+1","Parasite","bronze:Safeguard+1","bronze:Repair+1","bronze:Branch+1"],"relics":["bronze:BronzeCore","White Beast Statue","Blue Candle","Potion Belt","Tiny House","Letter Opener","Fusion Hammer","Ginger","Toy Ornithopter","Membership Card","Toxic Egg 2","Old Coin","downfall:HeartBlessingRed","downfall:HeartBlessingBlue"],"acts_visited":["Exordium","TheCity","TheBeyond"],"potions_floor_usage":[11,16,16,16,16,16,20,22,23,26,29,31,32,33,33,33,33,33,33,33,33,33,33,33,36,37,37,40,42,44,49,50,50,50,50],"damage_taken":[{"damage":1,"enemies":"2 Louse","floor":4,"turns":3},{"damage":17,"enemies":"Jaw Worm","floor":5,"turns":4},{"damage":0,"enemies":"Cultist","floor":6,"turns":4},{"damage":0,"enemies":"2 Fungi Beasts","floor":9,"turns":2},{"damage":0,"enemies":"3 Louse","floor":10,"turns":3},{"damage":10,"enemies":"downfall:FleeingMerchant","floor":11,"turns":4},{"damage":8,"enemies":"Exordium Wildlife","floor":12,"turns":2},{"damage":0,"enemies":"2 Fungi Beasts","floor":14,"turns":2},{"damage":0,"enemies":"Blue Slaver","floor":15,"turns":3},{"damage":20,"enemies":"IC_STATUS_ARCHETYPE","floor":16,"turns":5},{"damage":11,"enemies":"Shell Parasite","floor":19,"turns":5},{"damage":8,"enemies":"Chosen","floor":20,"turns":3},{"damage":5,"enemies":"downfall:FleeingMerchant","floor":21,"turns":4},{"damage":28,"enemies":"Snake Plant","floor":22,"turns":5},{"damage":25,"enemies":"Sentry and Sphere","floor":23,"turns":7},{"damage":12,"enemies":"Cultist and Chosen","floor":25,"turns":6},{"damage":5,"enemies":"Centurion and Healer","floor":26,"turns":5},{"damage":12,"enemies":"3 Cultists","floor":29,"turns":4},{"damage":0,"enemies":"Snecko","floor":31,"turns":3},{"damage":0,"enemies":"Cultist and Chosen","floor":32,"turns":4},{"damage":61,"enemies":"SI_MIRROR_ARCHETYPE","floor":33,"turns":9},{"damage":4,"enemies":"Orb Walker","floor":36,"turns":3},{"damage":39,"enemies":"2 Orb Walkers","floor":37,"turns":5},{"damage":9,"enemies":"3 Shapes","floor":39,"turns":1},{"damage":8,"enemies":"downfall:FleeingMerchant","floor":40,"turns":4},{"damage":0,"enemies":"downfall:FleeingMerchant","floor":42,"turns":3},{"damage":35,"enemies":"3 Darklings","floor":44,"turns":4},{"damage":12,"enemies":"Writhing Mass","floor":45,"turns":4},{"damage":7,"enemies":"Writhing Mass","floor":46,"turns":5},{"damage":0,"enemies":"4 Shapes","floor":48,"turns":4},{"damage":44,"enemies":"Sphere and 2 Shapes","floor":49,"turns":7},{"damage":100,"enemies":"WA_ARCHETYPE_DIVINITY","floor":50,"turns":10}],"seed_played":"-7108999823413147856","potions_obtained":[{"floor":4,"key":"BlessingOfTheForge"},{"floor":5,"key":"bronze:BurnAndBuffPotion"},{"floor":6,"key":"Dexterity Potion"},{"floor":9,"key":"Dexterity Potion"},{"floor":10,"key":"Dexterity Potion"},{"floor":11,"key":"hexamod:SoulburnPotion"},{"floor":12,"key":"Weak Potion"},{"floor":14,"key":"bronze:FreeFunctionsPotion"},{"floor":15,"key":"CultistPotion"},{"floor":16,"key":"PowerPotion"},{"floor":17,"key":"bronze:BurnAndBuffPotion"},{"floor":19,"key":"hexamod:SoulburnPotion"},{"floor":20,"key":"Guardian:BlockOnCardUsePotion"},{"floor":21,"key":"PowerPotion"},{"floor":22,"key":"EntropicBrew"},{"floor":23,"key":"LiquidBronze"},{"floor":25,"key":"PowerPotion"},{"floor":26,"key":"SpeedPotion"},{"floor":29,"key":"SneckoOil"},{"floor":31,"key":"Ancient Potion"},{"floor":32,"key":"BlessingOfTheForge"},{"floor":33,"key":"LiquidBronze"},{"floor":36,"key":"LiquidBronze"},{"floor":37,"key":"LiquidBronze"},{"floor":39,"key":"bronze:FreeFunctionsPotion"},{"floor":40,"key":"Strength Potion"},{"floor":42,"key":"GamblersBrew"},{"floor":44,"key":"FairyPotion"},{"floor":45,"key":"Energy Potion"},{"floor":49,"key":"SkillPotion"}],"is_trial":false,"path_per_floor":["R","?","?","M","M","M","T","R","M","M","$","M","R","M","M","B",null,"R","M","M","$","M","M","T","M","M","R","?","M","R","M","M","B",null,"R","M","?","?","M","$","T","$","R","M","M","?","R","M","M","B",null],"character_chosen":"THE_AUTOMATON","items_purchased":["bronze:Format","bronze:MaxOutput","bronze:Allocate","Toy Ornithopter","bronze:Repulsor","bronze:Shield","Membership Card","Toxic Egg 2","bronze:Shell+1","bronze:FineTuning+1"],"campfire_rested":3,"item_purchase_floors":[11,21,21,40,40,40,42,42,42,42],"current_hp_per_floor":[77,74,69,68,51,51,51,51,51,51,41,33,56,56,56,36,82,82,76,68,73,55,40,40,38,66,66,58,56,56,66,66,15,82,82,78,43,72,63,64,64,72,72,41,39,42,76,76,51,24],"gold":245,"neow_bonus":"TEN_PERCENT_HP_BONUS","is_daily":false,"chose_seed":false,"campfire_upgraded":5,"win_rate":0.0,"timestamp":1614042271,"path_taken":["R","?","?","M","M","M","T","R","M","M","$","M","R","M","M","BOSS","R","M","M","$","M","M","T","M","M","R","?","?","R","M","M","BOSS","R","M","?","?","M","$","T","?","R","M","?","?","R","M","M","BOSS"],"items_purchased_type":["Card","Card","Card","Relic","Card","Card","Relic","Relic","Card","Card"],"build_version":"2020-12-22","purchased_purges":2,"victory":true,"max_hp_per_floor":[77,77,77,77,77,77,77,77,77,77,77,77,77,77,77,77,82,82,82,82,82,82,82,82,82,82,82,82,82,82,82,82,82,82,82,82,82,72,72,72,72,72,72,72,72,72,82,82,82,82],"card_choices":[{"not_picked":["bronze:Iterate","bronze:WhirlingStrike"],"picked":"bronze:Turbo","floor":4},{"not_picked":["bronze:FineTuning","bronze:Overheat"],"picked":"bronze:Frontload","floor":5},{"not_picked":["bronze:DigitalCarnage","bronze:Overload"],"picked":"bronze:BronzeOrb","floor":6},{"not_picked":["bronze:Flail","bronze:ForLoop"],"picked":"bronze:HyperBeam","floor":9},{"not_picked":["bronze:FollowUp","bronze:BugBarrage"],"picked":"bronze:DigitalCarnage","floor":10},{"not_picked":["bronze:Overheat","bronze:Deprecate"],"picked":"bronze:Invalidate","floor":11},{"not_picked":["bronze:DarkDash","bronze:ItsAFeature"],"picked":"bronze:DelayedSlice","floor":12},{"not_picked":["bronze:NullPointer","bronze:Flail"],"picked":"bronze:GetLatest","floor":14},{"not_picked":["bronze:CloningBeam","bronze:Iterate"],"picked":"bronze:ClassDefault","floor":15},{"not_picked":["bronze:SpaghettiCode","bronze:ThunderWave"],"picked":"bronze:Mutator","floor":16},{"not_picked":["bronze:Flail","bronze:Branch"],"picked":"bronze:Repair","floor":17},{"not_picked":["bronze:Branch","bronze:OilSpill"],"picked":"bronze:FineTuning+1","floor":19},{"not_picked":["bronze:BronzeOrb","bronze:Shield"],"picked":"bronze:BuggyMess","floor":20},{"not_picked":["bronze:DigitalCarnage","bronze:Iterate"],"picked":"bronze:Fortify","floor":21},{"not_picked":["bronze:BronzeArmor+1","bronze:Invalidate"],"picked":"bronze:GetLatest+1","floor":22},{"not_picked":["bronze:FollowUp","bronze:GetLatest"],"picked":"bronze:DelayedGuard","floor":23},{"not_picked":["bronze:WhirlingStrike","bronze:Frontload+1"],"picked":"bronze:Assembly","floor":25},{"not_picked":["bronze:Fortify","bronze:Branch"],"picked":"bronze:Turbo","floor":26},{"not_picked":["bronze:Shield+1","bronze:CloningBeam"],"picked":"bronze:Backtrace+1","floor":29},{"not_picked":["bronze:FineTuning+1","bronze:BugBarrage+1"],"picked":"bronze:DelayedGuard+1","floor":31},{"not_picked":["bronze:Overheat","bronze:Safeguard"],"picked":"bronze:OilSpill","floor":32},{"not_picked":["bronze:Virus","bronze:Verify"],"picked":"bronze:ThunderWave","floor":33},{"not_picked":["bronze:WhirlingStrike","bronze:Iterate"],"picked":"bronze:Boost+1","floor":36},{"not_picked":["bronze:Invalidate","bronze:BugBarrage"],"picked":"bronze:FollowUp+1","floor":37},{"not_picked":["bronze:Deprecate","bronze:BugBarrage"],"picked":"bronze:BuggyMess","floor":39},{"not_picked":["bronze:ClassDefault","bronze:BitShift+1"],"picked":"bronze:Branch+1","floor":40},{"not_picked":["bronze:DelayedGuard","bronze:Overheat+1"],"picked":"bronze:AlphaBuild","floor":42},{"not_picked":["bronze:DelayedSlice","bronze:ChosenStrike"],"picked":"bronze:Overheat+1","floor":44},{"not_picked":["bronze:CutThrough","bronze:Overheat","bronze:FollowUp"],"picked":"SKIP","floor":45},{"not_picked":["bronze:DelayedSlice+1","bronze:CloningBeam+1"],"picked":"bronze:Safeguard+1","floor":46},{"not_picked":["bronze:BitShift+1","bronze:WildBeam+1"],"picked":"bronze:Repair+1","floor":48},{"not_picked":["bronze:OilSpill","bronze:Backtrace"],"picked":"bronze:Branch+1","floor":49}],"player_experience":18916,"relics_obtained":[{"floor":7,"key":"Potion Belt"},{"floor":24,"key":"Letter Opener"},{"floor":37,"key":"Ginger"},{"floor":46,"key":"Old Coin"}],"event_choices":[{"damage_healed":0,"gold_gain":0,"player_choice":"Success","damage_taken":3,"relics_obtained":["White Beast Statue"],"max_hp_gain":0,"max_hp_loss":0,"event_name":"Scrap Ooze","floor":2,"gold_loss":0},{"damage_healed":0,"gold_gain":0,"player_choice":"Fight","damage_taken":0,"max_hp_gain":0,"max_hp_loss":0,"event_name":"Mysterious Sphere","floor":37,"gold_loss":0}],"is_beta":false,"boss_relics":[{"not_picked":["Sozu","Astrolabe"],"picked":"Tiny House"},{"not_picked":["SacredBark","bronze:MakeshiftBattery"],"picked":"Fusion Hammer"}],"items_purged_floors":[11,21],"is_endless":false,"potions_floor_spawned":[4,5,6,9,10,11,12,14,15,16,19,20,21,22,23,25,26,29,31,32,33,36,37,39,40,42,44,45,46,48,49],"ascension_level":0}}