{"host":"iv24d026eac8pm4e","time":1614094755,"event":{"mods":["BaseMod","Minty Spire (QoL Compilation)"],"gold_per_floor":[112,129,129,142,159,159,177,177,177,252,212,212,32,64,64,64,64],"floor_reached":16,"language":"ENG","playtime":426,"items_purged":["Strike_B"],"score":185,"play_id":"f57134a9-8563-4a9e-9893-88dc9fb0e7a9","local_time":"20210223073915","is_ascension_mode":true,"campfire_choices":[{"data":"Zap","floor":6,"key":"SMITH"},{"floor":8,"key":"REST"},{"floor":15,"key":"REST"}],"circlet_count":0,"master_deck":["AscendersBane","Strike_B","Strike_B","Defend_B","Defend_B","Defend_B","Defend_B","Zap+1","Dualcast","Defragment","Leap","Thunder Strike","Glacier","Leap","Core Surge","Aggregate","Ball Lightning","Static Discharge"],"relics":["Cracked Core","Anchor","Kunai"],"acts_visited":["Exordium"],"potions_floor_usage":[5,16],"damage_taken":[{"damage":1,"enemies":"2 Louse","floor":1,"turns":2},{"damage":7,"enemies":"Jaw Worm","floor":2,"turns":3},{"damage":0,"enemies":"Small Slimes","floor":4,"turns":4},{"damage":49,"enemies":"Exordium Thugs","floor":5,"turns":7},{"damage":6,"enemies":"2 Fungi Beasts","floor":7,"turns":5},{"damage":2,"enemies":"Looter","floor":11,"turns":4},{"damage":11,"enemies":"3 Sentries","floor":14,"turns":6},{"damage":34,"enemies":"Slime Boss","floor":16,"turns":6}],"seed_played":"-4081860008404009151","potions_obtained":[{"floor":1,"key":"Block Potion"},{"floor":2,"key":"BlessingOfTheForge"}],"is_trial":false,"path_per_floor":["M","M","?","M","M","R","M","R","T","?","M","?","$","E","R","B"],"character_chosen":"DEFECT","items_purchased":["Ball Lightning","Static Discharge"],"campfire_rested":2,"item_purchase_floors":[13,13],"current_hp_per_floor":[70,63,63,63,14,14,8,31,31,20,18,13,13,2,25,0,0],"gold":64,"neow_bonus":"TEN_PERCENT_HP_BONUS","is_daily":false,"chose_seed":false,"campfire_upgraded":1,"win_rate":0.0,"timestamp":1614094755,"path_taken":["M","M","?","M","M","R","M","R","T","?","M","?","$","E","R","BOSS"],"items_purchased_type":["Card","Card"],"build_version":"2020-12-22","purchased_purges":1,"victory":false,"max_hp_per_floor":[78,78,78,78,78,78,78,78,78,78,78,78,78,78,78,78,78],"card_choices":[{"not_picked":["Doom and Gloom","Coolheaded"],"picked":"Defragment","floor":1},{"not_picked":["Go for the Eyes","Gash"],"picked":"Leap","floor":2},{"not_picked":["Barrage","Conserve Battery"],"picked":"Glacier","floor":4},{"not_picked":["Barrage","Leap","Turbo"],"picked":"SKIP","floor":5},{"not_picked":["Barrage","Turbo"],"picked":"Leap","floor":5},{"not_picked":["Force Field","Streamline"],"picked":"Core Surge","floor":7},{"not_picked":["Cold Snap","Scrape"],"picked":"Aggregate","floor":11},{"not_picked":["Streamline","Sunder","Hologram"],"picked":"SKIP","floor":14}],"player_experience":2596541,"relics_obtained":[{"floor":14,"key":"Kunai"}],"event_choices":[{"damage_healed":0,"gold_gain":0,"cards_transformed":["Strike_B"],"player_choice":"Change","damage_taken":0,"max_hp_gain":0,"max_hp_loss":0,"event_name":"Living Wall","floor":3,"gold_loss":0,"cards_obtained":["Thunder Strike"]},{"damage_healed":0,"gold_gain":75,"player_choice":"Gather Gold","damage_taken":11,"max_hp_gain":0,"max_hp_loss":0,"event_name":"World of Goop","floor":10,"gold_loss":0},{"damage_healed":0,"gold_gain":0,"player_choice":"Success","damage_taken":5,"relics_obtained":["Anchor"],"max_hp_gain":0,"max_hp_loss":0,"event_name":"Scrap Ooze","floor":12,"gold_loss":0}],"is_beta":false,"boss_relics":[],"items_purged_floors":[13],"is_endless":false,"potions_floor_spawned":[1,2],"killed_by":"Slime Boss","ascension_level":17}}