{"host":"lufzn74xe9ct3rkf","time":1614122374,"event":{"mods":["AchievementEnabler","BaseMod","Evolution","Minty Spire (QoL Compilation)","StSLib","Treasure Hunter"],"gold_per_floor":[993,993,993,1008,1021,1056,1056,1080,1080,1096,1096,1131,1131,1150,1150,1273,1273,1298,1313,710,720,645,645,645,645,670,689,689,698,702,702,702,662,662],"floor_reached":33,"language":"ENG","playtime":1922,"items_purged":[],"score":338,"play_id":"b34a98d0-e950-403f-8ac3-30504582bbc8","local_time":"20210223151934","is_ascension_mode":false,"campfire_choices":[{"floor":7,"key":"REST"},{"floor":11,"key":"REST"},{"data":"Survivor","floor":13,"key":"SMITH"},{"floor":15,"key":"REST"},{"data":"Thinking Ahead","floor":23,"key":"SMITH"},{"floor":25,"key":"REST"},{"data":"Backstab","floor":32,"key":"SMITH"}],"circlet_count":0,"master_deck":["Dagger Spray","Dagger Spray","Dagger Spray","Dagger Spray","Dagger Spray","Backflip","Defend_G","Defend_G","Defend_G","Survivor+1","Neutralize+1","Underhanded Strike","Bouncing Flask","Noxious Fumes","TH:CopperCoins","Heel Hook","Dagger Throw","TH:CopperCoins","Flying Knee","TH:DeckOfManyThings","Escape Plan","Poisoned Stab","TH:CursedSword","Malaise","All Out Attack","Outmaneuver+1","Dagger Throw","Backflip","Quick Slash","Thinking Ahead+1","All Out Attack+1","Bane","TH:Mimic","Leg Sweep","Dagger Throw","Prepared","Backstab+1"],"relics":["Ring of the Serpent","EVO:Axolotl","Golden Idol","InkBottle","Bottled Lightning","Darkstone Periapt","Pen Nib","TH:HealthInsurance","Happy Flower"],"acts_visited":["Exordium","TheCity"],"potions_floor_usage":[12,12,16,24,29,30,33,33],"damage_taken":[{"damage":0,"enemies":"2 Louse","floor":1,"turns":1},{"damage":6,"enemies":"Small Slimes","floor":4,"turns":3},{"damage":11,"enemies":"Jaw Worm","floor":5,"turns":3},{"damage":13,"enemies":"3 Sentries","floor":6,"turns":4},{"damage":2,"enemies":"Looter","floor":8,"turns":2},{"damage":6,"enemies":"2 Fungi Beasts","floor":10,"turns":3},{"damage":21,"enemies":"Lagavulin","floor":12,"turns":5},{"damage":0,"enemies":"Gremlin Gang","floor":14,"turns":1},{"damage":33,"enemies":"The Guardian","floor":16,"turns":8},{"damage":19,"enemies":"Spheric Guardian","floor":18,"turns":4},{"damage":0,"enemies":"3 Byrds","floor":19,"turns":3},{"damage":22,"enemies":"Snecko","floor":21,"turns":5},{"damage":28,"enemies":"Snake Plant","floor":24,"turns":4},{"damage":8,"enemies":"Cultist and Chosen","floor":27,"turns":6},{"damage":20,"enemies":"Centurion and Healer","floor":29,"turns":5},{"damage":3,"enemies":"Chosen and Byrds","floor":30,"turns":3},{"damage":14,"enemies":"Snake Plant","floor":31,"turns":4},{"damage":62,"enemies":"Champ","floor":33,"turns":10}],"seed_played":"-7703092959738185574","potions_obtained":[{"floor":4,"key":"FearPotion"},{"floor":8,"key":"FearPotion"},{"floor":10,"key":"Poison Potion"},{"floor":18,"key":"ColorlessPotion"},{"floor":27,"key":"LiquidMemories"},{"floor":29,"key":"Fire Potion"},{"floor":30,"key":"Strength Potion"},{"floor":31,"key":"BlessingOfTheForge"}],"is_trial":false,"path_per_floor":["M","?","?","M","M","E","R","M","T","M","R","E","R","M","R","B",null,"M","M","$","M","?","R","M","R","T","M","?","M","M","M","R","B"],"character_chosen":"THE_SILENT","items_purchased":["Pen Nib","Dagger Throw","Backflip","Quick Slash","Thinking Ahead","TH:HealthInsurance"],"campfire_rested":4,"item_purchase_floors":[20,20,20,20,20,20],"current_hp_per_floor":[70,70,53,47,36,23,44,42,42,36,57,36,36,36,57,24,70,51,51,51,33,33,33,21,42,42,39,39,24,36,37,37,15,15],"gold":662,"neow_bonus":"UPGRADE_CARD","is_daily":false,"chose_seed":false,"campfire_upgraded":3,"win_rate":0.0,"timestamp":1614122374,"path_taken":["M","?","?","M","M","E","R","M","T","M","R","E","R","M","R","BOSS","M","M","$","M","?","R","M","R","T","M","?","M","M","M","R","BOSS"],"items_purchased_type":["Relic","Card","Card","Card","Card","Relic"],"build_version":"2020-12-22","purchased_purges":0,"victory":false,"max_hp_per_floor":[70,70,70,70,70,70,70,70,70,70,70,70,70,70,70,70,70,70,70,70,70,70,70,70,70,70,70,70,70,70,70,70,70,70],"card_choices":[{"not_picked":["Dodge and Roll","Calculated Gamble"],"picked":"Underhanded Strike","floor":1},{"not_picked":["Distraction","Masterful Stab"],"picked":"Bouncing Flask","floor":4},{"not_picked":["Quick Slash","Masterful Stab"],"picked":"Noxious Fumes","floor":5},{"not_picked":["TH:DeckOfManyThings"],"picked":"TH:CopperCoins","floor":6},{"not_picked":["Riddle With Holes","Expertise"],"picked":"Heel Hook","floor":6},{"not_picked":["Tactician","Caltrops"],"picked":"Dagger Throw","floor":8},{"not_picked":["TH:ArmorSpikes"],"picked":"TH:CopperCoins","floor":9},{"not_picked":["PiercingWail","Quick Slash"],"picked":"Flying Knee","floor":10},{"not_picked":["TH:ArmorSpikes"],"picked":"TH:DeckOfManyThings","floor":12},{"not_picked":["Bouncing Flask","Skewer"],"picked":"Escape Plan","floor":12},{"not_picked":["PiercingWail","Deadly Poison"],"picked":"Poisoned Stab","floor":14},{"not_picked":["TH:CopperCoins"],"picked":"TH:CursedSword","floor":16},{"not_picked":["Night Terror","Glass Knife"],"picked":"Malaise","floor":16},{"not_picked":["Riddle With Holes","Dodge and Roll"],"picked":"All Out Attack","floor":18},{"not_picked":["Blur","Dodge and Roll+1"],"picked":"Outmaneuver+1","floor":19},{"not_picked":["Acrobatics","Skewer"],"picked":"All Out Attack+1","floor":21},{"not_picked":["Outmaneuver","Expertise"],"picked":"Bane","floor":24},{"not_picked":["TH:DeckOfManyThings"],"picked":"TH:Mimic","floor":26},{"not_picked":["All Out Attack","Outmaneuver"],"picked":"Leg Sweep","floor":27},{"not_picked":["Distraction","Sucker Punch"],"picked":"Dagger Throw","floor":29},{"not_picked":["Bane","Dodge and Roll"],"picked":"Prepared","floor":30},{"not_picked":["Deadly Poison","Corpse Explosion"],"picked":"Backstab","floor":31}],"player_experience":37494,"relics_obtained":[{"floor":6,"key":"InkBottle"},{"floor":9,"key":"Bottled Lightning"},{"floor":12,"key":"Darkstone Periapt"},{"floor":26,"key":"Happy Flower"}],"event_choices":[{"damage_healed":0,"gold_gain":0,"player_choice":"Fled","damage_taken":0,"max_hp_gain":0,"max_hp_loss":0,"event_name":"Scrap Ooze","floor":2,"gold_loss":0},{"damage_healed":0,"gold_gain":0,"player_choice":"Take Damage","damage_taken":17,"relics_obtained":["Golden Idol"],"max_hp_gain":0,"max_hp_loss":0,"event_name":"Golden Idol","floor":3,"gold_loss":0},{"cards_removed":["Defend_G"],"damage_healed":0,"gold_gain":0,"player_choice":"Gave Gold","damage_taken":0,"max_hp_gain":0,"max_hp_loss":0,"event_name":"Beggar","floor":22,"gold_loss":75},{"damage_healed":0,"gold_gain":0,"player_choice":"Ignored","damage_taken":0,"max_hp_gain":0,"max_hp_loss":0,"event_name":"Vampires","floor":28,"gold_loss":0}],"is_beta":false,"boss_relics":[{"not_picked":["SlaversCollar","Coffee Dripper"],"picked":"Ring of the Serpent"}],"items_purged_floors":[],"is_endless":false,"potions_floor_spawned":[4,8,10,18,27,29,30,31],"killed_by":"Champ","ascension_level":0}}