{"host":"5jyeqch4fosnsiz2","time":1614050843,"event":{"mods":["BaseMod","Bestiary","Colored Map","Colored Powertips","Filter the Spire","Minty Spire (QoL Compilation)","Relic Stats","StSLib","Waifu the Spire","ojb\u0027s Better Paths Mod","ojb\u0027s Info Mod"],"gold_per_floor":[117,117,131,148,158,158,158,158],"floor_reached":7,"language":"ENG","playtime":230,"items_purged":[],"score":43,"play_id":"7ff8d9e5-65bc-4606-81b8-3c4d43fe6998","local_time":"20210222222723","is_ascension_mode":false,"campfire_choices":[{"data":"Eruption","floor":6,"key":"SMITH"}],"circlet_count":0,"master_deck":["Strike_P","Strike_P","Strike_P","Strike_P","Defend_P","Defend_P","Defend_P","Eruption+1","Vigilance","Halt","InnerPeace","Prostrate"],"relics":["PureWater","Ancient Tea Set"],"acts_visited":["Exordium"],"potions_floor_usage":[],"damage_taken":[{"damage":0,"enemies":"Small Slimes","floor":1,"turns":2},{"damage":1,"enemies":"2 Louse","floor":3,"turns":3},{"damage":6,"enemies":"Jaw Worm","floor":4,"turns":4},{"damage":10,"enemies":"Large Slime","floor":5,"turns":6},{"damage":67,"enemies":"Gremlin Nob","floor":7,"turns":4}],"seed_played":"2869947174774201366","potions_obtained":[],"is_trial":false,"path_per_floor":["M","?","M","M","M","R","E"],"character_chosen":"WATCHER","items_purchased":[],"campfire_rested":0,"item_purchase_floors":[],"current_hp_per_floor":[72,65,64,58,48,48,0,0],"gold":158,"neow_bonus":"RANDOM_COMMON_RELIC","is_daily":false,"chose_seed":false,"campfire_upgraded":1,"win_rate":0.0,"timestamp":1614050843,"path_taken":["M","?","M","M","M","R","E"],"items_purchased_type":[],"build_version":"2020-12-22","purchased_purges":0,"victory":false,"max_hp_per_floor":[72,72,72,72,72,72,72,72],"relic_stats":{"counters":[5,19],"obtain_stats":[{"PureWater":0,"Ancient Tea Set":0},{"PureWater":0,"Ancient Tea Set":0},{"PureWater":0,"Ancient Tea Set":0}]},"card_choices":[{"not_picked":["Crescendo","Weave"],"picked":"Halt","floor":1},{"not_picked":["Prostrate","Protect"],"picked":"InnerPeace","floor":3},{"not_picked":["WindmillStrike","Worship","ClearTheMind"],"picked":"SKIP","floor":4},{"not_picked":["CrushJoints","ClearTheMind"],"picked":"Prostrate","floor":5}],"player_experience":409198,"relics_obtained":[],"event_choices":[{"cards_removed":["Defend_P"],"damage_healed":0,"gold_gain":0,"player_choice":"Card Removal","damage_taken":7,"max_hp_gain":0,"max_hp_loss":0,"event_name":"Golden Wing","floor":2,"gold_loss":0}],"is_beta":false,"boss_relics":[],"items_purged_floors":[],"is_endless":false,"potions_floor_spawned":[],"killed_by":"Gremlin Nob","ascension_level":0}}