{"host":"8rgpnls124hwjv5t","time":1614077458,"event":{"mods":["BaseMod","Colored Map","Colored Powertips","DeckTracker","Highlight Path","Minty Spire (QoL Compilation)","Permanent Neow","Quick Restart","Relic Stats","StSLib"],"gold_per_floor":[111,111,124,135,151,151,151,151,177,194,194,225,236,161,161,234,234,245,260,260,217,217,251,251,264,264,264,264,264,292,192,192,266,266,280,197,197,197],"floor_reached":37,"language":"ENG","playtime":2809,"items_purged":["Strike_G","Defend_G"],"score":815,"play_id":"45c84ab8-11b3-4fd5-ba66-ebf78540584e","local_time":"20210223055058","is_ascension_mode":true,"campfire_choices":[{"data":"Poisoned Stab","floor":6,"key":"SMITH"},{"data":"Cloak And Dagger","floor":8,"key":"SMITH"},{"data":"Finisher","floor":11,"key":"SMITH"},{"data":"Blade Dance","floor":15,"key":"SMITH"},{"data":"Bite","floor":24,"key":"SMITH"},{"floor":29,"key":"REST"},{"floor":32,"key":"REST"}],"circlet_count":0,"master_deck":["AscendersBane","Defend_G","Defend_G","Defend_G","Defend_G","Survivor","Neutralize+1","Finisher+1","Poisoned Stab+1","Cloak And Dagger+1","Blade Dance+1","PiercingWail","Tools of the Trade","Venomology","Well Laid Plans","Cloak And Dagger+1","Bite+1","Bite","Bite","Bite","Bite","Footwork","Envenom","Decay","Well Laid Plans+1","A Thousand Cuts","Accuracy"],"relics":["Ring of the Snake","Bronze Scales","Whetstone","SlaversCollar","Bottled Lightning","Letter Opener","Gremlin Horn","Busted Crown"],"acts_visited":["Exordium","TheCity","TheBeyond"],"potions_floor_usage":[2,5,12,18,19,23,23,25,25,30,33,33,35],"damage_taken":[{"damage":0,"enemies":"Cultist","floor":1,"turns":4},{"damage":0,"enemies":"2 Louse","floor":3,"turns":5},{"damage":4,"enemies":"Jaw Worm","floor":4,"turns":5},{"damage":10,"enemies":"Exordium Wildlife","floor":5,"turns":6},{"damage":8,"enemies":"Large Slime","floor":10,"turns":4},{"damage":14,"enemies":"Lagavulin","floor":12,"turns":4},{"damage":0,"enemies":"3 Louse","floor":13,"turns":3},{"damage":4,"enemies":"Hexaghost","floor":16,"turns":9},{"damage":4,"enemies":"Chosen","floor":18,"turns":5},{"damage":23,"enemies":"Spheric Guardian","floor":19,"turns":4},{"damage":15,"enemies":"Slavers","floor":23,"turns":3},{"damage":23,"enemies":"Chosen and Byrds","floor":25,"turns":5},{"damage":13,"enemies":"Gremlin Leader","floor":30,"turns":7},{"damage":11,"enemies":"Automaton","floor":33,"turns":11},{"damage":27,"enemies":"Orb Walker","floor":35,"turns":4},{"damage":4,"enemies":"3 Shapes","floor":37,"turns":2}],"seed_played":"3662678403931973557","potions_obtained":[{"floor":1,"key":"Fruit Juice"},{"floor":2,"key":"Fire Potion"},{"floor":2,"key":"LiquidMemories"},{"floor":5,"key":"SmokeBomb"},{"floor":10,"key":"LiquidMemories"},{"floor":16,"key":"BlessingOfTheForge"},{"floor":23,"key":"Poison Potion"},{"floor":25,"key":"GamblersBrew"},{"floor":30,"key":"EssenceOfSteel"}],"is_trial":false,"path_per_floor":["M","?","M","M","M","R","$","R","T","M","R","E","M","$","R","B",null,"M","M","?","$","?","E","R","M","T","$","?","R","E","$","R","B",null,"M","$","M"],"character_chosen":"THE_SILENT","items_purchased":["Footwork","Accuracy"],"campfire_rested":2,"item_purchase_floors":[21,36],"current_hp_per_floor":[59,64,64,60,50,50,50,50,50,42,42,28,28,28,28,24,59,55,32,32,32,32,25,25,7,7,7,7,21,28,28,42,48,49,29,29,25,25],"gold":197,"neow_bonus":"UPGRADE_CARD","is_daily":false,"chose_seed":false,"campfire_upgraded":5,"win_rate":0.0,"timestamp":1614077458,"path_taken":["M","?","M","M","M","R","$","R","T","M","R","E","?","$","R","BOSS","M","?","?","$","?","E","R","M","T","?","?","R","E","$","R","BOSS","M","$","M"],"items_purchased_type":["Card","Card"],"build_version":"2020-12-22","purchased_purges":2,"victory":false,"max_hp_per_floor":[66,71,71,71,71,71,71,71,71,71,71,71,71,71,71,71,71,71,71,49,49,49,49,49,49,49,49,49,49,49,49,49,49,49,49,49,49,49],"relic_stats":{"Busted Crown":2,"Gremlin Horn":[2,2],"counters":[16,81],"Bronze Scales":[160],"Whetstone":["Strike_G","Strike_G"],"Letter Opener":[54],"obtain_stats":[{"SlaversCollar":17,"Busted Crown":34,"Gremlin Horn":30,"Bronze Scales":9,"Whetstone":12,"Bottled Lightning":23,"Letter Opener":26,"Ring of the Snake":0},{"SlaversCollar":8,"Busted Crown":14,"Gremlin Horn":13,"Bronze Scales":4,"Whetstone":6,"Bottled Lightning":11,"Letter Opener":12,"Ring of the Snake":0},{"SlaversCollar":40,"Busted Crown":75,"Gremlin Horn":64,"Bronze Scales":20,"Whetstone":28,"Bottled Lightning":52,"Letter Opener":57,"Ring of the Snake":0}],"Ring of the Snake":[32]},"card_choices":[{"not_picked":["PiercingWail","Flechettes"],"picked":"Finisher","floor":1},{"not_picked":["Deadly Poison","PiercingWail"],"picked":"Poisoned Stab","floor":3},{"not_picked":["Prepared","All Out Attack"],"picked":"Cloak And Dagger","floor":4},{"not_picked":["Deadly Poison","Prepared","Outmaneuver"],"picked":"SKIP","floor":5},{"not_picked":["Bullet Time","Acrobatics"],"picked":"Blade Dance","floor":10},{"not_picked":["Underhanded Strike","Sucker Punch"],"picked":"PiercingWail","floor":12},{"not_picked":["Dagger Spray","Flying Knee"],"picked":"Tools of the Trade","floor":13},{"not_picked":["Phantasmal Killer","Adrenaline"],"picked":"Venomology","floor":16},{"not_picked":["Backflip","Underhanded Strike"],"picked":"Well Laid Plans","floor":18},{"not_picked":["Backflip","Outmaneuver"],"picked":"Cloak And Dagger+1","floor":19},{"not_picked":["Skewer","Underhanded Strike+1"],"picked":"Envenom","floor":23},{"not_picked":["Deadly Poison","Quick Slash","Outmaneuver"],"picked":"SKIP","floor":25},{"not_picked":["Blade Dance","Catalyst"],"picked":"Well Laid Plans+1","floor":30},{"not_picked":["Glass Knife","Die Die Die"],"picked":"A Thousand Cuts","floor":33},{"not_picked":["Flying Knee+1"],"picked":"SKIP","floor":35}],"player_experience":651839,"relics_obtained":[{"floor":9,"key":"Bronze Scales"},{"floor":12,"key":"Whetstone"},{"floor":23,"key":"Bottled Lightning"},{"floor":26,"key":"Letter Opener"},{"floor":30,"key":"Gremlin Horn"}],"event_choices":[{"damage_healed":0,"gold_gain":0,"player_choice":"Got Potions","damage_taken":0,"max_hp_gain":0,"max_hp_loss":0,"event_name":"Lab","floor":2,"gold_loss":0},{"damage_healed":0,"gold_gain":0,"player_choice":"Became a vampire","damage_taken":0,"max_hp_gain":0,"max_hp_loss":22,"event_name":"Vampires","floor":20,"gold_loss":0,"cards_obtained":["Bite","Bite","Bite","Bite","Bite"]},{"damage_healed":0,"gold_gain":0,"player_choice":"Ignored","damage_taken":0,"max_hp_gain":0,"max_hp_loss":0,"event_name":"Ghosts","floor":22,"gold_loss":0},{"damage_healed":0,"gold_gain":0,"player_choice":"Smashed Altar","damage_taken":0,"max_hp_gain":0,"max_hp_loss":0,"event_name":"Forgotten Altar","floor":28,"gold_loss":0,"cards_obtained":["Decay"]}],"is_beta":false,"boss_relics":[{"not_picked":["HoveringKite","Velvet Choker"],"picked":"SlaversCollar"},{"not_picked":["Pandora\u0027s Box","Snecko Eye"],"picked":"Busted Crown"}],"items_purged_floors":[14,31],"is_endless":false,"potions_floor_spawned":[1,5,10,16,23,25,30],"killed_by":"3 Shapes","ascension_level":19}}