{"host":"x73jdofm2fk9hsud","time":1614121824,"event":{"mods":["BaseMod","Bestiary","Minty Spire (QoL Compilation)","Relic Stats","ojb\u0027s Better Paths Mod","ojb\u0027s Info Mod"],"gold_per_floor":[114,114,132,146,165,165,178,190,264,264,289,301,313,361,373,474,486,498,498],"floor_reached":18,"language":"ENG","playtime":1002,"items_purged":[],"score":344,"play_id":"184cf489-4b52-4631-ac15-be107d3b01ad","local_time":"20210223181024","is_ascension_mode":true,"campfire_choices":[{"data":"Loop","floor":6,"key":"SMITH"},{"floor":10,"key":"REST"},{"floor":12,"key":"REST"},{"floor":15,"key":"DIG"}],"circlet_count":0,"master_deck":["AscendersBane","Strike_B","Strike_B","Strike_B","Strike_B","Defend_B","Defend_B","Defend_B","Defend_B","Zap","Dualcast","Lockon","Multi-Cast","Loop+1","Ball Lightning","Undo+1","Self Repair","Glacier","Coolheaded+1","Machine Learning"],"relics":["Sozu","Shuriken","MawBank","Golden Idol","Shovel","War Paint","Snecko Eye"],"acts_visited":["Exordium","TheCity"],"potions_floor_usage":[],"damage_taken":[{"damage":4,"enemies":"Small Slimes","floor":1,"turns":4},{"damage":1,"enemies":"Cultist","floor":3,"turns":3},{"damage":9,"enemies":"2 Louse","floor":4,"turns":4},{"damage":19,"enemies":"Exordium Wildlife","floor":5,"turns":4},{"damage":11,"enemies":"Looter","floor":7,"turns":3},{"damage":8,"enemies":"3 Louse","floor":8,"turns":4},{"damage":27,"enemies":"3 Sentries","floor":11,"turns":8},{"damage":2,"enemies":"Lagavulin","floor":14,"turns":8},{"damage":38,"enemies":"Slime Boss","floor":16,"turns":14},{"damage":54,"enemies":"3 Byrds","floor":18,"turns":4}],"seed_played":"885805524434750755","potions_obtained":[],"is_trial":false,"path_per_floor":["M","?","M","M","M","R","M","M","T","R","E","R","?","E","R","B",null,"M"],"character_chosen":"DEFECT","items_purchased":[],"campfire_rested":2,"item_purchase_floors":[],"current_hp_per_floor":[60,60,59,50,31,31,20,12,12,33,13,34,34,39,39,8,50,0,0],"gold":498,"neow_bonus":"BOSS_RELIC","is_daily":false,"chose_seed":false,"campfire_upgraded":1,"win_rate":0.0,"timestamp":1614121824,"path_taken":["M","?","M","M","?","R","M","M","T","R","E","R","?","E","R","BOSS","M"],"items_purchased_type":[],"build_version":"2020-12-22","purchased_purges":0,"victory":false,"max_hp_per_floor":[71,71,71,71,71,71,71,71,71,71,71,71,64,64,64,64,64,64,64],"relic_stats":{"Sozu":4,"Shovel":1,"counters":[10,54],"Shuriken":[5],"Golden Idol":25,"Snecko Eye":[6,4,7,8],"War Paint":["Undo","Coolheaded"],"MawBank":84,"obtain_stats":[{"Sozu":0,"Shovel":14,"Shuriken":9,"Golden Idol":13,"Snecko Eye":17,"War Paint":15,"Cracked Core":0,"MawBank":11},{"Sozu":0,"Shovel":8,"Shuriken":6,"Golden Idol":7,"Snecko Eye":9,"War Paint":8,"Cracked Core":0,"MawBank":7},{"Sozu":0,"Shovel":36,"Shuriken":21,"Golden Idol":28,"Snecko Eye":50,"War Paint":36,"Cracked Core":0,"MawBank":28}]},"card_choices":[{"not_picked":["Static Discharge","Hologram"],"picked":"Lockon","floor":1},{"not_picked":["Capacitor","Hello World","Double Energy"],"picked":"SKIP","floor":3},{"not_picked":["Beam Cell","Barrage"],"picked":"Loop","floor":4},{"not_picked":["Genetic Algorithm","Turbo"],"picked":"Ball Lightning","floor":5},{"not_picked":["Fission","Streamline"],"picked":"Undo","floor":7},{"not_picked":["White Noise","Steam Power"],"picked":"Self Repair","floor":8},{"not_picked":["Go for the Eyes","Ball Lightning"],"picked":"Glacier","floor":11},{"not_picked":["Hologram","Conserve Battery"],"picked":"Coolheaded","floor":14},{"not_picked":["Fission","All For One"],"picked":"Machine Learning","floor":16}],"player_experience":5406133,"relics_obtained":[{"floor":9,"key":"Shuriken"},{"floor":11,"key":"MawBank"},{"floor":14,"key":"Shovel"},{"floor":15,"key":"War Paint"}],"event_choices":[{"damage_healed":0,"gold_gain":0,"player_choice":"1 cards matched","damage_taken":0,"max_hp_gain":0,"max_hp_loss":0,"event_name":"Match and Keep!","floor":2,"gold_loss":0,"cards_obtained":["Multi-Cast"]},{"damage_healed":0,"gold_gain":0,"player_choice":"Lose Max HP","damage_taken":0,"relics_obtained":["Golden Idol"],"max_hp_gain":0,"max_hp_loss":7,"event_name":"Golden Idol","floor":13,"gold_loss":0}],"is_beta":false,"boss_relics":[{"not_picked":["Coffee Dripper","Tiny House"],"picked":"Snecko Eye"}],"items_purged_floors":[],"is_endless":false,"potions_floor_spawned":[1,3,5,14],"killed_by":"3 Byrds","ascension_level":20}}