{"host":"uceopoba4zvqsgiy","time":1614073113,"event":{"mods":["2.2 Compatiblity","Act Like it!","BaseMod","Better Skull","Better Third Choice","Elementarium","Evolution","GifTheSpireLib","Hermit","Humility","Infinite Spire","Jorbs\u0027s Wanderer Trilogy","Marked Mod","Minty Spire (QoL Compilation)","Potionbrewer","Reliquary","Replay The Spire","Robot Space Explorer","Shade Mod","Spicy Shops","StS++","StSLib","Stuff the Spire","The Blue Laboratory","The Caster","The Cursed","The Dragon Tamer","The Dragonkin","The Hierophant","The Judge","The Jungle","TheSurvivalist","Wandering Minibosses"],"gold_per_floor":[116,116,132,307,322,322,322],"floor_reached":6,"language":"ENG","playtime":400,"items_purged":[],"score":45,"play_id":"1e4782d7-e410-4c12-b372-fae7cfa114f4","local_time":"20210223200833","is_ascension_mode":true,"campfire_choices":[],"circlet_count":0,"master_deck":["WordoMod:ScatterAshes+1","WordoMod:ScatterAshes","WordoMod:StrikeCard","WordoMod:StrikeCard","WordoMod:DefendCard","WordoMod:DefendCard","WordoMod:DefendCard","WordoMod:DefendCard","WordoMod:Accursed","WordoMod:IllWill","Doubt","ReplayTheSpireMod:Restless Dread","WordoMod:GivesYouHell"],"relics":["WordoMod:Obsidian","WordoMod:Effigy","EVO:Axolotl"],"acts_visited":["Exordium"],"potions_floor_usage":[],"damage_taken":[{"damage":16,"enemies":"Jaw Worm","floor":1,"turns":4},{"damage":0,"enemies":"2 Louse","floor":3,"turns":1},{"damage":0,"enemies":"Small Slimes","floor":5,"turns":3},{"damage":70,"enemies":"3 Sentries","floor":6,"turns":5}],"seed_played":"-5785152084285591545","potions_obtained":[],"is_trial":false,"path_per_floor":["M","?","M","?","M","E"],"character_chosen":"JUDGE_CLASS","items_purchased":[],"campfire_rested":0,"item_purchase_floors":[],"current_hp_per_floor":[66,66,66,66,66,0,0],"gold":322,"neow_bonus":"TEN_PERCENT_HP_BONUS","is_daily":false,"chose_seed":false,"campfire_upgraded":0,"win_rate":0.0,"timestamp":1614073113,"path_taken":["M","?","M","?","?","E"],"items_purchased_type":[],"build_version":"2020-12-22","purchased_purges":0,"victory":false,"max_hp_per_floor":[82,82,82,82,82,82,82],"card_choices":[{"not_picked":["WordoMod:CurseBuckler","WordoMod:SoulSpear","WordoMod:Resurrection"],"picked":"SKIP","floor":1},{"not_picked":["WordoMod:MementoMori","WordoMod:Retaliate","WordoMod:BurdenOfSin"],"picked":"SKIP","floor":3},{"not_picked":["Parasite","ReplayTheSpireMod:Splinters"],"picked":"ReplayTheSpireMod:Restless Dread","floor":5},{"not_picked":["WordoMod:MentalFortitude","WordoMod:SoulSpear"],"picked":"WordoMod:GivesYouHell","floor":5}],"player_experience":1867222,"relics_obtained":[],"event_choices":[{"damage_healed":0,"gold_gain":175,"player_choice":"AGREE","damage_taken":132,"max_hp_gain":0,"max_hp_loss":0,"event_name":"betterThird:BetterSerpent","floor":4,"gold_loss":0}],"is_beta":false,"boss_relics":[],"items_purged_floors":[],"is_endless":false,"potions_floor_spawned":[],"killed_by":"3 Sentries","ascension_level":5,"is_humility":true}}