{"host":"x4954lblgztusody","time":1614055173,"event":{"mods":["BaseMod","Colored Map","Curses Come First","Minty Spire (QoL Compilation)","Rare Cards Sparkle","StSLib"],"gold_per_floor":[115,115,115,135,154,154,187,13,13,13,31,51,71,88,88,190,190,204,219,144,144,158,186,203,203,203,203,203],"floor_reached":27,"language":"ENG","playtime":1787,"items_purged":[],"score":286,"play_id":"c5a3b6d5-c11a-4f37-bb3e-6007183ed0bc","local_time":"20210222203933","is_ascension_mode":true,"campfire_choices":[{"data":"Bash","floor":6,"key":"SMITH"},{"data":"Offering","floor":10,"key":"SMITH"},{"data":"Flame Barrier","floor":15,"key":"SMITH"},{"data":"Carnage","floor":25,"key":"SMITH"}],"circlet_count":0,"master_deck":["Defend_R","Defend_R","Defend_R","Defend_R","Bash+1","Rampage","Shrug It Off","True Grit","Carnage+1","Offering+1","Combust","Corruption","Sentinel","Flame Barrier+1","Reaper","Battle Trance","Bite","Bite","Bite","Bite","Bite","Battle Trance+1","Burning Pact","Cleave"],"relics":["Burning Blood","StoneCalendar","Sundial","SlaversCollar","Pantograph","Happy Flower"],"acts_visited":["Exordium","TheCity"],"potions_floor_usage":[11,16,16,16,24],"damage_taken":[{"damage":19,"enemies":"Small Slimes","floor":1,"turns":4},{"damage":11,"enemies":"Jaw Worm","floor":4,"turns":4},{"damage":1,"enemies":"Cultist","floor":5,"turns":4},{"damage":23,"enemies":"Gremlin Nob","floor":7,"turns":5},{"damage":12,"enemies":"Large Slime","floor":11,"turns":5},{"damage":13,"enemies":"3 Louse","floor":12,"turns":3},{"damage":19,"enemies":"Gremlin Gang","floor":13,"turns":3},{"damage":7,"enemies":"Exordium Wildlife","floor":14,"turns":4},{"damage":27,"enemies":"Slime Boss","floor":16,"turns":7},{"damage":13,"enemies":"Chosen","floor":18,"turns":4},{"damage":32,"enemies":"Shell Parasite","floor":19,"turns":7},{"damage":50,"enemies":"Snake Plant","floor":22,"turns":7},{"damage":39,"enemies":"Gremlin Leader","floor":23,"turns":7},{"damage":51,"enemies":"Chosen and Byrds","floor":24,"turns":7},{"damage":43,"enemies":"Book of Stabbing","floor":27,"turns":5}],"seed_played":"1207832738589928951","potions_obtained":[{"floor":4,"key":"Strength Potion"},{"floor":5,"key":"LiquidMemories"},{"floor":7,"key":"SneckoOil"},{"floor":11,"key":"Explosive Potion"},{"floor":19,"key":"AttackPotion"}],"is_trial":false,"path_per_floor":["M","?","?","M","M","R","E","$","T","R","M","M","M","M","R","B",null,"M","M","?","?","M","E","M","R","T","E"],"character_chosen":"IRONCLAD","items_purchased":["Offering","Combust"],"campfire_rested":0,"item_purchase_floors":[8,8],"current_hp_per_floor":[83,83,83,78,83,83,66,66,66,66,60,53,40,39,39,18,96,93,73,73,67,43,37,11,11,11,0,0],"gold":203,"neow_bonus":"TWENTY_PERCENT_HP_BONUS","is_daily":false,"chose_seed":false,"campfire_upgraded":4,"win_rate":0.0,"timestamp":1614055173,"path_taken":["M","?","?","M","M","R","E","$","T","R","M","M","?","?","R","BOSS","M","M","?","?","M","E","M","R","T","E"],"items_purchased_type":["Card","Card"],"build_version":"2020-12-22","purchased_purges":0,"victory":false,"max_hp_per_floor":[96,96,96,96,96,96,96,96,96,96,96,96,96,96,96,96,96,96,96,96,67,67,67,67,67,67,67,67],"card_choices":[{"not_picked":["Headbutt","Warcry"],"picked":"Rampage","floor":1},{"not_picked":["Iron Wave","Perfected Strike"],"picked":"Shrug It Off","floor":4},{"not_picked":["Second Wind","Reckless Charge"],"picked":"True Grit","floor":5},{"not_picked":["Sword Boomerang","Headbutt"],"picked":"Carnage","floor":7},{"not_picked":["Cleave","Flame Barrier"],"picked":"Corruption","floor":11},{"not_picked":["Havoc","Dual Wield","Heavy Blade"],"picked":"SKIP","floor":12},{"not_picked":["Sword Boomerang","Bloodletting"],"picked":"Sentinel","floor":13},{"not_picked":["Carnage","Entrench"],"picked":"Flame Barrier","floor":14},{"not_picked":["Exhume","Corruption"],"picked":"Reaper","floor":16},{"not_picked":["Clash+1","Iron Wave"],"picked":"Battle Trance","floor":18},{"not_picked":["Intimidate","Flex","Sentinel"],"picked":"SKIP","floor":19},{"not_picked":["Sentinel","Thunderclap"],"picked":"Battle Trance+1","floor":22},{"not_picked":["Pommel Strike","Wild Strike"],"picked":"Burning Pact","floor":23},{"not_picked":["Second Wind","Clothesline"],"picked":"Cleave","floor":24}],"player_experience":37495,"relics_obtained":[{"floor":7,"key":"StoneCalendar"},{"floor":9,"key":"Sundial"},{"floor":23,"key":"Pantograph"},{"floor":26,"key":"Happy Flower"}],"event_choices":[{"damage_healed":0,"gold_gain":0,"player_choice":"Ignored","damage_taken":0,"max_hp_gain":0,"max_hp_loss":0,"event_name":"Liars Game","floor":2,"gold_loss":0},{"cards_removed":["Pain"],"damage_healed":0,"gold_gain":0,"player_choice":"Forget","damage_taken":0,"max_hp_gain":0,"max_hp_loss":0,"event_name":"Living Wall","floor":3,"gold_loss":0},{"cards_removed":["Strike_R"],"damage_healed":0,"gold_gain":0,"player_choice":"Gave Gold","damage_taken":0,"max_hp_gain":0,"max_hp_loss":0,"event_name":"Beggar","floor":20,"gold_loss":75},{"damage_healed":0,"gold_gain":0,"player_choice":"Became a vampire","damage_taken":0,"max_hp_gain":0,"max_hp_loss":29,"event_name":"Vampires","floor":21,"gold_loss":0,"cards_obtained":["Bite","Bite","Bite","Bite","Bite"]}],"is_beta":false,"boss_relics":[{"not_picked":["Ectoplasm","Astrolabe"],"picked":"SlaversCollar"}],"items_purged_floors":[],"is_endless":false,"potions_floor_spawned":[4,5,7,11,19],"killed_by":"Book of Stabbing","ascension_level":2}}