{"host":"7fyy23rucerupe6i","time":1614059631,"event":{"mods":["AchievementEnabler","Act Like it!","Aspiration","BaseMod","Better Note","BetterRewards","Colored Map","Colored Powertips","Conspire","Curses Come First","Custom Start","Downfall","Googly Eyes","Marisa£®ÏF”Í°°ƒß¿Ì…≥£©","Minty Spire (QoL Compilation)","Quick Restart","Relic Stats","Shop Mod","ShortenTheSpire","Spicy Shops","StSLib","SuperFastMode","The Blackbeard","The Construct","The Cursed","The Senshi","The Servant 0.9.4"],"gold_per_floor":[115,133,147,422,8,8,22,50,77,12,37,72,231,256,256,336,363,377,413,84,100,119,119,147,174,174,185,194,234,10,37,37,124,124,135,154,165,179,40,40,75,50,50,75,90,101,110,138,138,138,138,138,138,16,44,44],"floor_reached":57,"language":"ZHS","playtime":2652,"items_purged":["Strike_G","Regret","Doubt","Strike_G","Normality","Writhe"],"score":3499,"play_id":"8e1aaa74-ab87-4021-b9b1-e388cac7cbd8","local_time":"20210223135351","is_ascension_mode":true,"campfire_choices":[{"data":"Blade Dance","floor":6,"key":"SMITH"},{"data":"Cloak And Dagger","floor":15,"key":"SMITH"},{"data":"Finisher","floor":23,"key":"SMITH"},{"data":"Accuracy","floor":32,"key":"SMITH"},{"floor":40,"key":"RECALL"},{"data":"Phantasmal Killer","floor":49,"key":"SMITH"},{"data":"Cloak And Dagger","floor":53,"key":"SMITH"}],"circlet_count":0,"master_deck":["AscendersBane","Strike_G","Strike_G+1","Defend_G","Defend_G","Defend_G","Survivor","Neutralize+1","Dodge and Roll","Purity","Terror","Blade Dance+1","Backstab","Neutralize+1","Infinite Blades","Cloak And Dagger+1","Finisher+1","Cloak And Dagger+1","Acrobatics","Phantasmal Killer+1","Caltrops+1","Backstab+1","Envenom+1","Blade Dance","Predator","Wraith Form v2","Accuracy+1","Venomology","Sadistic Nature"],"relics":["Ring of the Snake","Shuriken","Membership Card","FossilizedHelix","TheAbacus","aspiration:AnachronicSnailShell","MerchantsRug","Happy Flower","HandDrill","Akabeko","Thread and Needle","CeramicFish","bronze:BronzeIdol","Bottled Flame","Bag of Preparation","ClockworkSouvenir","Snake Skull","Red Mask","aspiration:FetidBarrel","Bottled Tornado","The Courier","bronze:DecasWashers","Cauldron","aspiration:Lifesprig","Bag of Marbles","Ornamental Fan","Anchor","HornCleat","Vajra","Potion Belt","Centennial Puzzle","Bird Faced Urn","Nunchaku","champ:Barbells","Bronze Scales","Pen Nib","conspire:Boomerang"],"acts_visited":["Exordium","TheCity","TheBeyond","TheEnding"],"potions_floor_usage":[8,20,51,51],"damage_taken":[{"damage":0,"enemies":"Cultist","floor":1,"turns":4},{"damage":0,"enemies":"2 Louse","floor":2,"turns":4},{"damage":0,"enemies":"Jaw Worm","floor":3,"turns":2},{"damage":0,"enemies":"Gremlin Gang","floor":7,"turns":3},{"damage":0,"enemies":"Gremlin Nob","floor":8,"turns":3},{"damage":0,"enemies":"Blue Slaver","floor":11,"turns":2},{"damage":0,"enemies":"Lagavulin","floor":12,"turns":5},{"damage":0,"enemies":"Looter","floor":14,"turns":1},{"damage":8,"enemies":"The Guardian","floor":16,"turns":7},{"damage":0,"enemies":"conspire:FuzzyDice","floor":18,"turns":4},{"damage":19,"enemies":"conspire:MimicChest","floor":19,"turns":4},{"damage":0,"enemies":"Shell Parasite","floor":21,"turns":2},{"damage":0,"enemies":"Cultist and Chosen","floor":22,"turns":4},{"damage":0,"enemies":"Masked Bandits","floor":24,"turns":1},{"damage":0,"enemies":"Book of Stabbing","floor":25,"turns":1},{"damage":4,"enemies":"conspire:HollyBat","floor":27,"turns":5},{"damage":0,"enemies":"conspire:Head Lice","floor":29,"turns":2},{"damage":0,"enemies":"Slavers","floor":31,"turns":1},{"damage":0,"enemies":"Collector","floor":33,"turns":3},{"damage":0,"enemies":"3 Darklings","floor":35,"turns":2},{"damage":0,"enemies":"Orb Walker","floor":36,"turns":1},{"damage":0,"enemies":"Sphere and 2 Shapes","floor":37,"turns":2},{"damage":0,"enemies":"Spire Growth","floor":38,"turns":2},{"damage":0,"enemies":"Reptomancer","floor":41,"turns":3},{"damage":0,"enemies":"Giant Head","floor":44,"turns":2},{"damage":0,"enemies":"Jaw Worm Horde","floor":45,"turns":1},{"damage":0,"enemies":"Writhing Mass","floor":46,"turns":3},{"damage":0,"enemies":"Reptomancer","floor":48,"turns":1},{"damage":4,"enemies":"Donu and Deca","floor":50,"turns":5},{"damage":0,"enemies":"Awakened One","floor":51,"turns":4},{"damage":0,"enemies":"Shield and Spear","floor":55,"turns":3},{"damage":53,"enemies":"The Heart","floor":56,"turns":4}],"seed_played":"-6455540264677297256","potions_obtained":[{"floor":2,"key":"AttackPotion"},{"floor":3,"key":"FearPotion"},{"floor":11,"key":"EssenceOfSteel"},{"floor":14,"key":"CunningPotion"},{"floor":22,"key":"champ:CounterPotion"},{"floor":24,"key":"Slimebound:ThreeZeroPotion"},{"floor":41,"key":"DuplicationPotion"},{"floor":44,"key":"LiquidMemories"},{"floor":48,"key":"Fire Potion"},{"floor":55,"key":"SteroidPotion"}],"is_trial":false,"path_per_floor":["M","M","M","?","$","R","M","E","T","$","M","E","?","M","R","B",null,"M","?","$","M","M","R","?","E","T","M","?","E","$","E","R","B",null,"M","M","M","M","$","R","E","$","T","E","M","M","?","E","R","B","B",null,"R","$","E","B",null],"character_chosen":"THE_SILENT","items_purchased":["Shuriken","Membership Card","Dodge and Roll","FossilizedHelix","TheAbacus","Whetstone","DollysMirror","Infinite Blades","MerchantsRug","Happy Flower","HandDrill","Akabeko","PreservedInsect","Bag of Preparation","ClockworkSouvenir","Snake Skull","Predator","Fruit Juice","Cauldron","Accuracy","aspiration:Lifesprig","Bag of Marbles","Anchor","HornCleat","Potion Belt","Nunchaku","champ:Barbells","Bronze Scales","Pen Nib"],"campfire_rested":0,"item_purchase_floors":[0,0,0,0,0,0,5,5,5,5,5,5,10,20,20,20,20,20,30,30,30,30,39,39,42,54,54,54,54],"current_hp_per_floor":[28,28,28,28,28,28,28,28,28,28,28,28,28,28,28,20,55,55,36,41,41,41,41,41,41,41,37,37,37,37,37,37,37,63,63,63,63,63,63,63,63,63,63,63,63,63,58,58,58,64,71,71,71,71,71,22],"gold":44,"neow_bonus":"","is_daily":false,"chose_seed":false,"campfire_upgraded":6,"win_rate":0.0,"timestamp":1614059631,"path_taken":["M","?","M","?","?","R","M","E","T","$","?","E","?","M","R","BOSS","M","?","$","M","M","R","?","E","T","M","?","E","$","E","R","BOSS","M","M","M","M","$","R","E","$","T","E","M","M","?","E","R","BOSS","BOSS","R","$","E","BOSS"],"items_purchased_type":["Relic","Relic","Card","Relic","Relic","Relic","Relic","Card","Relic","Relic","Relic","Relic","Relic","Relic","Relic","Relic","Card","Potion","Relic","Card","Relic","Relic","Relic","Relic","Relic","Relic","Relic","Relic","Relic"],"build_version":"2020-12-22","purchased_purges":6,"victory":true,"max_hp_per_floor":[66,66,66,66,66,66,66,66,66,66,66,66,66,66,66,66,66,66,66,71,71,71,71,71,71,71,71,71,71,71,71,71,71,71,71,71,71,71,71,71,71,71,71,71,71,71,71,71,71,71,71,71,71,71,71,71],"relic_stats":{"Happy Flower":[27],"counters":[32,91],"CeramicFish":144,"Snake Skull":[615],"Pen Nib":[3],"Bag of Preparation":[42],"Centennial Puzzle":[6],"Nunchaku":[3],"TheAbacus":[42],"Shuriken":[103],"Ornamental Fan":[160],"Bird Faced Urn":[21],"Bronze Scales":[243],"HandDrill":[36],"obtain_stats":[{"Regal Pillow":0,"aspiration:Lifesprig":30,"CeramicFish":9,"Vajra":41,"Snake Skull":20,"Bag of Preparation":20,"Whetstone":0,"Bottled Tornado":26,"ClockworkSouvenir":20,"Sozu":34,"Centennial Puzzle":44,"Nunchaku":54,"TheAbacus":0,"HornCleat":39,"DollysMirror":5,"aspiration:AnachronicSnailShell":0,"HandDrill":5,"Red Mask":24,"Ring of the Snake":0,"Potion Belt":42,"MerchantsRug":5,"champ:Barbells":54,"Happy Flower":5,"aspiration:FetidBarrel":25,"Astrolabe":17,"bronze:DecasWashers":29,"Thread and Needle":8,"PreservedInsect":10,"The Courier":28,"Pen Nib":54,"conspire:Boomerang":55,"Akabeko":5,"bronze:BronzeIdol":12,"Cauldron":30,"Bottled Flame":19,"Anchor":39,"Shuriken":0,"Ornamental Fan":31,"Bird Faced Urn":48,"Bronze Scales":54,"Bag of Marbles":30,"Membership Card":0,"FossilizedHelix":0},{"Regal Pillow":0,"aspiration:Lifesprig":17,"CeramicFish":5,"Vajra":24,"Snake Skull":11,"Bag of Preparation":11,"Whetstone":0,"Bottled Tornado":15,"ClockworkSouvenir":11,"Sozu":19,"Centennial Puzzle":25,"Nunchaku":30,"TheAbacus":0,"HornCleat":23,"DollysMirror":3,"aspiration:AnachronicSnailShell":0,"HandDrill":3,"Red Mask":14,"Ring of the Snake":0,"Potion Belt":24,"MerchantsRug":3,"champ:Barbells":30,"Happy Flower":3,"aspiration:FetidBarrel":15,"Astrolabe":9,"bronze:DecasWashers":17,"Thread and Needle":5,"PreservedInsect":5,"The Courier":16,"Pen Nib":30,"conspire:Boomerang":31,"Akabeko":3,"bronze:BronzeIdol":7,"Cauldron":17,"Bottled Flame":11,"Anchor":23,"Shuriken":0,"Ornamental Fan":18,"Bird Faced Urn":28,"Bronze Scales":30,"Bag of Marbles":17,"Membership Card":0,"FossilizedHelix":0},{"Regal Pillow":0,"aspiration:Lifesprig":54,"CeramicFish":16,"Vajra":68,"Snake Skull":39,"Bag of Preparation":39,"Whetstone":0,"Bottled Tornado":47,"ClockworkSouvenir":39,"Sozu":58,"Centennial Puzzle":70,"Nunchaku":84,"TheAbacus":0,"HornCleat":65,"DollysMirror":10,"aspiration:AnachronicSnailShell":0,"HandDrill":10,"Red Mask":46,"Ring of the Snake":0,"Potion Belt":68,"MerchantsRug":10,"champ:Barbells":84,"Happy Flower":10,"aspiration:FetidBarrel":47,"Astrolabe":31,"bronze:DecasWashers":54,"Thread and Needle":16,"PreservedInsect":16,"The Courier":52,"Pen Nib":84,"conspire:Boomerang":87,"Akabeko":10,"bronze:BronzeIdol":23,"Cauldron":54,"Bottled Flame":39,"Anchor":65,"Shuriken":0,"Ornamental Fan":55,"Bird Faced Urn":75,"Bronze Scales":84,"Bag of Marbles":54,"Membership Card":0,"FossilizedHelix":0}],"Ring of the Snake":[64]},"card_choices":[{"not_picked":["Deflect","Quick Slash"],"picked":"Terror","floor":1},{"not_picked":["Slice","Unload"],"picked":"Blade Dance","floor":2},{"not_picked":["Crippling Poison","Outmaneuver"],"picked":"Backstab","floor":3},{"not_picked":["Escape Plan","Deflect"],"picked":"Cloak And Dagger","floor":7},{"not_picked":["Deadly Poison","PiercingWail","Eviscerate"],"picked":"SKIP","floor":8},{"not_picked":["Cloak And Dagger","Storm of Steel"],"picked":"Finisher","floor":11},{"not_picked":["Dagger Throw","Deadly Poison"],"picked":"Cloak And Dagger","floor":12},{"not_picked":["Concentrate","Prepared"],"picked":"Acrobatics","floor":14},{"not_picked":["Tools of the Trade","Storm of Steel"],"picked":"Phantasmal Killer","floor":16},{"not_picked":["Blur","Backstab","Reflex"],"picked":"SKIP","floor":18},{"not_picked":["Dodge and Roll","Underhanded Strike"],"picked":"Blade Dance","floor":19},{"not_picked":["Eviscerate","Dagger Spray+1","Underhanded Strike"],"picked":"SKIP","floor":21},{"not_picked":["Flechettes","Deflect","Calculated Gamble"],"picked":"SKIP","floor":22},{"not_picked":["Dodge and Roll","Tools of the Trade","Skewer"],"picked":"SKIP","floor":25},{"not_picked":["Slice","Deflect","Dagger Throw"],"picked":"SKIP","floor":27},{"not_picked":["Quick Slash","Flying Knee"],"picked":"Wraith Form v2","floor":29},{"not_picked":["Noxious Fumes","Underhanded Strike","Dagger Throw"],"picked":"SKIP","floor":31},{"not_picked":["Doppelganger","Storm of Steel"],"picked":"Venomology","floor":33},{"not_picked":["Dodge and Roll+1","Slice","Flechettes"],"picked":"SKIP","floor":35},{"not_picked":["Acrobatics+1","Underhanded Strike+1","Poisoned Stab"],"picked":"SKIP","floor":36},{"not_picked":["Terror","Choke","Concentrate"],"picked":"SKIP","floor":37},{"not_picked":["Blade Dance","Backflip","Dagger Throw+1"],"picked":"SKIP","floor":38},{"not_picked":["Dodge and Roll","conspire:PoisonWeapons","Riddle With Holes"],"picked":"SKIP","floor":41},{"not_picked":["Corpse Explosion","Dash","Cloak And Dagger+1"],"picked":"SKIP","floor":44},{"not_picked":["Catalyst","Acrobatics","Flying Knee+1"],"picked":"SKIP","floor":45},{"not_picked":["Outmaneuver+1","Dodge and Roll+1","Dagger Throw"],"picked":"SKIP","floor":46},{"not_picked":["Enlightenment","Finesse"],"picked":"Sadistic Nature","floor":47},{"not_picked":["Outmaneuver","Well Laid Plans","Expertise"],"picked":"SKIP","floor":48},{"not_picked":["Underhanded Strike+1","Dodge and Roll","Escape Plan+1"],"picked":"SKIP","floor":55}],"player_experience":592202,"relics_obtained":[{"floor":8,"key":"Thread and Needle"},{"floor":9,"key":"CeramicFish"},{"floor":12,"key":"bronze:BronzeIdol"},{"floor":19,"key":"Bottled Flame"},{"floor":24,"key":"Red Mask"},{"floor":25,"key":"aspiration:FetidBarrel"},{"floor":26,"key":"Bottled Tornado"},{"floor":29,"key":"bronze:DecasWashers"},{"floor":31,"key":"Ornamental Fan"},{"floor":41,"key":"Vajra"},{"floor":44,"key":"Centennial Puzzle"},{"floor":48,"key":"Bird Faced Urn"},{"floor":55,"key":"conspire:Boomerang"}],"event_choices":[{"damage_healed":0,"gold_gain":275,"player_choice":"Desecrate","damage_taken":0,"max_hp_gain":0,"max_hp_loss":0,"event_name":"Golden Shrine","floor":4,"gold_loss":0,"cards_obtained":["Regret"]},{"damage_healed":0,"gold_gain":150,"player_choice":"AGREE","damage_taken":0,"max_hp_gain":0,"max_hp_loss":0,"event_name":"Liars Game","floor":13,"gold_loss":0,"cards_obtained":["Doubt"]},{"damage_healed":0,"gold_gain":0,"player_choice":"Fought Bandits","damage_taken":0,"max_hp_gain":0,"max_hp_loss":0,"event_name":"Masked Bandits","floor":24,"gold_loss":0},{"damage_healed":0,"gold_gain":0,"player_choice":"Opened","damage_taken":0,"relics_obtained":["The Courier"],"max_hp_gain":0,"max_hp_loss":0,"event_name":"The Mausoleum","floor":28,"gold_loss":0,"cards_obtained":["Writhe"]},{"damage_healed":0,"gold_gain":0,"player_choice":"Memory 2","damage_taken":5,"max_hp_gain":0,"max_hp_loss":0,"event_name":"SensoryStone","floor":47,"gold_loss":0}],"is_beta":false,"boss_relics":[{"not_picked":["Cursed Key","aspiration:DefectSkillbook"],"picked":"Astrolabe"},{"not_picked":["Pandora\u0027s Box","Snecko Eye"],"picked":"Sozu"}],"items_purged_floors":[0,5,20,20,30,39],"is_endless":false,"potions_floor_spawned":[2,3,11,14,18,22,24,29,38,41,44,48,55],"ascension_level":20}}