{"host":"5mo0809oo9tcrmpl","time":1614046088,"event":{"mods":["BaseMod","Highlight Path","Minty Spire (QoL Compilation)","Relic Stats","Slay the Relics Exporter"],"gold_per_floor":[112,92,111,128,146,146,164,189,269,280,309,328,328,345,345,419,419,438,473,473,483,495,495,147,162,210,222,247,247,6,6,6,81,81,91,91,91,91],"floor_reached":37,"language":"ENG","playtime":3275,"items_purged":["Strike_G"],"score":806,"play_id":"605d3f34-41fc-40ea-b39f-8a570418bb98","local_time":"20210222200808","is_ascension_mode":true,"campfire_choices":[{"data":"Crippling Poison","floor":6.0,"key":"SMITH"},{"data":"Neutralize","floor":13.0,"key":"SMITH"},{"floor":15.0,"key":"REST"},{"floor":23.0,"key":"REST"},{"floor":29.0,"key":"REST"},{"floor":32.0,"key":"REST"}],"circlet_count":0,"master_deck":["AscendersBane","Strike_G","Strike_G","Strike_G","Strike_G","Defend_G","Defend_G","Defend_G","Defend_G","Defend_G","Survivor","Neutralize+1","All Out Attack","Poisoned Stab","Masterful Stab","Crippling Poison+1","PiercingWail","Bane","Skewer","Dagger Throw","Blade Dance","Predator","Night Terror","Well Laid Plans+1","Backflip+1","RitualDagger","Riddle With Holes+1","Catalyst+1","Blur+1","Storm of Steel","Cloak And Dagger","Crippling Poison","Tools of the Trade","PiercingWail"],"relics":["Ring of the Snake","NeowsBlessing","InkBottle","Kunai","TungstenRod","Snecko Eye","Red Mask","Toy Ornithopter","War Paint","Juzu Bracelet","Art of War","SlaversCollar"],"acts_visited":["Exordium","TheCity","TheBeyond"],"potions_floor_usage":[35],"damage_taken":[{"damage":0.0,"enemies":"Small Slimes","floor":1.0,"turns":1.0},{"damage":0.0,"enemies":"Cultist","floor":3.0,"turns":1.0},{"damage":0.0,"enemies":"Jaw Worm","floor":4.0,"turns":1.0},{"damage":15.0,"enemies":"Large Slime","floor":5.0,"turns":6.0},{"damage":2.0,"enemies":"2 Fungi Beasts","floor":7.0,"turns":3.0},{"damage":31.0,"enemies":"3 Sentries","floor":8.0,"turns":4.0},{"damage":1.0,"enemies":"3 Louse","floor":10.0,"turns":2.0},{"damage":22.0,"enemies":"Lagavulin","floor":11.0,"turns":5.0},{"damage":4.0,"enemies":"Gremlin Gang","floor":12.0,"turns":3.0},{"damage":2.0,"enemies":"Red Slaver","floor":14.0,"turns":3.0},{"damage":18.0,"enemies":"Hexaghost","floor":16.0,"turns":10.0},{"damage":8.0,"enemies":"Spheric Guardian","floor":18.0,"turns":4.0},{"damage":17.0,"enemies":"Masked Bandits","floor":19.0,"turns":4.0},{"damage":0.0,"enemies":"3 Byrds","floor":21.0,"turns":4.0},{"damage":4.0,"enemies":"Cultist and Chosen","floor":22.0,"turns":4.0},{"damage":7.0,"enemies":"Centurion and Healer","floor":25.0,"turns":5.0},{"damage":8.0,"enemies":"Sentry and Sphere","floor":27.0,"turns":6.0},{"damage":17.0,"enemies":"Book of Stabbing","floor":28.0,"turns":9.0},{"damage":8.0,"enemies":"Automaton","floor":33.0,"turns":18.0},{"damage":37,"enemies":"3 Darklings","floor":35,"turns":12},{"damage":29,"enemies":"Orb Walker","floor":37,"turns":4}],"seed_played":"7324691364901733320","potions_obtained":[{"floor":1.0,"key":"Regen Potion"},{"floor":2.0,"key":"Regen Potion"},{"floor":8.0,"key":"GamblersBrew"},{"floor":11.0,"key":"Swift Potion"},{"floor":14.0,"key":"Weak Potion"},{"floor":21.0,"key":"Energy Potion"},{"floor":33,"key":"BlessingOfTheForge"},{"floor":35,"key":"Weak Potion"}],"is_trial":false,"path_per_floor":["M","?","M","M","M","R","M","E","T","M","E","M","R","M","R","B",null,"M","?","?","M","M","R","$","M","T","M","E","R","$","?","R","B",null,"M","?","M"],"character_chosen":"THE_SILENT","items_purchased":["GhostInAJar","Toy Ornithopter","Crippling Poison","Art of War"],"campfire_rested":4,"item_purchase_floors":[24,24,30,30],"current_hp_per_floor":[59,59,59,59,44,44,42,23,23,22,14,10,10,8,27,9,52,44,27,22,22,18,37,37,30,30,27,15,34,34,34,53,45,61,29,29,0,0],"gold":91,"neow_bonus":"THREE_ENEMY_KILL","is_daily":false,"chose_seed":false,"campfire_upgraded":2,"win_rate":0.0,"timestamp":1614046088,"path_taken":["M","?","M","?","M","R","M","E","T","?","E","M","R","?","R","BOSS","M","?","?","M","M","R","$","M","T","M","E","R","$","?","R","BOSS","BOSS","M","?","M"],"items_purchased_type":["Potion","Relic","Card","Relic"],"build_version":"2020-12-22","purchased_purges":1,"victory":false,"max_hp_per_floor":[66,66,66,66,66,66,66,66,66,66,66,66,66,66,66,66,66,66,66,66,66,66,66,66,66,66,66,66,66,66,66,66,66,66,66,66,66,66],"relic_stats":{"counters":[21,109],"Snecko Eye":[133,156,121,146],"Juzu Bracelet":0,"Art of War":[1],"Kunai":[66],"War Paint":["Blur","Catalyst"],"obtain_stats":[{"SlaversCollar":34,"NeowsBlessing":0,"Snecko Eye":17,"Red Mask":19,"Juzu Bracelet":28,"Art of War":30,"Kunai":9,"War Paint":26,"InkBottle":8,"TungstenRod":11,"Toy Ornithopter":24,"Ring of the Snake":0},{"SlaversCollar":19,"NeowsBlessing":0,"Snecko Eye":11,"Red Mask":13,"Juzu Bracelet":18,"Art of War":18,"Kunai":6,"War Paint":16,"InkBottle":6,"TungstenRod":8,"Toy Ornithopter":15,"Ring of the Snake":0},{"SlaversCollar":93,"NeowsBlessing":0,"Snecko Eye":39,"Red Mask":47,"Juzu Bracelet":75,"Art of War":75,"Kunai":16,"War Paint":60,"InkBottle":16,"TungstenRod":23,"Toy Ornithopter":55,"Ring of the Snake":0}],"InkBottle":[41],"TungstenRod":72,"Toy Ornithopter":15,"Ring of the Snake":[42]},"card_choices":[{"not_picked":["Infinite Blades","Sucker Punch"],"picked":"All Out Attack","floor":1.0},{"not_picked":["Acrobatics","Sucker Punch"],"picked":"Poisoned Stab","floor":3.0},{"not_picked":["Crippling Poison","Heel Hook"],"picked":"Masterful Stab","floor":4.0},{"not_picked":["Reflex","Bane"],"picked":"Crippling Poison","floor":5.0},{"not_picked":["Choke","Backflip"],"picked":"PiercingWail","floor":7.0},{"not_picked":["Doppelganger","Riddle With Holes"],"picked":"Bane","floor":8.0},{"not_picked":["Dash","Quick Slash"],"picked":"Skewer","floor":10.0},{"not_picked":["Eviscerate","Acrobatics"],"picked":"Dagger Throw","floor":11.0},{"not_picked":["Endless Agony","Sucker Punch"],"picked":"Blade Dance","floor":12.0},{"not_picked":["Tactician","Sucker Punch"],"picked":"Predator","floor":14.0},{"not_picked":["Doppelganger","Adrenaline"],"picked":"Night Terror","floor":16.0},{"not_picked":["Deflect","Crippling Poison"],"picked":"Well Laid Plans+1","floor":18.0},{"not_picked":["Finisher","Dagger Throw"],"picked":"Backflip+1","floor":19.0},{"not_picked":["Deadly Poison","Distraction"],"picked":"Riddle With Holes+1","floor":21.0},{"not_picked":["Dagger Spray","Slice"],"picked":"Catalyst","floor":22.0},{"not_picked":["Acrobatics","Bane"],"picked":"Blur","floor":25.0},{"not_picked":["Reflex","Quick Slash"],"picked":"Storm of Steel","floor":27.0},{"not_picked":["Outmaneuver","Dagger Spray"],"picked":"Cloak And Dagger","floor":28.0},{"not_picked":["Grand Finale","Envenom"],"picked":"Tools of the Trade","floor":33},{"not_picked":["Bane","Dagger Spray+1"],"picked":"PiercingWail","floor":35}],"player_experience":1308843,"relics_obtained":[{"floor":8.0,"key":"InkBottle"},{"floor":9.0,"key":"Kunai"},{"floor":11.0,"key":"TungstenRod"},{"floor":19.0,"key":"Red Mask"},{"floor":26.0,"key":"War Paint"},{"floor":28.0,"key":"Juzu Bracelet"}],"event_choices":[{"damage_healed":0.0,"max_hp_gain":0.0,"max_hp_loss":0.0,"gold_gain":0.0,"event_name":"The Woman in Blue","player_choice":"Bought 1 Potion","floor":2.0,"gold_loss":0.0,"damage_taken":0.0},{"damage_healed":0.0,"max_hp_gain":0.0,"max_hp_loss":0.0,"gold_gain":0.0,"event_name":"Masked Bandits","player_choice":"Fought Bandits","floor":19.0,"gold_loss":0.0,"damage_taken":0.0},{"damage_healed":0.0,"max_hp_gain":0.0,"max_hp_loss":0.0,"gold_gain":0.0,"event_name":"Nest","player_choice":"Joined the Cult","floor":20.0,"gold_loss":0.0,"damage_taken":6.0,"cards_obtained":["RitualDagger"]},{"damage_healed":0.0,"max_hp_gain":0.0,"max_hp_loss":0.0,"gold_gain":0.0,"event_name":"Vampires","player_choice":"Ignored","floor":31.0,"gold_loss":0.0,"damage_taken":0.0},{"damage_healed":0,"gold_gain":0,"player_choice":"Ignored","damage_taken":0,"max_hp_gain":0,"max_hp_loss":0,"event_name":"The Moai Head","floor":36,"gold_loss":0}],"is_beta":false,"boss_relics":[{"not_picked":["Pandora\u0027s Box","Runic Pyramid"],"picked":"Snecko Eye"},{"not_picked":["Black Star","Philosopher\u0027s Stone"],"picked":"SlaversCollar"}],"items_purged_floors":[24],"is_endless":false,"potions_floor_spawned":[1,5,8,11,14,21,25,33,35],"killed_by":"Orb Walker","ascension_level":20}}