{"host":"l1pzlbpva2o8t11s","time":1614093137,"event":{"mods":["AchievementEnabler","BaseMod","Block Reminder","Colored Map","Minty Spire (QoL Compilation)","Random Character Button","Relic Stats","StSLib","The Jungle"],"gold_per_floor":[116,62,12,12,87,87,87],"floor_reached":6,"language":"ENG","playtime":266,"items_purged":[],"score":35,"play_id":"f70795a9-3147-4faa-92c3-233e64ac3e06","local_time":"20210223161217","is_ascension_mode":true,"campfire_choices":[],"circlet_count":0,"master_deck":["Strike_R","Strike_R","Strike_R","Strike_R","Defend_R","Defend_R","Defend_R","Bash","Deep Breath","Shrug It Off","Shrug It Off"],"relics":["Burning Blood"],"acts_visited":["Exordium"],"potions_floor_usage":[6],"damage_taken":[{"damage":0,"enemies":"Small Slimes","floor":1,"turns":3},{"damage":39,"enemies":"Lagavulin","floor":6,"turns":10}],"seed_played":"2041947110759425717","potions_obtained":[{"floor":1,"key":"Dexterity Potion"}],"is_trial":false,"path_per_floor":["M","$","?","?","?","E"],"character_chosen":"IRONCLAD","items_purchased":["Shrug It Off"],"campfire_rested":0,"item_purchase_floors":[2],"current_hp_per_floor":[80,80,80,73,62,23,23],"gold":87,"neow_bonus":"RANDOM_COLORLESS","is_daily":false,"chose_seed":false,"campfire_upgraded":0,"win_rate":0.0,"timestamp":1614093137,"path_taken":["M","$","?","?","?","E"],"items_purchased_type":["Card"],"build_version":"2020-12-22","purchased_purges":0,"victory":false,"max_hp_per_floor":[80,80,80,80,80,80,80],"relic_stats":{"counters":[2,13],"obtain_stats":[{"Burning Blood":0},{"Burning Blood":0},{"Burning Blood":0}],"Burning Blood":0},"card_choices":[{"not_picked":["Jack Of All Trades","Discovery"],"picked":"Deep Breath","floor":0},{"not_picked":["Dark Embrace","Clothesline"],"picked":"Shrug It Off","floor":1}],"player_experience":217800,"relics_obtained":[],"event_choices":[{"cards_removed":["Defend_R"],"damage_healed":0,"gold_gain":0,"player_choice":"Card Removal","damage_taken":0,"max_hp_gain":0,"max_hp_loss":0,"event_name":"The Cleric","floor":3,"gold_loss":50},{"cards_removed":["Strike_R"],"damage_healed":0,"gold_gain":0,"player_choice":"Card Removal","damage_taken":7,"max_hp_gain":0,"max_hp_loss":0,"event_name":"Golden Wing","floor":4,"gold_loss":0},{"damage_healed":0,"gold_gain":75,"player_choice":"Gather Gold","damage_taken":11,"max_hp_gain":0,"max_hp_loss":0,"event_name":"World of Goop","floor":5,"gold_loss":0}],"is_beta":false,"boss_relics":[],"items_purged_floors":[],"is_endless":false,"potions_floor_spawned":[1],"killed_by":"Lagavulin","ascension_level":2}}