{"host":"h9c2ptiayi21rmia","time":1614114925,"event":{"mods":["AchievementEnabler","Aspiration","BaseMod","Better Altar","Better Match","Better Note","Better Sensory Stone","Better Skull","Better Third Choice","Better Vampires","Block Reminder","ChefMod","Dio Mod","Evolution","Hermit","Hubris","JesterMod","Jorbs\u0027s Wanderer Trilogy","Kratos Character Expansion","Minty Spire (QoL Compilation)","Permanent Neow","Poor People Problems","Relic Stats","Replay The Spire","Shade Mod","Small Relic Pack","Spicy Shops","StS++","StSLib","The Marked","TheSwordswoman"],"gold_per_floor":[111,111,126,126,6,34,47,47,47,63,90,90,103,103,103,205,205,224,241,241,241,241,241,252,230,230,230,261,21,21],"floor_reached":29,"language":"ENG","playtime":2308,"items_purged":[],"score":326,"play_id":"f62491bd-fe85-4160-87c1-9778686cd0be","local_time":"20210223161525","is_ascension_mode":true,"campfire_choices":[{"floor":8.0,"key":"REST"},{"floor":23.0,"key":"REST"},{"floor":27.0,"key":"REST"}],"circlet_count":0,"master_deck":["Shade:ClawBack","Shade:ClawBack","Shade:Defend_Shade","Shade:Defend_Shade","Shade:AnimateDead","Shade:CarefulCut","Shade:SensePrey","Injury","Pot Of Greed","Pot Of Greed","Shade:Carnophage","Shade:PotionOfRestlessness","Shade:ExtraLimbs","Shade:OpenGraves","Shade:OpenGraves","Shade:Tombstone","hubris:Compulsion","Writhe","Voices","Pot Of Greed","Shade:ExtraLimbs","Insight","relicPack:TruthCard","theMarked:ThrowWeapon","Fiend Fire","chefmod:CandyBowl","Shade:Patience+1","Shade:ScuttlingHand+1","Shade:FingerOfDeath"],"relics":["Shade:YorickSkull","EVO:Axolotl","NeowsBlessing","Regal Pillow","Replay:Baseball","Nunchaku","hubris:Icosahedron","Counterbalance","Grinning Jar","Toy Ornithopter","Torii","Replay:Kaleidoscope","ReplayTheSpireMod:Lightbulb","Replay:Ancient Bell","Bag of Preparation","Onion Ring","aspiration:HatOfInfinitePower","relicPack:DSword","relicPack:EdsArm","Turnip","Chameleon Ring","Garlic","HornCleat"],"acts_visited":["Exordium","TheCity"],"potions_floor_usage":[],"damage_taken":[{"damage":0.0,"enemies":"Jaw Worm","floor":1.0,"turns":1.0},{"damage":0.0,"enemies":"Cultist","floor":3.0,"turns":1.0},{"damage":0.0,"enemies":"Gremlin Nob","floor":6.0,"turns":1.0},{"damage":2.0,"enemies":"2 Louse","floor":7.0,"turns":2.0},{"damage":0.0,"enemies":"2 Fungi Beasts","floor":10.0,"turns":4.0},{"damage":17.0,"enemies":"Lagavulin","floor":11.0,"turns":5.0},{"damage":3.0,"enemies":"Blue Slaver","floor":13.0,"turns":3.0},{"damage":13.0,"enemies":"Fading Forest","floor":16.0,"turns":11.0},{"damage":0.0,"enemies":"Spheric Guardian","floor":18.0,"turns":3.0},{"damage":3.0,"enemies":"Chosen","floor":19.0,"turns":6.0},{"damage":1.0,"enemies":"Centurion and Healer","floor":24.0,"turns":4.0},{"damage":26.0,"enemies":"Gremlin Leader","floor":25.0,"turns":5.0},{"damage":7.0,"enemies":"Slavers","floor":28.0,"turns":3.0},{"damage":53,"enemies":"hubris:Merchant","floor":29,"turns":6}],"seed_played":"7052476290209532685","potions_obtained":[{"floor":1.0,"key":"Energy Potion"},{"floor":3.0,"key":"DuplicationPotion"},{"floor":7.0,"key":"LifebloodPotion"},{"floor":16.0,"key":"Dexterity Potion"},{"floor":24.0,"key":"FearPotion"},{"floor":25.0,"key":"SkillPotion"}],"is_trial":false,"path_per_floor":["M","?","M","?","$","E","M","R","T","M","E","?","M","T","R","B",null,"M","M","?","?","?","R","M","E","T","R","E","$"],"character_chosen":"SHADE","items_purchased":["Counterbalance","HornCleat"],"campfire_rested":3,"item_purchase_floors":[5,29],"current_hp_per_floor":[65,22,22,22,22,22,20,54,54,59,47,40,37,37,37,36,65,65,62,62,27,27,60,59,34,34,60,53,0,0],"gold":21,"neow_bonus":"THREE_ENEMY_KILL","is_daily":false,"chose_seed":false,"campfire_upgraded":0,"win_rate":0.0,"timestamp":1614114925,"path_taken":["M","?","?","?","$","E","M","R","T","M","E","?","M","?","R","BOSS","M","M","?","?","?","R","M","E","T","R","E","$"],"items_purchased_type":["Relic","Relic"],"build_version":"2020-12-22","purchased_purges":0,"victory":false,"max_hp_per_floor":[65,65,65,65,65,65,65,65,65,65,65,65,65,65,65,65,65,65,65,65,65,60,60,60,60,60,60,60,60,60],"relic_stats":{"Regal Pillow":38,"Nunchaku":[9],"Torii":66,"counters":[14,55],"Turnip":[0],"Bag of Preparation":[10],"obtain_stats":[{"Regal Pillow":2,"relicPack:DSword":21,"NeowsBlessing":0,"Torii":11,"Shade:YorickSkull":0,"Counterbalance":5,"Replay:Ancient Bell":17,"Bag of Preparation":17,"EVO:Axolotl":0,"Replay:Kaleidoscope":12,"relicPack:EdsArm":22,"Replay:Baseball":2,"Nunchaku":2,"hubris:Icosahedron":4,"Chameleon Ring":26,"HornCleat":29,"Onion Ring":17,"Turnip":25,"Garlic":28,"Grinning Jar":6,"ReplayTheSpireMod:Lightbulb":14,"aspiration:HatOfInfinitePower":17,"Toy Ornithopter":9},{"Regal Pillow":1,"relicPack:DSword":10,"NeowsBlessing":0,"Torii":6,"Shade:YorickSkull":0,"Counterbalance":2,"Replay:Ancient Bell":8,"Bag of Preparation":8,"EVO:Axolotl":0,"Replay:Kaleidoscope":6,"relicPack:EdsArm":10,"Replay:Baseball":1,"Nunchaku":1,"hubris:Icosahedron":2,"Chameleon Ring":12,"HornCleat":13,"Onion Ring":8,"Turnip":12,"Garlic":13,"Grinning Jar":3,"ReplayTheSpireMod:Lightbulb":7,"aspiration:HatOfInfinitePower":8,"Toy Ornithopter":4},{"Regal Pillow":1,"relicPack:DSword":37,"NeowsBlessing":0,"Torii":14,"Shade:YorickSkull":0,"Counterbalance":2,"Replay:Ancient Bell":28,"Bag of Preparation":28,"EVO:Axolotl":0,"Replay:Kaleidoscope":14,"relicPack:EdsArm":37,"Replay:Baseball":1,"Nunchaku":1,"hubris:Icosahedron":2,"Chameleon Ring":46,"HornCleat":49,"Onion Ring":28,"Turnip":46,"Garlic":49,"Grinning Jar":3,"ReplayTheSpireMod:Lightbulb":17,"aspiration:HatOfInfinitePower":28,"Toy Ornithopter":5}],"Toy Ornithopter":11},"card_choices":[{"not_picked":["Shade:AncientSpear","Shade:GreyBargain"],"picked":"Shade:SanguineRitual","floor":1.0},{"not_picked":["Shade:RavenousHorde","Shade:TouchOfTheGrave"],"picked":"Shade:SensePrey","floor":3.0},{"not_picked":["Shade:CallOfTheGrave","Shade:AblativeArmor"],"picked":"Shade:Carnophage","floor":6.0},{"not_picked":["Shade:GoDigging","Shade:FleshLikeOak"],"picked":"Shade:GreyBargain","floor":7.0},{"not_picked":["Shade:Haruspicy","Shade:FleshToFlesh"],"picked":"Shade:PotionOfRestlessness","floor":10.0},{"not_picked":["Shade:TouchOfTheGrave","Shade:RitualOffering"],"picked":"Shade:ExtraLimbs","floor":11.0},{"not_picked":["Shade:Frenzy","Shade:RitualOffering"],"picked":"Shade:OpenGraves","floor":13.0},{"not_picked":["Shade:MadHubris","Shade:SoulPierce"],"picked":"Shade:Tombstone","floor":16.0},{"not_picked":["hubris:Envy","hubris:Disease"],"picked":"hubris:Compulsion","floor":17.0},{"not_picked":["hubris:Envy","hubris:Lust"],"picked":"Writhe","floor":17.0},{"not_picked":["hubris:Lust","CurseOfTheBell"],"picked":"Voices","floor":17.0},{"not_picked":["Shade:Tombstone","Shade:FingerOfDeath"],"picked":"Shade:AuraOfUnlife","floor":18.0},{"not_picked":["Shade:AncientSpear+1","Shade:FreshBones+1"],"picked":"Shade:ExtraLimbs","floor":19.0},{"not_picked":["Shade:CoffinDance","Shade:Premonition"],"picked":"Shade:Patience+1","floor":24.0},{"not_picked":["Shade:FuneraryArmor","Shade:OminousRitual"],"picked":"Shade:ScuttlingHand+1","floor":25.0},{"not_picked":["Shade:RitualOffering","Shade:LastGasp"],"picked":"Shade:FingerOfDeath","floor":28.0}],"player_experience":313504,"relics_obtained":[{"floor":6.0,"key":"Grinning Jar"},{"floor":9.0,"key":"Toy Ornithopter"},{"floor":11.0,"key":"Torii"},{"floor":14.0,"key":"ReplayTheSpireMod:Lightbulb"},{"floor":25.0,"key":"Turnip"},{"floor":26.0,"key":"Chameleon Ring"},{"floor":28.0,"key":"Garlic"}],"event_choices":[{"damage_healed":0.0,"max_hp_gain":0.0,"max_hp_loss":0.0,"gold_gain":0.0,"event_name":"betterSkull:BetterSkull","player_choice":"RE RE RE ","floor":2.0,"gold_loss":0.0,"damage_taken":49.0,"cards_upgraded":[],"relics_obtained":["Regal Pillow","Replay:Baseball","Nunchaku"]},{"damage_healed":0.0,"max_hp_gain":0.0,"max_hp_loss":0.0,"gold_gain":0.0,"event_name":"betterThird:BetterScrap","player_choice":"Relic ","floor":12.0,"gold_loss":0.0,"damage_taken":7.0,"cards_obtained":["StSpp:Faith"]},{"damage_healed":0.0,"max_hp_gain":0.0,"max_hp_loss":0.0,"gold_gain":0.0,"event_name":"betterThird:BetterWriting","player_choice":"Insight","floor":20.0,"gold_loss":0.0,"damage_taken":0.0,"cards_obtained":["Insight"]}],"is_beta":false,"boss_relics":[{"not_picked":["aspiration:RitualDagger","Empty Cage"],"picked":"Replay:Ancient Bell"},{"not_picked":["Oddly Smooth Stone","Ancient Tea Set"],"picked":"Bag of Preparation"},{"not_picked":["StSpp:WoodenPendulum","Ornamental Fan"],"picked":"Onion Ring"},{"not_picked":["WingedGreaves","StSpp:WoodenStick"],"picked":"aspiration:HatOfInfinitePower"}],"items_purged_floors":[],"is_endless":false,"potions_floor_spawned":[1,3,7,16,24,25],"killed_by":"hubris:Merchant","ascension_level":2}}