{"host":"pmmuxs046gii331m","time":1614098418,"event":{"mods":["AchievementEnabler","BaseMod","Colored Powertips","Custom Start","Downfall","Gold Saver","Infinite Spire","Minty Spire (QoL Compilation)","Permanent Neow","Quick Restart","StSLib"],"gold_per_floor":[421,433,445,457,524,536,576,623,644,656,697,709,749,838,850,933,945,973,1079,1118,1080,1089,1089,1089,1089,1121,1136,1136,1136,970,999,999,1070,1070,1088,1102,1157,1166,1166,1166,1166,1166,1175,1201,1201,1151,1176,1185,1185,1185,1185,1185,1185,1185,1227,1227],"floor_reached":57,"language":"ENG","playtime":4836,"items_purged":["Barricade","Fiend Fire+1"],"score":3616,"play_id":"2695d463-e102-4cbf-94bf-33b8c0bff44e","local_time":"20210223114018","daily_mods":["Flight"],"is_ascension_mode":true,"campfire_choices":[{"data":"Limit Break","floor":6,"key":"SMITH"},{"data":"Armaments","floor":10,"key":"SMITH"},{"data":"Fire Breathing","floor":12,"key":"SMITH"},{"data":"Feed","floor":15,"key":"SMITH"},{"floor":23,"key":"RECALL"},{"data":"Juggernaut","floor":24,"key":"SMITH"},{"data":"Rupture","floor":25,"key":"SMITH"},{"data":"Dark Embrace","floor":28,"key":"SMITH"},{"data":"Power Through","floor":29,"key":"SMITH"},{"data":"Combust","floor":32,"key":"SMITH"},{"data":"Feel No Pain","floor":40,"key":"SMITH"},{"data":"Ghostly Armor","floor":41,"key":"SMITH"},{"data":"Power Through","floor":42,"key":"SMITH"},{"data":"Reckless Charge","floor":45,"key":"SMITH"},{"data":"Cleave","floor":49,"key":"SMITH"},{"data":"Cleave","floor":53,"key":"SMITH"}],"circlet_count":3,"master_deck":["Cleave+1","Cleave+1","Reckless Charge+1","Reckless Charge+1","Feed+1","Power Through+1","Power Through+1","Ghostly Armor+1","Ghostly Armor+1","Armaments+1","Entrench+1","Limit Break+1","Fire Breathing+1","Rupture+1","Feel No Pain+1","Combust+1","Dark Embrace+1","Juggernaut+1","Pain","Doubt","Decay","infinitespire:Execution+1","Regret","Clumsy","Necronomicurse","Regret","Regret","Parasite","Evolve+1"],"relics":["Burning Blood","Akabeko","Anchor","Ancient Tea Set","Art of War","Bag of Marbles","Bag of Preparation","champ:BerserkersGuideToSlaughter","Bird Faced Urn","Black Blood","Black Star","Blood Vial","Blue Candle","Bronze Scales","Busted Crown","Calipers","CaptainsWheel","Centennial Puzzle","CeramicFish","Champion Belt","Charon\u0027s Ashes","infinitespire:CheckeredPen","CloakClasp","ClockworkSouvenir","infinitespire:CursedDice","Cursed Key","Darkstone Periapt","Dream Catcher","Du-Vu Doll","infinitespire:EmpoweringShard","Eternal Feather","infinitespire:FocusingShard","FossilizedHelix","Frozen Eye","Ginger","Girya","infinitespire:Golems Mask","Gremlin Horn","HandDrill","Happy Flower","HornCleat","HoveringKite","Ice Cream","Incense Burner","infinitespire:Joker Card","Juzu Bracelet","Kunai","Lantern","Lee\u0027s Waffle","Letter Opener","Lizard Tail","infinitespire:Lucky Rock","infinitespire:Lychee Nut","infinitespire:Magic Flask","Magic Flower","bronze:MakeshiftBattery","Mango","Mark of Pain","Matryoshka","MawBank","MealTicket","Meat on the Bone","Medical Kit","Membership Card","Mercury Hourglass","infinitespire:Midas Blood","Molten Egg 2","Mummified Hand","Nunchaku","Oddly Smooth Stone","Old Coin","OrangePellets","Orichalcum","Ornamental Fan","Pantograph","Paper Crane","Paper Frog","Peace Pipe","Pear","Pen Nib","Philosopher\u0027s Stone","Potion Belt","PreservedInsect","hexamod:CandleOfCauterizing","Red Skull","infinitespire:Blanks Blanky","hexamod:BolsterEngine","SacredBark","Self Forming Clay","infinitespire:ShieldingShard","Shovel","Shuriken","Singing Bowl","hexamod:Sixitude","SlaversCollar","Sling","Smiling Mask","Strawberry","Sundial","TheAbacus","Boot","The Courier","Thread and Needle","Tingsha","Tiny Chest","Toolbox","Torii","Tough Bandages","Toxic Egg 2","Toy Ornithopter","TungstenRod","Turnip","Unceasing Top","Vajra","War Paint","infinitespire:WardingShard","Whetstone","Slimebound:StickyStick","sneckomod:BlankCard","infinitespire:Satchel","infinitespire:PuzzleCube","Guardian:PocketSentry","Frozen Egg 2","infinitespire:Bottled Soul","Bottled Lightning","Bottled Flame","bronze:DecasWashers","SlaversCollar","Slimebound:PreparedRelic","White Beast Statue","Necronomicon","champ:Barbells","Bottled Tornado","champ:DuelingGlove","Philosopher\u0027s Stone","champ:DeflectingBracers","StoneCalendar","Pocketwatch","Circlet"],"acts_visited":["Exordium","TheCity","TheBeyond","TheEnding"],"potions_floor_usage":[56,56,56,56],"damage_taken":[{"damage":0,"enemies":"Jaw Worm","floor":1,"turns":1},{"damage":0,"enemies":"Gremlin Nob","floor":7,"turns":1},{"damage":0,"enemies":"Lagavulin","floor":8,"turns":1},{"damage":0,"enemies":"3 Sentries","floor":11,"turns":1},{"damage":0,"enemies":"Gremlin Nob","floor":13,"turns":1},{"damage":0,"enemies":"Hexaghost","floor":16,"turns":1},{"damage":0,"enemies":"Chosen","floor":18,"turns":1},{"damage":0,"enemies":"Book of Stabbing","floor":31,"turns":1},{"damage":0,"enemies":"Collector","floor":33,"turns":1},{"damage":0,"enemies":"3 Shapes","floor":35,"turns":1},{"damage":0,"enemies":"Orb Walker","floor":36,"turns":1},{"damage":0,"enemies":"2 Orb Walkers","floor":37,"turns":1},{"damage":0,"enemies":"Nemesis","floor":44,"turns":1},{"damage":0,"enemies":"Mind Bloom Boss Battle","floor":47,"turns":1},{"damage":0,"enemies":"infinitespire:MassOfShapes","floor":50,"turns":2},{"damage":0,"enemies":"Awakened One","floor":51,"turns":2},{"damage":0,"enemies":"Shield and Spear","floor":55,"turns":1},{"damage":0,"enemies":"The Heart","floor":56,"turns":5}],"seed_played":"5213286606477022795","potions_obtained":[{"floor":1,"key":"DuplicationPotion"},{"floor":7,"key":"BlessingOfTheForge"},{"floor":11,"key":"Dexterity Potion"},{"floor":16,"key":"Weak Potion"},{"floor":18,"key":"DistilledChaos"},{"floor":44,"key":"LiquidBronze"}],"is_trial":true,"path_per_floor":["M","?","?","?","T","R","E","E","T","R","E","R","E","?","R","B",null,"M","?","?","$","T","R","R","R","T","?","R","R","$","E","R","B",null,"M","M","?","T","?","R","R","R","T","E","R","$","?","?","R","B","B",null,"R","$","E","B",null],"character_chosen":"IRONCLAD","items_purchased":["champ:Barbells","Bottled Tornado"],"campfire_rested":0,"item_purchase_floors":[30,30],"current_hp_per_floor":[94,94,99,99,105,105,107,109,115,115,117,117,122,112,122,124,124,130,120,132,142,148,148,148,148,154,143,158,160,160,162,162,164,164,166,168,170,176,176,176,176,176,182,188,188,188,190,196,196,196,200,200,200,200,204,204],"gold":1227,"neow_bonus":"","is_daily":false,"chose_seed":false,"campfire_upgraded":15,"win_rate":0.0,"timestamp":1614098418,"path_taken":["M","?","?","?","?","R","E","E","T","R","E","R","E","?","R","BOSS","M","?","?","$","?","R","R","R","T","?","R","R","?","E","R","BOSS","M","M","?","?","?","R","R","R","T","E","R","$","?","?","R","BOSS","BOSS","R","$","E","BOSS"],"items_purchased_type":["Relic","Relic"],"build_version":"2020-12-22","purchased_purges":2,"victory":true,"max_hp_per_floor":[94,94,99,99,105,105,107,109,115,115,117,117,122,122,122,124,124,130,130,142,142,148,148,148,148,154,160,160,160,160,162,162,164,164,166,168,170,176,176,176,176,176,182,188,188,188,190,196,196,196,200,200,200,200,204,204],"card_choices":[{"not_picked":["Body Slam+1"],"picked":"Singing Bowl","floor":1},{"not_picked":["Combust"],"picked":"Singing Bowl","floor":7},{"not_picked":["Bloodletting+1"],"picked":"Singing Bowl","floor":8},{"not_picked":["Dropkick+1"],"picked":"Singing Bowl","floor":11},{"not_picked":["Spot Weakness+1"],"picked":"Singing Bowl","floor":13},{"not_picked":["Double Tap+1"],"picked":"Singing Bowl","floor":16},{"not_picked":["Anger+1"],"picked":"Singing Bowl","floor":18},{"not_picked":["infinitespire:Starlight","infinitespire:Gouge"],"picked":"infinitespire:Execution","floor":20},{"not_picked":["Cleave+1"],"picked":"Singing Bowl","floor":31},{"not_picked":["Limit Break+1"],"picked":"Singing Bowl","floor":33},{"not_picked":["Warcry+1"],"picked":"Singing Bowl","floor":35},{"not_picked":["Perfected Strike+1"],"picked":"Singing Bowl","floor":36},{"not_picked":["Heavy Blade+1"],"picked":"Singing Bowl","floor":37},{"not_picked":["Combust+1"],"picked":"Singing Bowl","floor":44},{"not_picked":["Uppercut+1"],"picked":"Singing Bowl","floor":47},{"not_picked":[],"picked":"Evolve+1","floor":55}],"player_experience":590375,"relics_obtained":[{"floor":5,"key":"sneckomod:BlankCard"},{"floor":7,"key":"infinitespire:Satchel"},{"floor":7,"key":"infinitespire:PuzzleCube"},{"floor":8,"key":"Guardian:PocketSentry"},{"floor":9,"key":"Frozen Egg 2"},{"floor":11,"key":"infinitespire:Bottled Soul"},{"floor":11,"key":"Bottled Lightning"},{"floor":13,"key":"Bottled Flame"},{"floor":13,"key":"bronze:DecasWashers"},{"floor":22,"key":"Slimebound:PreparedRelic"},{"floor":26,"key":"White Beast Statue"},{"floor":27,"key":"Necronomicon"},{"floor":31,"key":"champ:DuelingGlove"},{"floor":37,"key":"champ:DeflectingBracers"},{"floor":43,"key":"StoneCalendar"},{"floor":44,"key":"Pocketwatch"},{"floor":47,"key":"Circlet"},{"floor":55,"key":"Circlet"},{"floor":55,"key":"Circlet"}],"event_choices":[{"damage_healed":0,"gold_gain":0,"player_choice":"Donut","damage_taken":0,"max_hp_gain":5,"max_hp_loss":0,"event_name":"Big Fish","floor":3,"gold_loss":0},{"damage_healed":0,"gold_gain":0,"player_choice":"Gave Potion","damage_taken":0,"relics_obtained":["Slimebound:StickyStick"],"max_hp_gain":0,"max_hp_loss":0,"event_name":"WeMeetAgain","floor":4,"gold_loss":0},{"damage_healed":0,"gold_gain":75,"player_choice":"Gather Gold","damage_taken":11,"max_hp_gain":0,"max_hp_loss":0,"event_name":"World of Goop","floor":14,"gold_loss":0},{"damage_healed":0,"gold_gain":90,"player_choice":"GOLD ","damage_taken":12,"max_hp_gain":0,"max_hp_loss":0,"event_name":"Knowing Skull","floor":19,"potions_obtained":[],"gold_loss":0,"cards_obtained":[]},{"damage_healed":0,"gold_gain":0,"player_choice":"Obtained Book","damage_taken":21,"max_hp_gain":0,"max_hp_loss":0,"event_name":"Cursed Tome","floor":27,"gold_loss":0},{"damage_healed":0,"gold_gain":0,"player_choice":"Fight","damage_taken":0,"max_hp_gain":0,"max_hp_loss":0,"event_name":"Mysterious Sphere","floor":37,"gold_loss":0},{"damage_healed":0,"gold_gain":0,"player_choice":"Got Potions","damage_taken":0,"max_hp_gain":0,"max_hp_loss":0,"event_name":"Lab","floor":39,"gold_loss":0},{"damage_healed":0,"gold_gain":0,"player_choice":"Fight","damage_taken":0,"max_hp_gain":0,"max_hp_loss":0,"event_name":"MindBloom","floor":47,"gold_loss":0},{"damage_healed":0,"gold_gain":0,"cards_transformed":["downfall:Aged"],"player_choice":"Transformed","damage_taken":0,"max_hp_gain":0,"max_hp_loss":0,"event_name":"Transmorgrifier","floor":48,"gold_loss":0,"cards_obtained":["Parasite"]}],"is_beta":false,"boss_relics":[{"not_picked":["Fusion Hammer","Calling Bell"],"picked":"SlaversCollar"},{"not_picked":["Velvet Choker","Busted Crown"],"picked":"Philosopher\u0027s Stone"}],"items_purged_floors":[21,46],"is_endless":false,"potions_floor_spawned":[1,7,11,16,18,31,33,35,36,37,44,47,55],"ascension_level":20}}