{"host":"bf5upntvbdompq33","time":1614102518,"event":{"mods":["BaseMod","Bestiary","Colored Map","Colored Powertips","Curses Come First","Highlight Path","Minty Spire (QoL Compilation)","StSLib","ojb\u0027s Info Mod"],"gold_per_floor":[112,122,132,407,419,452,469,488,488,488,502,502,522,548,548,653,653,668,685,685,685],"floor_reached":20,"language":"ENG","playtime":1424,"items_purged":[],"score":304,"play_id":"39c1dc6d-5d2f-41db-8e3a-f362d3f00d2b","local_time":"20210223104838","is_ascension_mode":true,"campfire_choices":[{"floor":10,"key":"REST"},{"floor":12,"key":"REST"},{"floor":15,"key":"REST"}],"circlet_count":0,"master_deck":["AscendersBane","Strike_G","Strike_G","Defend_G","Defend_G","Defend_G","Defend_G","Defend_G","Survivor","Neutralize","Bane","Noxious Fumes","Calculated Gamble","Regret","Leg Sweep","Burst","Dagger Throw","Quick Slash","Deadly Poison","Slice","Sucker Punch","Bullet Time","Wraith Form v2+1","Choke+1","Footwork+1","Bane"],"relics":["Ring of the Snake","NeowsBlessing","Torii","Centennial Puzzle","Blue Candle","Astrolabe"],"acts_visited":["Exordium","TheCity"],"potions_floor_usage":[6,14,14],"damage_taken":[{"damage":0,"enemies":"Jaw Worm","floor":1,"turns":1},{"damage":0,"enemies":"Cultist","floor":2,"turns":1},{"damage":0,"enemies":"Small Slimes","floor":3,"turns":1},{"damage":19,"enemies":"3 Louse","floor":5,"turns":4},{"damage":33,"enemies":"3 Sentries","floor":6,"turns":10},{"damage":2,"enemies":"2 Fungi Beasts","floor":7,"turns":6},{"damage":7,"enemies":"Gremlin Gang","floor":8,"turns":5},{"damage":7,"enemies":"Blue Slaver","floor":11,"turns":4},{"damage":25,"enemies":"Lots of Slimes","floor":13,"turns":4},{"damage":3,"enemies":"Lagavulin","floor":14,"turns":5},{"damage":8,"enemies":"Hexaghost","floor":16,"turns":11},{"damage":14,"enemies":"Spheric Guardian","floor":18,"turns":6},{"damage":22,"enemies":"Shell Parasite","floor":19,"turns":6},{"damage":29,"enemies":"Centurion and Healer","floor":20,"turns":7}],"seed_played":"5618775756445982157","potions_obtained":[{"floor":3,"key":"Swift Potion"},{"floor":5,"key":"LiquidMemories"},{"floor":7,"key":"LiquidMemories"},{"floor":8,"key":"AttackPotion"},{"floor":14,"key":"CultistPotion"},{"floor":18,"key":"Block Potion"}],"is_trial":false,"path_per_floor":["M","M","M","?","M","E","M","M","T","R","M","R","M","E","R","B",null,"M","M","M"],"character_chosen":"THE_SILENT","items_purchased":[],"campfire_rested":3,"item_purchase_floors":[],"current_hp_per_floor":[63,63,63,63,44,11,9,2,2,23,16,37,12,9,30,22,58,44,22,0,0],"gold":685,"neow_bonus":"THREE_ENEMY_KILL","is_daily":false,"chose_seed":false,"campfire_upgraded":0,"win_rate":0.0,"timestamp":1614102518,"path_taken":["M","M","M","?","M","E","M","M","T","R","M","R","?","E","R","BOSS","M","M","M"],"items_purchased_type":[],"build_version":"2020-12-22","purchased_purges":0,"victory":false,"max_hp_per_floor":[70,70,70,70,70,70,70,70,70,70,70,70,70,70,70,70,70,70,70,70,70],"card_choices":[{"not_picked":["PiercingWail","Underhanded Strike"],"picked":"Bane","floor":1},{"not_picked":["Quick Slash","Deadly Poison"],"picked":"Noxious Fumes","floor":2},{"not_picked":["Eviscerate","Dodge and Roll"],"picked":"Calculated Gamble","floor":3},{"not_picked":["Prepared","Endless Agony"],"picked":"Leg Sweep","floor":5},{"not_picked":["Leg Sweep","Storm of Steel"],"picked":"Burst","floor":6},{"not_picked":["PiercingWail","Backflip"],"picked":"Dagger Throw","floor":7},{"not_picked":["Predator","Cloak And Dagger"],"picked":"Quick Slash","floor":8},{"not_picked":["Underhanded Strike","Dagger Spray"],"picked":"Deadly Poison","floor":11},{"not_picked":["Dagger Spray","Tactician"],"picked":"Slice","floor":13},{"not_picked":["Slice","Malaise"],"picked":"Sucker Punch","floor":14},{"not_picked":["Corpse Explosion","Unload"],"picked":"Bullet Time","floor":16},{"not_picked":["Flying Knee","Blade Dance"],"picked":"Bane","floor":18},{"not_picked":["Choke","PiercingWail","Flying Knee"],"picked":"SKIP","floor":19}],"player_experience":1720553,"relics_obtained":[{"floor":6,"key":"Torii"},{"floor":9,"key":"Centennial Puzzle"},{"floor":14,"key":"Blue Candle"}],"event_choices":[{"damage_healed":0,"gold_gain":275,"player_choice":"Desecrate","damage_taken":0,"max_hp_gain":0,"max_hp_loss":0,"event_name":"Golden Shrine","floor":4,"gold_loss":0,"cards_obtained":["Regret"]}],"is_beta":false,"boss_relics":[{"not_picked":["Ectoplasm","Fusion Hammer"],"picked":"Astrolabe"}],"items_purged_floors":[],"is_endless":false,"potions_floor_spawned":[3,5,7,8,14,18],"killed_by":"Centurion and Healer","ascension_level":12}}