{"host":"2haferq23ht5nrlk","time":1614098072,"event":{"mods":["ATMod(°¢èªMod)","Aspiration","BaseMod","BetterRewards","Colored Powertips","Conspire","Dota2Spire","Faster Ascension Climbing","KomeijiMod","Lobotomy","LobotomyExtend","Marked Mod","Minty Spire (QoL Compilation)","Quick Restart","Relic Filter Mod","Relic Stats","Reliquary","Replay The Spire","RumiaBox-Â¶Ã×æ«µÄÉñÃØºÐ×Ó","Spicy Shops","StSLib","The Cursed","UnlockEverythingMod","¡¾ÒÅÎï¿¨ÅÆ¡¿REMEMod"],"gold_per_floor":[280,280,280,32,42,42,52,84,84,109,24,24,24,121,121,216,216,227,227,142,156,156,186,186,214,214,214,226,226,5,0,0,102,102,112,112,129,129,129,154,154,204,228,228,256,306,306,324,324,324,324],"floor_reached":52,"language":"ZHS","playtime":3603,"items_purged":[],"score":1025,"play_id":"7e6f3b3c-12c4-4c75-9ff9-a09fbc231ba3","local_time":"20210224003432","is_ascension_mode":false,"campfire_choices":[{"data":"AT_FamilyPortrait","floor":29.0,"key":"SMITH"}],"circlet_count":0,"master_deck":["Mercenary","BigBird","WhiteNight","HereticApostle","SpecialBullet","SpecialBullet","SpecialBullet","InformationCode","SecurityCode","WelfareCode","AT_FamilyPortrait+1","REME_BodyOfCthun","OldLady","CUTE","Harmony","Wellcheers","Harmony","ShyLook","ShedSkin+1","FourthMatchFlame","Scorched","RedEyes+1","TheSmile+1","Murderer","Lantern+1","SpecialBullet","Variant","DisciplinaryCode","DaCapo+1","MHz","Pinks+1","BearPaw+1","SpecialBullet","Mimicry","HappyTeddy","TodaysExpression+1","SpecialBullet","Regret_ego+1","SpecialBullet","TrainingCode","BlackArmy","LaLuna","CherryBlossom+1","Laetitia_ego+1","SpecialBullet","Harmony"],"relics":["CogitoBucket","AT_ATBox","REME_ComplimentaryCards","LetterFromLob","Happy Flower","Toxic Egg 2","REME_CardOfGreed","Dota2Spire:ShadowBlade","GodSword4","AT_EbonyIvory","SkinProphecy","Dota2Spire:RefresherOrb","Blue Candle","RedMistMask","TungstenRod","Divine Protection","Dead Branch","TreeSap","reliquary:CitrusReamer","conspire:DeflatedDodgeball","AT_TrinityForce","Dota2Spire:DrumOfEndurance","Gremlin Horn","Dota2Spire:MaskOfMadness","Replay:Wax Seal","DeathAngel","TungstenRod","Mango","Lamp_r","WantedRequest"],"acts_visited":["Exordium","TheCity","TheBeyond"],"potions_floor_usage":[],"damage_taken":[{"damage":6.0,"enemies":"Cultist","floor":1.0,"turns":3.0},{"damage":11.0,"enemies":"Jaw Worm","floor":5.0,"turns":2.0},{"damage":0.0,"enemies":"2 Louse","floor":7.0,"turns":2.0},{"damage":9.0,"enemies":"3 Sentries","floor":8.0,"turns":3.0},{"damage":12.0,"enemies":"Lagavulin","floor":10.0,"turns":5.0},{"damage":0.0,"enemies":"2 Fungi Beasts","floor":14.0,"turns":6.0},{"damage":36.0,"enemies":"Hexaghost","floor":16.0,"turns":5.0},{"damage":2.0,"enemies":"Spheric Guardian","floor":18.0,"turns":3.0},{"damage":6.0,"enemies":"Chosen","floor":21.0,"turns":3.0},{"damage":18.0,"enemies":"Gremlin Leader","floor":23.0,"turns":3.0},{"damage":0.0,"enemies":"Book of Stabbing","floor":25.0,"turns":3.0},{"damage":16.0,"enemies":"Centurion and Healer","floor":28.0,"turns":6.0},{"damage":0.0,"enemies":"Collector","floor":33.0,"turns":3.0},{"damage":0.0,"enemies":"3 Darklings","floor":35.0,"turns":2.0},{"damage":0.0,"enemies":"3 Shapes","floor":37.0,"turns":1.0},{"damage":0.0,"enemies":"R_Hoarder","floor":40.0,"turns":3.0},{"damage":31.0,"enemies":"Transient","floor":44.0,"turns":6.0},{"damage":0.0,"enemies":"Nemesis","floor":45.0,"turns":1.0},{"damage":0.0,"enemies":"Mind Bloom Boss Battle","floor":46.0,"turns":4.0},{"damage":0.0,"enemies":"Transient","floor":48.0,"turns":5.0},{"damage":110.0,"enemies":"FixerMidnight","floor":50.0,"turns":11.0},{"damage":17.0,"enemies":"Malkuth","floor":51.0,"turns":3.0},{"damage":8.0,"enemies":"Yesod","floor":51.0,"turns":5.0},{"damage":46.0,"enemies":"Chesed","floor":51.0,"turns":7.0},{"damage":12,"enemies":"Hokma","floor":52,"turns":7},{"damage":0,"enemies":"Angela","floor":52,"turns":5}],"seed_played":"-874330404737606746","potions_obtained":[{"floor":14.0,"key":"ColorlessPotion"},{"floor":16.0,"key":"REME_GoldPotion"},{"floor":18.0,"key":"BlessingOfTheForge"},{"floor":23.0,"key":"Death Potion"},{"floor":28.0,"key":"Toxic Potion"},{"floor":31.0,"key":"DuplicationPotion"},{"floor":33.0,"key":"Doom Potion"},{"floor":45.0,"key":"Weak Potion"}],"is_trial":false,"path_per_floor":["M","?","?","$","M","R","M","E","T","E","?","$","R","M","R","B",null,"M","?","?","M","?","E","R","E","T","R","M","R","$","?","R","B",null,"M","?","M","?","?","E","R","T","T","M","E","?","R","M","R","B",null,null,null],"character_chosen":"Angela","items_purchased":["Harmony","REME_CardOfGreed","FourthMatchFlame","reliquary:CitrusReamer","Pinks+1","Heaven"],"campfire_rested":0,"item_purchase_floors":[4,4,11,30,30,30],"current_hp_per_floor":[70,67,67,67,64,64,70,69,69,69,69,69,69,70,70,33,72,78,78,78,79,79,72,72,83,83,83,77,77,77,77,77,81,102,108,108,114,114,114,116,116,116,116,76,81,134,134,150,150,42,77],"gold":324,"neow_bonus":"","is_daily":false,"chose_seed":false,"campfire_upgraded":1,"win_rate":0.0,"timestamp":1614098072,"path_taken":["M","?","?","$","M","R","M","E","T","E","?","$","R","M","R","BOSS","M","?","?","M","?","E","R","E","T","R","?","R","?","?","R","BOSS","M","?","M","?","?","E","R","?","T","?","E","?","R","M","R","BOSS"],"items_purchased_type":["Card","Relic","Card","Relic","Card","Card"],"build_version":"2020-12-22","purchased_purges":0,"victory":true,"max_hp_per_floor":[70,70,70,70,70,70,70,70,70,70,70,70,70,70,70,72,72,78,78,78,80,80,86,86,92,92,92,100,100,100,100,100,102,102,108,108,114,114,114,116,116,116,116,126,132,148,148,150,150,152,158],"relic_stats":{"Happy Flower":[36],"Gremlin Horn":[2,2],"counters":[31,115],"Blue Candle":[4],"Dead Branch":[280],"obtain_stats":[{"Divine Protection":25,"Dota2Spire:MaskOfMadness":42,"AT_ATBox":0,"Gremlin Horn":40,"Dota2Spire:DrumOfEndurance":36,"Mango":46,"Dota2Spire:ShadowBlade":0,"Dota2Spire:RefresherOrb":17,"SkinProphecy":14,"Lamp_r":48,"CogitoBucket":0,"reliquary:CitrusReamer":30,"TreeSap":28,"AT_TrinityForce":34,"Toxic Egg 2":0,"Replay:Wax Seal":43,"WantedRequest":50,"Happy Flower":0,"Blue Candle":20,"Dead Branch":26,"AT_EbonyIvory":0,"DeathAngel":44,"RedMistMask":21,"reliquary:SculptingSteel":45,"LetterFromLob":1,"REME_CardOfGreed":0,"GodSword4":0,"conspire:DeflatedDodgeball":31,"TungstenRod":23,"REME_ComplimentaryCards":0},{"Divine Protection":13,"Dota2Spire:MaskOfMadness":19,"AT_ATBox":0,"Gremlin Horn":19,"Dota2Spire:DrumOfEndurance":17,"Mango":24,"Dota2Spire:ShadowBlade":0,"Dota2Spire:RefresherOrb":9,"SkinProphecy":8,"Lamp_r":25,"CogitoBucket":0,"reliquary:CitrusReamer":15,"TreeSap":15,"AT_TrinityForce":16,"Toxic Egg 2":0,"Replay:Wax Seal":19,"WantedRequest":26,"Happy Flower":0,"Blue Candle":10,"Dead Branch":13,"AT_EbonyIvory":0,"DeathAngel":22,"RedMistMask":11,"reliquary:SculptingSteel":23,"LetterFromLob":1,"REME_CardOfGreed":0,"GodSword4":0,"conspire:DeflatedDodgeball":15,"TungstenRod":12,"REME_ComplimentaryCards":0},{"Divine Protection":43,"Dota2Spire:MaskOfMadness":59,"AT_ATBox":0,"Gremlin Horn":59,"Dota2Spire:DrumOfEndurance":55,"Mango":72,"Dota2Spire:ShadowBlade":0,"Dota2Spire:RefresherOrb":31,"SkinProphecy":26,"Lamp_r":75,"CogitoBucket":0,"reliquary:CitrusReamer":50,"TreeSap":50,"AT_TrinityForce":53,"Toxic Egg 2":0,"Replay:Wax Seal":59,"WantedRequest":82,"Happy Flower":0,"Blue Candle":34,"Dead Branch":43,"AT_EbonyIvory":0,"DeathAngel":67,"RedMistMask":37,"reliquary:SculptingSteel":68,"LetterFromLob":4,"REME_CardOfGreed":0,"GodSword4":0,"conspire:DeflatedDodgeball":50,"TungstenRod":40,"REME_ComplimentaryCards":0}],"TungstenRod":60},"card_choices":[{"not_picked":["CrumblingArmor","UniverseFragment"],"picked":"OldLady","floor":1.0},{"not_picked":["Soda"],"picked":"CUTE","floor":1.0},{"not_picked":["Murderer","FairyFestival"],"picked":"Wellcheers","floor":5.0},{"not_picked":["Loneliness+1"],"picked":"Beak","floor":5.0},{"not_picked":["MeatLantern","Woodsman"],"picked":"BigBird","floor":7.0},{"not_picked":["GreenStem"],"picked":"Harmony","floor":7.0},{"not_picked":["WallGazer","Woodsman"],"picked":"ShyLook","floor":8.0},{"not_picked":["Hornet"],"picked":"ShedSkin+1","floor":8.0},{"not_picked":["Tough"],"picked":"RedEyes+1","floor":10.0},{"not_picked":["SilentOrchestra","SpiderBud"],"picked":"Scorched","floor":14.0},{"not_picked":["Tough"],"picked":"RedEyes+1","floor":14.0},{"not_picked":["CENSORED_ego+1"],"picked":"TheSmile+1","floor":16.0},{"not_picked":["UniverseFragment","CherryBlossoms"],"picked":"Murderer","floor":18.0},{"not_picked":["SolemnVow"],"picked":"Lantern+1","floor":18.0},{"not_picked":["Tough","Loneliness+1"],"picked":"SKIP","floor":21.0},{"not_picked":["RedShoes","DespairKnight"],"picked":"Variant","floor":23.0},{"not_picked":["RedEyes+1","Lantern"],"picked":"SKIP","floor":23.0},{"not_picked":["HeroicMonk","GalaxyChild"],"picked":"Mercenary","floor":25.0},{"not_picked":["Lantern"],"picked":"DaCapo+1","floor":25.0},{"not_picked":["Yin","MeatLantern"],"picked":"MHz","floor":28.0},{"not_picked":["Beak","Tough"],"picked":"SKIP","floor":28.0},{"not_picked":["Loneliness+1"],"picked":"BearPaw+1","floor":31.0},{"not_picked":["Justitia"],"picked":"Mimicry","floor":33.0},{"not_picked":["UniverseFragment","WallGazer"],"picked":"HappyTeddy","floor":35.0},{"not_picked":["Lantern+1","Horn"],"picked":"SKIP","floor":35.0},{"not_picked":["Loneliness+1"],"picked":"TodaysExpression+1","floor":36.0},{"not_picked":["DespairKnight","CENSORED"],"picked":"PlagueDoctor","floor":37.0},{"not_picked":["RapturousDream+1"],"picked":"Regret_ego+1","floor":37.0},{"not_picked":["Beak+1","Tough+1"],"picked":"SKIP","floor":40.0},{"not_picked":["Freischutz","Yin"],"picked":"BlackArmy","floor":44.0},{"not_picked":["Rudolta","Laetitia"],"picked":"LaLuna","floor":45.0},{"not_picked":["RapturousDream+1"],"picked":"CherryBlossom+1","floor":45.0},{"not_picked":["RedEyes+1"],"picked":"Laetitia_ego+1","floor":46.0},{"not_picked":["CrimsonScar"],"picked":"Harmony","floor":48.0}],"player_experience":30895,"relics_obtained":[{"floor":1.0,"key":"LetterFromLob"},{"floor":8.0,"key":"Dota2Spire:ShadowBlade"},{"floor":9.0,"key":"GodSword4"},{"floor":10.0,"key":"AT_EbonyIvory"},{"floor":21.0,"key":"RedMistMask"},{"floor":23.0,"key":"TungstenRod"},{"floor":25.0,"key":"Divine Protection"},{"floor":26.0,"key":"Dead Branch"},{"floor":31.0,"key":"conspire:DeflatedDodgeball"},{"floor":36.0,"key":"Dota2Spire:DrumOfEndurance"},{"floor":40.0,"key":"Gremlin Horn"},{"floor":42.0,"key":"Dota2Spire:MaskOfMadness"},{"floor":43.0,"key":"Replay:Wax Seal"},{"floor":44.0,"key":"DeathAngel"},{"floor":45.0,"key":"reliquary:SculptingSteel"},{"floor":46.0,"key":"Mango"}],"event_choices":[{"damage_healed":0.0,"max_hp_gain":0.0,"max_hp_loss":0.0,"gold_gain":0.0,"event_name":"Scrap Ooze","player_choice":"Success","floor":2.0,"gold_loss":0.0,"damage_taken":3.0,"relics_obtained":["Happy Flower"]},{"damage_healed":0.0,"max_hp_gain":0.0,"max_hp_loss":0.0,"gold_gain":0.0,"event_name":"Addict","player_choice":"Obtained Relic","floor":20.0,"gold_loss":85.0,"damage_taken":0.0,"relics_obtained":["Blue Candle"]},{"cards_removed":["AddBullet"],"damage_healed":0.0,"max_hp_gain":0.0,"max_hp_loss":0.0,"gold_gain":0.0,"event_name":"Back to Basics","player_choice":"Elegance","floor":22.0,"gold_loss":0.0,"damage_taken":0.0},{"cards_removed":["Beak"],"damage_healed":0.0,"max_hp_gain":0.0,"max_hp_loss":0.0,"gold_gain":0.0,"event_name":"Back to Basics","player_choice":"Elegance","floor":22.0,"gold_loss":0.0,"damage_taken":0.0},{"cards_removed":["Heaven"],"damage_healed":0.0,"max_hp_gain":0.0,"max_hp_loss":0.0,"gold_gain":0.0,"event_name":"Falling","player_choice":"Removed Attack","floor":38.0,"gold_loss":0.0,"damage_taken":0.0},{"damage_healed":0.0,"max_hp_gain":0.0,"max_hp_loss":0.0,"gold_gain":0.0,"event_name":"conspire:Investor","player_choice":"Leave","floor":39.0,"gold_loss":0.0,"damage_taken":0.0},{"damage_healed":0.0,"max_hp_gain":0.0,"max_hp_loss":0.0,"gold_gain":0.0,"event_name":"MindBloom","player_choice":"Fight","floor":46.0,"gold_loss":0.0,"damage_taken":0.0}],"is_beta":false,"boss_relics":[{"not_picked":["conspire:RoyalGoblet","reliquary:Craggleroot"],"picked":"Dota2Spire:RefresherOrb"},{"not_picked":["SlaversCollar","Replay:Wanted Poster"],"picked":"AT_TrinityForce"}],"items_purged_floors":[],"is_endless":false,"potions_floor_spawned":[14,16,18,23,28,33,35,37,45],"ascension_level":0}}