{"host":"2se5dq1do2gp0x9k","time":1614062014,"event":{"mods":["AchievementEnabler","BaseMod","Block Reminder","Colored Map","Colored Powertips","Minty Spire (QoL Compilation)","Relic Stats","StSLib","SuperFastMode"],"gold_per_floor":[112,129,14,33,33,33,69,69,69,69,69],"floor_reached":10,"language":"ENG","playtime":205,"items_purged":["Strike_G"],"score":132,"play_id":"63a1d9a2-a795-42f7-ac06-1547e2af0b11","local_time":"20210222223334","is_ascension_mode":true,"campfire_choices":[{"data":"Dagger Spray","floor":6,"key":"SMITH"},{"data":"Sucker Punch","floor":8,"key":"SMITH"}],"circlet_count":0,"master_deck":["AscendersBane","Strike_G","Strike_G","Strike_G","Strike_G","Defend_G","Defend_G","Defend_G","Defend_G","Defend_G","Survivor","Neutralize","Blade Dance","Sucker Punch+1","Finisher","Dagger Spray+1","Footwork"],"relics":["Ring of the Snake","NeowsBlessing","Golden Idol","Art of War","Molten Egg 2"],"acts_visited":["Exordium"],"potions_floor_usage":[7],"damage_taken":[{"damage":0,"enemies":"2 Louse","floor":1,"turns":1},{"damage":0,"enemies":"Jaw Worm","floor":2,"turns":1},{"damage":0,"enemies":"Small Slimes","floor":4,"turns":1},{"damage":38,"enemies":"Lagavulin","floor":7,"turns":9},{"damage":27,"enemies":"Gremlin Nob","floor":10,"turns":3}],"seed_played":"6651220946878390480","potions_obtained":[{"floor":4,"key":"BlessingOfTheForge"}],"is_trial":false,"path_per_floor":["M","M","$","M","?","R","E","R","T","E"],"character_chosen":"THE_SILENT","items_purchased":["Finisher"],"campfire_rested":0,"item_purchase_floors":[3],"current_hp_per_floor":[59,59,59,59,59,59,21,21,21,0,0],"gold":69,"neow_bonus":"THREE_ENEMY_KILL","is_daily":false,"chose_seed":false,"campfire_upgraded":2,"win_rate":0.0,"timestamp":1614062014,"path_taken":["M","M","$","M","?","R","E","R","T","E"],"items_purchased_type":["Card"],"build_version":"2020-12-22","purchased_purges":1,"victory":false,"max_hp_per_floor":[66,66,66,66,60,60,60,60,60,60,60],"relic_stats":{"counters":[5,15],"Golden Idol":7,"Art of War":[0],"obtain_stats":[{"NeowsBlessing":0,"Golden Idol":5,"Molten Egg 2":9,"Art of War":7,"Ring of the Snake":0},{"NeowsBlessing":0,"Golden Idol":3,"Molten Egg 2":4,"Art of War":4,"Ring of the Snake":0},{"NeowsBlessing":0,"Golden Idol":3,"Molten Egg 2":12,"Art of War":12,"Ring of the Snake":0}],"Ring of the Snake":[10]},"card_choices":[{"not_picked":["Cloak And Dagger","Slice"],"picked":"Blade Dance","floor":1},{"not_picked":["Poisoned Stab","Infinite Blades"],"picked":"Sucker Punch","floor":2},{"not_picked":["Backflip","PiercingWail"],"picked":"Dagger Spray","floor":4},{"not_picked":["Skewer","Blur"],"picked":"Footwork","floor":7}],"player_experience":4128419,"relics_obtained":[{"floor":7,"key":"Art of War"},{"floor":9,"key":"Molten Egg 2"}],"event_choices":[{"damage_healed":0,"gold_gain":0,"player_choice":"Lose Max HP","damage_taken":0,"relics_obtained":["Golden Idol"],"max_hp_gain":0,"max_hp_loss":6,"event_name":"Golden Idol","floor":5,"gold_loss":0}],"is_beta":false,"boss_relics":[],"items_purged_floors":[3],"is_endless":false,"potions_floor_spawned":[4],"killed_by":"Gremlin Nob","ascension_level":20}}