{"host":"qx22gp6oc7p3276t","time":1614116259,"event":{"mods":["AchievementEnabler","BaseMod","Colored Map","Colored Powertips","Minty Spire (QoL Compilation)","Relic Sorter","StSLib","UnlockEverythingMod"],"gold_per_floor":[366,384,398,573,196,227,227,127,177,204,234,250,270,284,284,381,381,396,407,423,470,470,470,495,199,269,295,152,171,86,113,113,214,214,225,225,245,245,265,290,303,303,303,315,325,97,111,145,145,145],"floor_reached":51,"language":"ENG","playtime":3077,"items_purged":["Doubt","Clumsy"],"score":970,"play_id":"2ab38bf9-9d2f-43e5-a1f4-6acb66af82d7","local_time":"20210223223739","is_ascension_mode":true,"campfire_choices":[{"floor":15,"key":"REST"},{"floor":23,"key":"REST"},{"data":"EmptyMind","floor":32,"key":"SMITH"},{"data":"ConjureBlade","floor":49,"key":"SMITH"}],"circlet_count":0,"master_deck":["Strike_P","Strike_P","Strike_P","Strike_P+1","Defend_P","Defend_P","Defend_P+1","Eruption","Vigilance","CutThroughFate","FlurryOfBlows","Conclude+1","Perseverance","FollowUp","FlyingSleeves","ReachHeaven","ThirdEye","Ragnarok","Prostrate+1","ClearTheMind","EmptyMind+1","Necronomicurse","EmptyBody+1","LessonLearned","ThirdEye","SashWhip+1","ConjureBlade+1","Vengeance+1","Writhe","JustLucky+1","Prostrate","Prostrate+1","Secret Weapon","Dramatic Entrance+1","Prostrate+1","Prostrate+1","Mind Blast+1","Wallop+1"],"relics":["HolyWater","Oddly Smooth Stone","Cauldron","Akabeko","Pen Nib","Dream Catcher","FossilizedHelix","Sozu","Vajra","Necronomicon","Nunchaku","Strawberry","Shuriken","Centennial Puzzle","Bag of Preparation","Molten Egg 2","TeardropLocket","Smiling Mask","InkBottle","Bag of Marbles","Potion Belt"],"acts_visited":["Exordium","TheCity","TheBeyond"],"potions_floor_usage":[11,11,18,20],"damage_taken":[{"damage":5.0,"enemies":"Cultist","floor":1.0,"turns":4.0},{"damage":2.0,"enemies":"2 Louse","floor":2.0,"turns":3.0},{"damage":1.0,"enemies":"Jaw Worm","floor":3.0,"turns":3.0},{"damage":18.0,"enemies":"Lagavulin","floor":6.0,"turns":4.0},{"damage":13,"enemies":"Gremlin Nob","floor":11,"turns":5},{"damage":0,"enemies":"Gremlin Gang","floor":12,"turns":2},{"damage":0,"enemies":"Exordium Thugs","floor":13,"turns":3},{"damage":0,"enemies":"Blue Slaver","floor":14,"turns":1},{"damage":0,"enemies":"Slime Boss","floor":16,"turns":3},{"damage":10,"enemies":"2 Thieves","floor":18,"turns":3},{"damage":9,"enemies":"3 Byrds","floor":19,"turns":3},{"damage":14,"enemies":"Cultist and Chosen","floor":20,"turns":4},{"damage":8,"enemies":"Slavers","floor":24,"turns":4},{"damage":9,"enemies":"Gremlin Leader","floor":27,"turns":4},{"damage":0,"enemies":"Shelled Parasite and Fungi","floor":29,"turns":2},{"damage":8,"enemies":"Slavers","floor":31,"turns":4},{"damage":9,"enemies":"Collector","floor":33,"turns":5},{"damage":0,"enemies":"3 Darklings","floor":35,"turns":2},{"damage":0,"enemies":"Orb Walker","floor":37,"turns":2},{"damage":0,"enemies":"3 Darklings","floor":39,"turns":3},{"damage":0,"enemies":"Reptomancer","floor":40,"turns":3},{"damage":0,"enemies":"Spire Growth","floor":41,"turns":3},{"damage":0,"enemies":"Transient","floor":44,"turns":5},{"damage":15,"enemies":"Sphere and 2 Shapes","floor":45,"turns":1},{"damage":0,"enemies":"3 Darklings","floor":47,"turns":1},{"damage":6,"enemies":"Nemesis","floor":48,"turns":3},{"damage":18,"enemies":"Time Eater","floor":50,"turns":6}],"seed_played":"-859358104584042374","potions_obtained":[{"floor":5.0,"key":"Fruit Juice"},{"floor":5.0,"key":"LiquidBronze"},{"floor":5.0,"key":"LiquidMemories"},{"floor":5.0,"key":"SteroidPotion"},{"floor":6.0,"key":"SmokeBomb"},{"floor":11,"key":"PowerPotion"},{"floor":16,"key":"Swift Potion"}],"is_trial":false,"path_per_floor":["M","M","M","?","$","E","?","$","T","T","E","M","M","M","R","B",null,"M","M","M","T","?","R","E","$","T","E","$","M","?","E","R","B",null,"M","?","M","?","M","E","M","?","T","M","M","$","M","E","R","B",null],"character_chosen":"WATCHER","items_purchased":["Oddly Smooth Stone","Cauldron","LessonLearned","Strawberry","Bag of Preparation","Mind Blast+1","Bag of Marbles"],"campfire_rested":2,"item_purchase_floors":[5,5,25,25,28,46,46],"current_hp_per_floor":[67,65,64,64,69,51,36,36,36,36,23,23,23,23,46,46,77,67,58,44,44,28,51,43,50,50,41,41,41,41,33,33,24,84,84,84,84,84,84,84,84,74,74,74,59,59,59,53,53,35],"gold":145,"neow_bonus":"TWO_FIFTY_GOLD","is_daily":false,"chose_seed":false,"campfire_upgraded":2,"win_rate":0.0,"timestamp":1614116259,"path_taken":["M","M","M","?","$","E","?","$","T","?","E","M","M","M","R","BOSS","M","M","?","?","?","R","E","$","T","E","$","M","?","E","R","BOSS","M","?","M","?","M","E","M","?","T","M","M","$","?","E","R","BOSS"],"items_purchased_type":["Relic","Relic","Card","Relic","Relic","Card","Relic"],"build_version":"2020-12-22","purchased_purges":2,"victory":true,"max_hp_per_floor":[72,72,72,72,77,77,77,77,77,77,77,77,77,77,77,77,77,77,77,77,77,77,77,77,84,84,84,84,84,84,84,84,84,84,84,84,84,84,84,84,84,84,84,84,84,84,84,84,84,84],"card_choices":[{"not_picked":["FlyingSleeves","WaveOfTheHand"],"picked":"CutThroughFate","floor":1.0},{"not_picked":["CutThroughFate","MentalFortress"],"picked":"FlurryOfBlows","floor":2.0},{"not_picked":["EmptyFist","Pray"],"picked":"Conclude","floor":3.0},{"not_picked":["EmptyMind","Crescendo"],"picked":"Perseverance","floor":6.0},{"not_picked":["Sanctity","DeusExMachina"],"picked":"FollowUp","floor":11},{"not_picked":["WaveOfTheHand","BowlingBash"],"picked":"FlyingSleeves","floor":12},{"not_picked":["Vengeance","Weave"],"picked":"ReachHeaven","floor":13},{"not_picked":["Crescendo","WaveOfTheHand","Worship"],"picked":"SKIP","floor":14},{"not_picked":["SandsOfTime","Evaluate"],"picked":"ThirdEye","floor":15},{"not_picked":["Alpha","Wish"],"picked":"Ragnarok","floor":16},{"not_picked":["FollowUp","Consecrate"],"picked":"Prostrate+1","floor":18},{"not_picked":["InnerPeace","Sanctity"],"picked":"ClearTheMind","floor":19},{"not_picked":["WreathOfFlame","CutThroughFate"],"picked":"EmptyMind","floor":20},{"not_picked":["FearNoEvil","Wireheading+1"],"picked":"EmptyBody+1","floor":23},{"not_picked":["Pray+1","CarveReality","Protect+1"],"picked":"SKIP","floor":24},{"not_picked":["JustLucky","Brilliance"],"picked":"ThirdEye","floor":27},{"not_picked":["CrushJoints+1","ClearTheMind+1","LikeWater+1"],"picked":"SKIP","floor":29},{"not_picked":["PathToVictory","ReachHeaven+1"],"picked":"SashWhip+1","floor":31},{"not_picked":["Wish","DeusExMachina"],"picked":"ConjureBlade","floor":33},{"not_picked":["WreathOfFlame+1","PathToVictory+1"],"picked":"Vengeance+1","floor":35},{"not_picked":["BowlingBash+1","EmptyBody","WreathOfFlame+1"],"picked":"SKIP","floor":37},{"not_picked":["EmptyFist+1","SashWhip+1"],"picked":"JustLucky+1","floor":39},{"not_picked":["Adaptation","WindmillStrike+1"],"picked":"Prostrate","floor":40},{"not_picked":["Halt+1","FollowUp+1"],"picked":"Prostrate+1","floor":41},{"not_picked":["Flash of Steel+1","Chrysalis"],"picked":"Secret Weapon","floor":42},{"not_picked":["Blind","Enlightenment"],"picked":"Dramatic Entrance+1","floor":42},{"not_picked":["Fasting2+1","Halt+1"],"picked":"Prostrate+1","floor":44},{"not_picked":["JustLucky+1","CrushJoints+1"],"picked":"Prostrate+1","floor":45},{"not_picked":["Study+1","ThirdEye+1","FlurryOfBlows+1"],"picked":"SKIP","floor":47},{"not_picked":["EmptyFist+1","FlurryOfBlows+1"],"picked":"Wallop+1","floor":48}],"player_experience":420614,"relics_obtained":[{"floor":6.0,"key":"Akabeko"},{"floor":9.0,"key":"Pen Nib"},{"floor":10.0,"key":"Dream Catcher"},{"floor":11,"key":"FossilizedHelix"},{"floor":21,"key":"Vajra"},{"floor":22,"key":"Necronomicon"},{"floor":24,"key":"Nunchaku"},{"floor":26,"key":"Shuriken"},{"floor":27,"key":"Centennial Puzzle"},{"floor":31,"key":"TeardropLocket"},{"floor":40,"key":"Smiling Mask"},{"floor":43,"key":"InkBottle"},{"floor":48,"key":"Potion Belt"}],"event_choices":[{"damage_healed":0.0,"max_hp_gain":0.0,"max_hp_loss":0.0,"gold_gain":175.0,"event_name":"Liars Game","player_choice":"AGREE","floor":4.0,"gold_loss":0.0,"damage_taken":0.0,"cards_obtained":["Doubt"]},{"damage_healed":0.0,"max_hp_gain":0.0,"max_hp_loss":0.0,"gold_gain":0.0,"event_name":"Shining Light","player_choice":"Entered Light","floor":7.0,"gold_loss":0.0,"damage_taken":15.0,"cards_upgraded":["Defend_P","Strike_P"]},{"damage_healed":0,"gold_gain":0,"player_choice":"Obtained Book","damage_taken":16,"max_hp_gain":0,"max_hp_loss":0,"event_name":"Cursed Tome","floor":22,"gold_loss":0},{"damage_healed":0,"gold_gain":0,"player_choice":"Obtained Relic","damage_taken":0,"relics_obtained":["Molten Egg 2"],"max_hp_gain":0,"max_hp_loss":0,"event_name":"Addict","floor":30,"gold_loss":85},{"damage_healed":21,"gold_gain":0,"player_choice":"Writhe","damage_taken":0,"max_hp_gain":0,"max_hp_loss":0,"event_name":"Winding Halls","floor":36,"gold_loss":0,"cards_obtained":["Writhe"]},{"cards_removed":["Defend_P"],"damage_healed":0,"gold_gain":0,"player_choice":"Removed Skill","damage_taken":0,"max_hp_gain":0,"max_hp_loss":0,"event_name":"Falling","floor":38,"gold_loss":0},{"damage_healed":0,"gold_gain":0,"player_choice":"Memory 3","damage_taken":10,"max_hp_gain":0,"max_hp_loss":0,"event_name":"SensoryStone","floor":42,"gold_loss":0}],"is_beta":false,"boss_relics":[{"not_picked":["Fusion Hammer","Tiny House"],"picked":"Sozu"},{"not_picked":["SlaversCollar","Coffee Dripper"],"picked":"HolyWater"}],"items_purged_floors":[5,8],"is_endless":false,"potions_floor_spawned":[6,11,16,18,20,24,29,35,40,41,45],"ascension_level":1}}