{"host":"q57ekfojy3i00x9o","time":1614069264,"event":{"mods":["Act Like it!","Arknights","Aspiration","BaseMod","Colored Map","Energized Spire","Hermit","Minty Spire (QoL Compilation)","Quick Restart","Ruina","Spicy Shops","Spikes Relics","StSLib","slay the spire mod where everything is the same but ironclad has a cowboy hat"],"gold_per_floor":[117,117,37,54,19,19,94,94,176,190,190,206,206,206],"floor_reached":13,"language":"RUS","playtime":198,"items_purged":[],"score":139,"play_id":"d0961a9a-2b9d-4e7a-a88a-83591a141155","local_time":"20210223133424","is_ascension_mode":true,"campfire_choices":[{"data":"ats:Healing Drone","floor":6,"key":"SMITH"},{"floor":11,"key":"REST"}],"circlet_count":0,"master_deck":["AscendersBane","ats:Strike C","ats:Strike G","ats:Strike S","ats:Strike V","ats:Armor Crushing Shot","ats:Defend","ats:Defend","ats:Defend","ats:Defend","ats:Emotion Absorption","ats:Shadow Assault+1","ats:Healing Drone+1","ats:Cat Scratch","ats:Powerful Strike","ats:Magnetic Hammer"],"relics":["ats:Sanity","MealTicket","Blue Candle"],"acts_visited":["Exordium"],"potions_floor_usage":[13],"damage_taken":[{"damage":21,"enemies":"Jaw Worm","floor":1,"turns":4},{"damage":23,"enemies":"Cultist","floor":4,"turns":5},{"damage":19,"enemies":"Small Slimes","floor":10,"turns":3},{"damage":17,"enemies":"Blue Slaver","floor":12,"turns":3},{"damage":35,"enemies":"Lagavulin","floor":13,"turns":3}],"seed_played":"-36738784427643340","potions_obtained":[{"floor":4,"key":"SteroidPotion"},{"floor":12,"key":"SneckoOil"}],"is_trial":false,"path_per_floor":["M","?","$","M","?","R","?","?","T","M","R","M","E"],"character_chosen":"DOCTOR_CLASS","items_purchased":["MealTicket"],"campfire_rested":1,"item_purchase_floors":[3],"current_hp_per_floor":[44,44,44,27,45,45,34,34,34,23,44,35,0,0],"gold":206,"neow_bonus":"ONE_RANDOM_RARE_CARD","is_daily":false,"chose_seed":false,"campfire_upgraded":1,"win_rate":0.0,"timestamp":1614069264,"path_taken":["M","?","$","?","?","R","?","?","T","M","R","?","E"],"items_purchased_type":["Relic"],"build_version":"2020-12-22","purchased_purges":0,"victory":false,"max_hp_per_floor":[72,72,72,72,72,72,72,72,72,72,72,72,72,72],"card_choices":[{"not_picked":["ats:Ignite","ats:Revitalization"],"picked":"ats:Healing Drone","floor":1},{"not_picked":["ats:Absolute Focus","ats:Curse Doll"],"picked":"ats:Cat Scratch","floor":4},{"not_picked":["ats:Apocalypse","ats:Leaping Hammer"],"picked":"ats:Powerful Strike","floor":10},{"not_picked":["ats:Steam Pump","ats:Ignite"],"picked":"ats:Magnetic Hammer","floor":12}],"player_experience":792238,"relics_obtained":[{"floor":9,"key":"Blue Candle"}],"event_choices":[{"damage_healed":0,"gold_gain":0,"player_choice":"Forge","damage_taken":0,"max_hp_gain":0,"max_hp_loss":0,"event_name":"Accursed Blacksmith","floor":2,"gold_loss":0,"cards_upgraded":["ats:Shadow Assault"]},{"damage_healed":18,"gold_gain":0,"player_choice":"Healed","damage_taken":0,"max_hp_gain":0,"max_hp_loss":0,"event_name":"The Cleric","floor":5,"gold_loss":35},{"damage_healed":0,"gold_gain":75,"player_choice":"Gather Gold","damage_taken":11,"max_hp_gain":0,"max_hp_loss":0,"event_name":"World of Goop","floor":7,"gold_loss":0},{"damage_healed":0,"gold_gain":0,"player_choice":"Leave","damage_taken":0,"max_hp_gain":0,"max_hp_loss":0,"event_name":"FaceTrader","floor":8,"gold_loss":0}],"is_beta":false,"boss_relics":[],"items_purged_floors":[],"is_endless":false,"potions_floor_spawned":[4,12],"killed_by":"Lagavulin","ascension_level":18}}