{"host":"euxksmtrtvfcjuzd","time":1614087205,"event":{"mods":["ATMod(°¢èªMod)","Aspiration","BaseMod","Jedi Mod","Minty Spire (QoL Compilation)","Reliquary","Replay The Spire","Shop Mod","StSLib","TestMod","UnlockEverythingMod","Waifu the Spire","¡¾ÒÅÎï¿¨ÅÆ¡¿REMEMod"],"gold_per_floor":[115,290,240,240,250,265,265,291,291,325,325,337,77,92,92,191,291,306,325,325,338,338,338,351,351,351,361,395,406,439,454,454,559,559,576,626,640,536,546,580,830,830,876,523,546,566,540,555,555,555],"floor_reached":51,"language":"ZHS","playtime":4020,"items_purged":["Defend_R","Defend_R"],"score":735,"play_id":"56c4b776-33c5-4d2b-a158-b1ac827c4ce2","local_time":"20210223213325","is_ascension_mode":true,"campfire_choices":[{"data":"AT_FamilyPortrait","floor":7,"key":"SMITH"},{"floor":11,"key":"REST"},{"floor":15,"key":"REST"},{"floor":23,"key":"REST"},{"floor":25,"key":"REST"},{"floor":32,"key":"REST"},{"floor":42,"key":"REST"},{"floor":49,"key":"REST"}],"circlet_count":0,"master_deck":["Strike_R","Strike_R+1","Strike_R","Strike_R","Strike_R","Defend_R","Defend_R","Bash","ReplayTheSpireMod:Necrogeddon","AT_FamilyPortrait+1","True Grit+1","Power Through+1","Havoc","Dark Embrace","Pummel","testmod-EnhanceArmerment+1","REME_FearOfPain+1","Cleave","Corruption+1","jedi:fear+1","REME_SingleHolding","jedi:hate","ReplayTheSpireMod:Stacked","Havoc+1","jedi:fear","AT_CaressingTears","REME_ACTH","Dark Embrace+1"],"relics":["testmod-TestBox","AT_ATBox","REME_ComplimentaryCards","aspiration:SecretTechniqueScroll","testmod-IncinerationGenerator","Gremlin Food","Replay:Ringing Soul","Replay:Wanted Poster","testmod-OneHitWonder","Anchor","reliquary:PartyBalloon","testmod-InfectionSource","testmod-TimeTraveler","testmod-RealStoneCalender","PreservedInsect","Juzu Bracelet","MerchantsRug","AT_ChloranthyRing"],"acts_visited":["Exordium","TheCity","TheBeyond"],"potions_floor_usage":[14,24,28,33,33,40,40,40,46,50],"damage_taken":[{"damage":5,"enemies":"Jaw Worm","floor":1,"turns":3},{"damage":8,"enemies":"2 Louse","floor":5,"turns":4},{"damage":0,"enemies":"Small Slimes","floor":6,"turns":6},{"damage":25,"enemies":"3 Sentries","floor":8,"turns":11},{"damage":25,"enemies":"Gremlin Nob","floor":10,"turns":4},{"damage":0,"enemies":"Red Slaver","floor":12,"turns":4},{"damage":10,"enemies":"Gremlin Gang","floor":14,"turns":3},{"damage":0,"enemies":"Slime Boss","floor":16,"turns":8},{"damage":24,"enemies":"Shell Parasite","floor":18,"turns":4},{"damage":19,"enemies":"2 Thieves","floor":19,"turns":4},{"damage":27,"enemies":"Cultist and Chosen","floor":21,"turns":6},{"damage":0,"enemies":"Shelled Parasite and Fungi","floor":24,"turns":2},{"damage":15,"enemies":"Snake Plant","floor":27,"turns":4},{"damage":5,"enemies":"REME_1_Revenger","floor":28,"turns":3},{"damage":11,"enemies":"Centurion and Healer","floor":29,"turns":2},{"damage":6,"enemies":"Replay:Snechameleon","floor":30,"turns":5},{"damage":22,"enemies":"Snecko","floor":31,"turns":4},{"damage":4,"enemies":"Automaton","floor":33,"turns":4},{"damage":0,"enemies":"3 Darklings","floor":35,"turns":2},{"damage":0,"enemies":"Mind Bloom Boss Battle","floor":36,"turns":3},{"damage":0,"enemies":"Orb Walker","floor":37,"turns":1},{"damage":0,"enemies":"Maw","floor":39,"turns":3},{"damage":98,"enemies":"Reptomancer","floor":40,"turns":4},{"damage":14,"enemies":"Spire Growth","floor":46,"turns":3},{"damage":0,"enemies":"Transient","floor":48,"turns":5},{"damage":4,"enemies":"Replay:Hell Engine","floor":50,"turns":3}],"seed_played":"259006058771255893","potions_obtained":[{"floor":5,"key":"jedi:wingpotion"},{"floor":10,"key":"Milkshake"},{"floor":12,"key":"BloodPotion"},{"floor":14,"key":"FearPotion"},{"floor":19,"key":"FearPotion"},{"floor":21,"key":"Ancient Potion"},{"floor":28,"key":"Elixir"},{"floor":29,"key":"Milkshake"},{"floor":33,"key":"ColorlessPotion"},{"floor":36,"key":"Venom Potion"},{"floor":40,"key":"Adrenaline Potion"},{"floor":48,"key":"FearPotion"}],"is_trial":false,"path_per_floor":["M","?","?","?","M","M","R","E","T","E","R","M","$","M","R","B",null,"M","M","?","M","T","R","M","R","T","M","E","M","E","M","R","B",null,"M","?","M","$","M","E","?","R","T","$","T","M","$","M","R","B",null],"character_chosen":"IRONCLAD","items_purchased":["testmod-EnhanceArmerment","REME_FearOfPain","ReplayTheSpireMod:Stacked","Havoc","jedi:fear","AT_CaressingTears","MerchantsRug"],"campfire_rested":7,"item_purchase_floors":[13,13,38,38,44,44,44],"current_hp_per_floor":[75,75,75,75,67,67,67,42,42,17,41,44,47,57,83,86,92,71,55,55,31,31,61,61,91,91,76,71,60,54,32,62,58,101,101,101,101,104,104,6,6,37,37,40,40,29,29,34,67,65],"gold":555,"neow_bonus":"BOSS_RELIC","is_daily":false,"chose_seed":false,"campfire_upgraded":1,"win_rate":0.0,"timestamp":1614087205,"path_taken":["M","?","?","?","M","?","R","E","T","E","R","M","?","M","R","BOSS","M","?","?","M","?","R","M","R","T","M","E","?","E","M","R","BOSS","M","?","M","$","M","E","?","R","T","?","?","M","$","M","R","BOSS"],"items_purchased_type":["Card","Card","Card","Card","Card","Card","Relic"],"build_version":"2020-12-22","purchased_purges":2,"victory":true,"max_hp_per_floor":[80,80,80,80,80,80,80,80,80,80,80,83,86,89,89,92,92,95,98,98,101,101,101,101,101,101,101,101,101,101,101,101,101,101,101,101,101,104,104,104,104,104,104,107,107,110,110,113,113,113],"card_choices":[{"not_picked":["Sword Boomerang","Armaments"],"picked":"True Grit","floor":1},{"not_picked":["AT_BodySlamDance","Heavy Blade","Wild Strike"],"picked":"SKIP","floor":5},{"not_picked":["Reckless Charge","Pommel Strike"],"picked":"Havoc","floor":6},{"not_picked":["Impervious","Shrug It Off"],"picked":"Dark Embrace","floor":8},{"not_picked":["AT_IchimonjiDouble","Shrug It Off","Thunderclap"],"picked":"SKIP","floor":10},{"not_picked":["Cleave","Spot Weakness"],"picked":"Pummel","floor":12},{"not_picked":["Clash","Flex"],"picked":"Cleave","floor":14},{"not_picked":["Reaper","jedi:harder"],"picked":"Corruption","floor":16},{"not_picked":["Carnage+1","jedi:hate"],"picked":"jedi:fear","floor":18},{"not_picked":["Iron Wave","jedi:fear+1"],"picked":"REME_SingleHolding","floor":19},{"not_picked":["Replay:Undeath\u0027s Touch","Spot Weakness"],"picked":"jedi:hate","floor":21},{"not_picked":["Intimidate","Burning Pact+1"],"picked":"Sentinel","floor":24},{"not_picked":["Sword Boomerang","Cleave"],"picked":"jedi:controlledanger+1","floor":27},{"not_picked":["Entrench","ReplayTheSpireMod:Limb From Limb"],"picked":"jedi:bloodyhammer","floor":28},{"not_picked":["Pommel Strike","Flex"],"picked":"jedi:controlledanger+1","floor":29},{"not_picked":["Cleave","Inflame","AT_BodySlamDance"],"picked":"SKIP","floor":30},{"not_picked":["ReplayReversal","Replay:Undeath\u0027s Touch+1"],"picked":"Warcry","floor":31},{"not_picked":["Feed","Impervious"],"picked":"Fiend Fire","floor":33},{"not_picked":["True Grit","jedi:fear"],"picked":"REME_FearOfPain","floor":35},{"not_picked":["Clash","Flex+1"],"picked":"AT_CaressingTears+1","floor":36},{"not_picked":["AT_BodySlamDance+1","Armaments","Iron Wave+1"],"picked":"SKIP","floor":37},{"not_picked":["Shockwave+1","Armaments+1"],"picked":"Warcry+1","floor":39},{"not_picked":["Flex","Twin Strike+1"],"picked":"Sentinel","floor":40},{"not_picked":["ReplayTheSpireMod:Limb From Limb","jedi:suffering"],"picked":"REME_ACTH","floor":46},{"not_picked":["Life Link","Replay:Undeath\u0027s Touch"],"picked":"Dark Embrace+1","floor":48}],"player_experience":39953,"relics_obtained":[{"floor":8,"key":"Gremlin Food"},{"floor":9,"key":"testmod-Alchemist"},{"floor":10,"key":"Replay:Ringing Soul"},{"floor":20,"key":"testmod-OneHitWonder"},{"floor":22,"key":"reliquary:Sideboard"},{"floor":26,"key":"Anchor"},{"floor":28,"key":"reliquary:PartyBalloon"},{"floor":30,"key":"testmod-InfectionSource"},{"floor":36,"key":"testmod-RealStoneCalender"},{"floor":40,"key":"PreservedInsect"},{"floor":43,"key":"Juzu Bracelet"},{"floor":45,"key":"AT_ChloranthyRing"}],"event_choices":[{"damage_healed":0,"gold_gain":175,"player_choice":"AGREE","damage_taken":0,"max_hp_gain":0,"max_hp_loss":0,"event_name":"Liars Game","floor":2,"gold_loss":0,"cards_obtained":["Doubt"]},{"cards_removed":["Doubt"],"damage_healed":0,"gold_gain":0,"player_choice":"Card Removal","damage_taken":0,"max_hp_gain":0,"max_hp_loss":0,"event_name":"The Cleric","floor":3,"gold_loss":50},{"damage_healed":0,"gold_gain":0,"player_choice":"1 cards matched","damage_taken":0,"max_hp_gain":0,"max_hp_loss":0,"event_name":"Match and Keep!","floor":4,"gold_loss":0,"cards_obtained":["Power Through"]},{"damage_healed":0,"gold_gain":0,"player_choice":"Fight","damage_taken":0,"max_hp_gain":0,"max_hp_loss":0,"event_name":"MindBloom","floor":36,"gold_loss":0},{"damage_healed":0,"gold_gain":250,"player_choice":"Sell","damage_taken":0,"max_hp_gain":0,"max_hp_loss":0,"event_name":"¶÷ÂåË¹µÄÅÌ×Ó","floor":41,"relics_lost":["reliquary:Sideboard"],"gold_loss":0}],"is_beta":false,"boss_relics":[{"not_picked":["Replay:Ancient Bell","jedi:battlestandard"],"picked":"Replay:Wanted Poster"},{"not_picked":["aspiration:FutureDiary","testmod-NegativeEmotionEnhancer"],"picked":"testmod-TimeTraveler"}],"items_purged_floors":[44,47],"is_endless":false,"potions_floor_spawned":[5,10,12,14,19,21,28,29,31,33,36,39,40,48],"ascension_level":1}}