{"host":"6n0bwkgbkn8ajkoa","time":1614074184,"event":{"mods":["AchievementEnabler","Aspiration","BaseMod","Colored Map","Conspire","Downfall","Highlight Path","Hubris","Infinite Spire","Minty Spire (QoL Compilation)","Quick Restart","Replay The Spire","Spikes Relics","StSLib"],"gold_per_floor":[99,99,99,99,99,99,123,153,3,3,17,52,52,64,84,180,180,80,100,112,112,197,210,210,310,310,328,328,428,428,438,455,455,455,455],"floor_reached":33,"language":"ENG","playtime":1637,"items_purged":[],"score":243,"play_id":"fef79238-f911-4fd3-9b30-6678042a4d51","local_time":"20210223105624","is_ascension_mode":false,"campfire_choices":[{"data":"Slimebound:CorrosiveSpit","floor":1,"key":"SMITH"},{"floor":13,"key":"REST"},{"data":"downfall:Malfunctioning","floor":18,"key":"PURGE"},{"data":"Slimebound:RainOfGoop","floor":28,"key":"SMITH"},{"floor":30,"key":"REST"}],"circlet_count":0,"master_deck":["Slimebound:Strike_Slimebound","Slimebound:Strike_Slimebound","Slimebound:Defend_Slimebound","Slimebound:Defend_Slimebound","Slimebound:Defend_Slimebound+1","Slimebound:Defend_Slimebound","Slimebound:Split","Slimebound:CorrosiveSpit+1","Slimebound:GoopTackle+1","Slimebound:Schlurp+1","Slimebound:SplitMire","Slimebound:Gluttony","Slimebound:HauntingLick+1","Slimebound:PressTheAttack","Slimebound:SlimeSlap","Slimebound:RainOfGoop+1","Slimebound:SlimeSlap","Slimebound:Prepare","Slimebound:SplitMire","Slimebound:HauntingLick+1","Slimebound:SlimeSlap"],"relics":["Slimebound:AbsorbEndCombat","downfall:HeartsMalice","Ancient Tea Set","Pear","RetroEgg","Snecko Eye","downfall:HeartBlessingGreen","hubris:Towel","aspiration:FrozenJewel","WizardHat","LugNut"],"acts_visited":["Exordium","TheCity"],"potions_floor_usage":[16,16,25,32,33,33],"damage_taken":[{"damage":0,"enemies":"Cultist","floor":2,"turns":1},{"damage":0,"enemies":"2 Louse","floor":5,"turns":1},{"damage":0,"enemies":"Small Slimes","floor":6,"turns":1},{"damage":39,"enemies":"3 Sentries","floor":8,"turns":5},{"damage":1,"enemies":"downfall:FleeingMerchant","floor":9,"turns":4},{"damage":0,"enemies":"downfall:LooterAlt","floor":11,"turns":1},{"damage":30,"enemies":"conspire:MimicChest","floor":12,"turns":4},{"damage":0,"enemies":"Exordium Wildlife","floor":14,"turns":2},{"damage":16,"enemies":"3 Louse","floor":15,"turns":3},{"damage":19,"enemies":"SI_SHIV_ARCHETYPE","floor":16,"turns":6},{"damage":0,"enemies":"Chosen","floor":19,"turns":3},{"damage":24,"enemies":"3 Byrds","floor":20,"turns":6},{"damage":14,"enemies":"Centurion and Healer","floor":23,"turns":6},{"damage":10,"enemies":"IC_STATUS_ARCHETYPE","floor":25,"turns":4},{"damage":0,"enemies":"Snecko","floor":27,"turns":3},{"damage":0,"enemies":"Snake Plant","floor":31,"turns":2},{"damage":1,"enemies":"Shelled Parasite and Fungi","floor":32,"turns":4},{"damage":75,"enemies":"DF_ARCHETYPE_CLAW","floor":33,"turns":5}],"seed_played":"4021834666720525637","potions_obtained":[{"floor":8,"key":"Ancient Potion"},{"floor":11,"key":"EssenceOfSteel"},{"floor":15,"key":"Dexterity Potion"},{"floor":16,"key":"PowerPotion"},{"floor":23,"key":"PowerPotion"},{"floor":27,"key":"Doom Potion"},{"floor":31,"key":"AttackPotion"}],"is_trial":false,"path_per_floor":["R","M","?","?","M","M","T","E","$","?","M","?","R","M","M","B",null,"R_BF","M","M","?","?","M","T","?","?","M","R","?","R","M","M","B"],"character_chosen":"SLIMEBOUND","items_purchased":["Slimebound:SlimeSlap"],"campfire_rested":2,"item_purchase_floors":[9],"current_hp_per_floor":[65,65,65,65,65,65,65,44,51,51,53,31,53,55,43,30,75,75,75,51,51,39,33,33,29,29,33,33,33,55,59,66,0,0,0],"gold":455,"neow_bonus":"THREE_ENEMY_KILL","is_daily":false,"chose_seed":false,"campfire_upgraded":2,"win_rate":0.0,"timestamp":1614074184,"path_taken":["R","M","?","?","?","?","T","E","$","?","M","?","R","M","M","BOSS","R_BF","M","M","?","?","M","T","?","?","M","R","?","R","?","M","BOSS"],"items_purchased_type":["Card"],"build_version":"2020-12-22","purchased_purges":0,"victory":false,"max_hp_per_floor":[65,65,65,65,65,65,65,75,75,75,75,75,75,75,75,75,75,75,75,75,75,75,75,75,75,75,75,75,75,75,75,75,75,75,75],"card_choices":[{"not_picked":["Slimebound:SpikyOuterGoop","Slimebound:FinishingTackle"],"picked":"Slimebound:GoopTackle","floor":2},{"not_picked":["Slimebound:ItLooksTasty","Slimebound:LivingWall"],"picked":"Slimebound:SplitMire","floor":5},{"not_picked":["Slimebound:ItLooksTasty","Slimebound:Grow"],"picked":"Slimebound:Gluttony","floor":6},{"not_picked":["Slimebound:FlameTackle","Slimebound:SpikyOuterGoop"],"picked":"Slimebound:HauntingLick","floor":8},{"not_picked":["Slimebound:FirmFortitude","Slimebound:LeechEnergy"],"picked":"Slimebound:PressTheAttack","floor":9},{"not_picked":["Slimebound:SlimeBrawl","Slimebound:SpikyOuterGoop","Slimebound:SlimeTap"],"picked":"SKIP","floor":11},{"not_picked":["Slimebound:ItLooksTasty","Slimebound:RejuvenatingLick"],"picked":"Slimebound:RainOfGoop","floor":14},{"not_picked":["Slimebound:Schlurp","Slimebound:ProtectTheBoss","Slimebound:GoopSpray"],"picked":"SKIP","floor":15},{"not_picked":["Slimebound:Overexert","Slimebound:MassFeed"],"picked":"Slimebound:SlimeSlap","floor":16},{"not_picked":["Slimebound:Chomp","Slimebound:PressTheAttack"],"picked":"Slimebound:Prepare","floor":19},{"not_picked":["Slimebound:SamplingLick","Slimebound:LeadByExample+1"],"picked":"Slimebound:SplitMire","floor":20},{"not_picked":["Slimebound:ProtectTheBoss","Slimebound:FinishingTackle+1","Slimebound:OneTwoCombo"],"picked":"SKIP","floor":23},{"not_picked":["Slimebound:RejuvenatingLick","Slimebound:SplitBruiser"],"picked":"Slimebound:HauntingLick+1","floor":27},{"not_picked":["Slimebound:SlimeBrawl","Slimebound:SplitLeeching+1","Slimebound:SlimeTap"],"picked":"SKIP","floor":31},{"not_picked":["Slimebound:LevelUp+1","Slimebound:LivingWall"],"picked":"Slimebound:SlimeSlap","floor":32}],"player_experience":107502,"relics_obtained":[{"floor":7,"key":"Ancient Tea Set"},{"floor":8,"key":"Pear"},{"floor":12,"key":"RetroEgg"},{"floor":24,"key":"aspiration:FrozenJewel"},{"floor":25,"key":"WizardHat"},{"floor":25,"key":"LugNut"}],"event_choices":[{"damage_healed":0,"gold_gain":0,"player_choice":"Ignored","damage_taken":0,"max_hp_gain":0,"max_hp_loss":0,"event_name":"NoteForYourself","floor":4,"gold_loss":0}],"is_beta":false,"boss_relics":[{"not_picked":["Honey Jar","Cursed Key"],"picked":"Snecko Eye"}],"items_purged_floors":[],"is_endless":false,"potions_floor_spawned":[8,11,15,16,23,27,31],"killed_by":"DF_ARCHETYPE_CLAW","ascension_level":0}}