{"host":"m8x2fbau8p89y9gb","time":1614106702,"event":{"mods":["AchievementEnabler","BaseMod","Infinite Spire","Minty Spire (QoL Compilation)","Replay The Spire","StSLib"],"gold_per_floor":[113,113,127,127,127,0,16,49,49,68,68,177,177,190,190,210,240,336,336,354,453,453,467,478,478,505,523,523,523,523,536,30,48,48,151,151,164,164,174,192,211,211,236,236,236,236,248,259,259,259,259,259,259],"floor_reached":52,"language":"ENG","playtime":4573,"items_purged":["Strike_B","Strike_B"],"score":706,"play_id":"efa9341c-02d7-453f-b18c-9717ebdf3554","local_time":"20210223195822","is_ascension_mode":false,"campfire_choices":[{"data":"BasicCrystalCard","floor":9,"key":"SMITH"},{"data":"ReplayTheSpireMod:Chaos Vortex","floor":13,"key":"SMITH"},{"data":"Aggregate","floor":25,"key":"SMITH"},{"data":"Loop","floor":29,"key":"SMITH"},{"data":"FIFO Queue","floor":34,"key":"SMITH"},{"data":"Pot Of Greed","floor":42,"key":"SMITH"},{"data":"Pot Of Greed","floor":44,"key":"SMITH"},{"data":"Pot Of Greed","floor":46,"key":"SMITH"},{"data":"ReplayRNGCard","floor":51,"key":"SMITH"}],"circlet_count":0,"master_deck":["Strike_B+1","Strike_B","Defend_B+1","Defend_B","Defend_B","Defend_B","Zap+1","Dualcast","Redo","ReplayTheSpireMod:Chaos Vortex+1","FIFO Queue+1","FTL+1","Conserve Battery","BasicCrystalCard+1","Panic Button","Coolheaded","Compile Driver+1","Aggregate+1","Cold Snap+1","Self Repair","ReplayRNGCard+1","Glacier+1","Compile Driver","Loop+1","Storm","Leap","Pot Of Greed+1","Pot Of Greed+1","Pot Of Greed+1","ReplayTheSpireMod:Chaos Vortex","Panic Button","Barrage","Creative AI+1","Doubt","Rainbow+1","Forethought+1","infinitespire:Starlight+1","Pot Of Greed+1","Vigilance+1","Stack+1","Aggregate+1","Stack+1","Self Repair+1","Redo+1"],"relics":["Cracked Core","Pantograph","Shuriken","Coffee Dripper","Replay:WaspNest","Whetstone","Grinning Jar","Unceasing Top","Frozen Egg 2","Toxic Egg 2","Replay:Grab Bag","Busted Crown","Sozu","ReplayTheSpireMod:SealedPack","Ring of Peace","Simple Rune","Bottled Tornado","Gremlin Horn"],"acts_visited":["Exordium","TheCity","TheBeyond"],"potions_floor_usage":[35,52,52],"damage_taken":[{"damage":2,"enemies":"Small Slimes","floor":1,"turns":3},{"damage":0,"enemies":"2 Louse","floor":3,"turns":2},{"damage":0,"enemies":"Jaw Worm","floor":7,"turns":4},{"damage":15,"enemies":"3 Sentries","floor":8,"turns":6},{"damage":0,"enemies":"Gremlin Gang","floor":10,"turns":4},{"damage":0,"enemies":"Red Slaver","floor":14,"turns":3},{"damage":0,"enemies":"3 Louse","floor":16,"turns":4},{"damage":7,"enemies":"Fading Forest","floor":18,"turns":11},{"damage":23,"enemies":"2 Thieves","floor":20,"turns":5},{"damage":0,"enemies":"Shell Parasite","floor":23,"turns":7},{"damage":16,"enemies":"Centurion and Healer","floor":24,"turns":8},{"damage":19,"enemies":"Replay:Snechameleon","floor":26,"turns":5},{"damage":0,"enemies":"Cultist and Chosen","floor":27,"turns":7},{"damage":1,"enemies":"Chosen and Byrds","floor":31,"turns":6},{"damage":0,"enemies":"3 Cultists","floor":33,"turns":4},{"damage":0,"enemies":"Champ","floor":35,"turns":9},{"damage":10,"enemies":"Orb Walker","floor":37,"turns":4},{"damage":0,"enemies":"3 Shapes","floor":39,"turns":4},{"damage":0,"enemies":"Transient","floor":40,"turns":5},{"damage":0,"enemies":"Spire Growth","floor":41,"turns":5},{"damage":0,"enemies":"Nemesis","floor":43,"turns":5},{"damage":0,"enemies":"Sphere and 2 Shapes","floor":47,"turns":5},{"damage":0,"enemies":"Maw","floor":48,"turns":5},{"damage":76,"enemies":"Awakened One","floor":52,"turns":6}],"seed_played":"-9161673838998513891","potions_obtained":[{"floor":3,"key":"PotionOfCapacity"},{"floor":7,"key":"BlessingOfTheForge"},{"floor":14,"key":"ColorlessPotion"},{"floor":16,"key":"PowerPotion"}],"is_trial":false,"path_per_floor":["M","?","M","PTL","PTL","$","M","E","R","M","T","?","R","M","?","M","R","B",null,"M","?","T","M","M","R","E","M","T","R","AVR","M","$","M","R","B",null,"M","?","M","M","M","R","E","R","T","R","M","M","AVR","?","R","B"],"character_chosen":"DEFECT","items_purchased":["FTL","Conserve Battery","Frozen Egg 2","Toxic Egg 2"],"campfire_rested":0,"item_purchase_floors":[6,6,32,32],"current_hp_per_floor":[73,54,54,54,54,54,54,39,39,39,39,39,39,39,39,39,39,75,75,59,59,59,66,57,57,38,60,60,60,60,75,75,75,75,75,75,75,75,75,75,75,75,75,75,75,75,75,75,75,75,75,0,0],"gold":259,"neow_bonus":"UPGRADE_CARD","is_daily":false,"chose_seed":false,"campfire_upgraded":9,"win_rate":0.0,"timestamp":1614106702,"path_taken":["M","?","M","PTL","PTL","$","M","E","R","M","T","?","R","M","?","M","R","BOSS","M","?","?","M","?","R","E","M","T","R","AVR","?","?","M","R","BOSS","M","?","M","M","M","R","E","R","T","R","M","M","AVR","?","R","BOSS"],"items_purchased_type":["Card","Card","Relic","Relic"],"build_version":"2020-12-22","purchased_purges":2,"victory":false,"max_hp_per_floor":[75,75,75,75,75,75,75,75,75,75,75,75,75,75,75,75,75,75,75,75,75,75,75,75,75,75,75,75,75,75,75,75,75,75,75,75,75,75,75,75,75,75,75,75,75,75,75,75,75,75,75,75,75],"card_choices":[{"not_picked":["Panic Button","Chill"],"picked":"Redo","floor":1},{"not_picked":["infinitespire:Punishment","infinitespire:Menacing"],"picked":"ReplayTheSpireMod:Chaos Vortex","floor":2},{"not_picked":["Cold Snap","Beam Cell"],"picked":"FIFO Queue","floor":3},{"not_picked":["Beam Cell","Leap"],"picked":"BasicCrystalCard","floor":7},{"not_picked":["Compile Driver","Beam Cell"],"picked":"Panic Button","floor":8},{"not_picked":["Doom and Gloom","BasicCrystalCard","ReplayTheSpireMod:GoodbyeWorld"],"picked":"SKIP","floor":10},{"not_picked":["Rip and Tear","BootSequence"],"picked":"Coolheaded","floor":12},{"not_picked":["Gash","Scrape"],"picked":"Coolheaded","floor":12},{"not_picked":["Chaos","Reprogram"],"picked":"Compile Driver","floor":12},{"not_picked":["Streamline","Gash"],"picked":"Aggregate","floor":14},{"not_picked":["BasicCrystalCard","Streamline"],"picked":"Self Repair","floor":16},{"not_picked":["Mirror Shield","Creative AI"],"picked":"ReplayRNGCard","floor":18},{"not_picked":["Scrape","Stack"],"picked":"Glacier+1","floor":20},{"not_picked":["Stack","Steam"],"picked":"Compile Driver","floor":23},{"not_picked":["Leap","Darkness"],"picked":"Loop","floor":24},{"not_picked":["Steam Power","ReplayTheSpireMod:Reroute Power+1"],"picked":"Storm","floor":26},{"not_picked":["Go for the Eyes","Auto Shields+1"],"picked":"Leap","floor":27},{"not_picked":["Steam","Self Repair"],"picked":"Panic Button","floor":31},{"not_picked":["Melter","Gash"],"picked":"Barrage","floor":33},{"not_picked":["ReplayTheSpireMod:Fabricate Wheel+1","Buffer+1"],"picked":"Creative AI+1","floor":35},{"not_picked":[],"picked":"Rainbow","floor":36},{"not_picked":[],"picked":"Forethought","floor":36},{"not_picked":[],"picked":"infinitespire:Starlight","floor":36},{"not_picked":[],"picked":"Vigilance","floor":36},{"not_picked":[],"picked":"Stack+1","floor":37},{"not_picked":["Gash+1"],"picked":"SKIP","floor":39},{"not_picked":["Steam+1"],"picked":"SKIP","floor":40},{"not_picked":["Melter+1"],"picked":"SKIP","floor":41},{"not_picked":[],"picked":"Aggregate+1","floor":43},{"not_picked":[],"picked":"Stack+1","floor":47},{"not_picked":["Streamline"],"picked":"SKIP","floor":48}],"player_experience":190752,"relics_obtained":[{"floor":8,"key":"Pantograph"},{"floor":11,"key":"Shuriken"},{"floor":22,"key":"Replay:WaspNest"},{"floor":26,"key":"Whetstone"},{"floor":28,"key":"Grinning Jar"},{"floor":38,"key":"Ring of Peace"},{"floor":43,"key":"Simple Rune"},{"floor":45,"key":"Bottled Tornado"}],"event_choices":[{"damage_healed":0,"gold_gain":30,"player_choice":"Searched \u00272\u0027 times","damage_taken":0,"max_hp_gain":0,"max_hp_loss":0,"event_name":"Dead Adventurer","floor":17,"gold_loss":0},{"damage_healed":0,"gold_gain":99,"player_choice":"Stole From Cult","damage_taken":0,"max_hp_gain":0,"max_hp_loss":0,"event_name":"Nest","floor":21,"gold_loss":0},{"damage_healed":0,"gold_gain":0,"player_choice":"2 cards matched","damage_taken":0,"max_hp_gain":0,"max_hp_loss":0,"event_name":"Match and Keep!","floor":50,"gold_loss":0,"cards_obtained":["Self Repair","Redo"]}],"is_beta":false,"boss_relics":[{"not_picked":["Replay:Wanted Poster","Pandora\u0027s Box"],"picked":"Coffee Dripper"},{"not_picked":["ReplayTheSpireMod:DimensionalGlitch","Honey Jar"],"picked":"Replay:Grab Bag"},{"not_picked":["Cursed Key","infinitespire:Cupcake"],"picked":"Busted Crown"},{"not_picked":["Velvet Choker","Replay:Bronze Core"],"picked":"Sozu"},{"not_picked":["SacredBark","Black Star"],"picked":"ReplayTheSpireMod:SealedPack"}],"items_purged_floors":[30,49],"is_endless":false,"potions_floor_spawned":[3,7,14,16,18,20,26,27,31,41,47,48],"killed_by":"Awakened One","ascension_level":0}}