{"host":"hszimsrtxxc2k25w","time":1614092421,"event":{"mods":["AchievementEnabler","BaseMod","Colored Map","DeckTracker","Minty Spire (QoL Compilation)","Rare Cards Sparkle","SuperFastMode"],"gold_per_floor":[115,133,133,133,150,150,170,205,205,220,220,220],"floor_reached":11,"language":"KOR","playtime":204,"items_purged":[],"score":150,"play_id":"e0bc4d42-05b4-442d-aa0b-8ff3ea443081","local_time":"20210224000021","is_ascension_mode":true,"campfire_choices":[{"data":"Perfected Strike","floor":6,"key":"SMITH"}],"circlet_count":0,"master_deck":["AscendersBane","Strike_R","Strike_R","Strike_R","Strike_R","Strike_R","Defend_R","Defend_R","Defend_R+1","Defend_R","Bash+1","Apotheosis+1","Disarm","Power Through","Perfected Strike+1","Demon Form","Wild Strike"],"relics":["Burning Blood","Bag of Marbles","Regal Pillow"],"acts_visited":["Exordium"],"potions_floor_usage":[8,10],"damage_taken":[{"damage":6,"enemies":"Cultist","floor":1,"turns":3},{"damage":14,"enemies":"Small Slimes","floor":2,"turns":4},{"damage":0,"enemies":"2 Louse","floor":5,"turns":3},{"damage":14,"enemies":"Exordium Thugs","floor":7,"turns":4},{"damage":34,"enemies":"Gremlin Nob","floor":8,"turns":4},{"damage":18,"enemies":"Lots of Slimes","floor":10,"turns":5},{"damage":25,"enemies":"3 Sentries","floor":11,"turns":2}],"seed_played":"1354874853285356572","potions_obtained":[{"floor":1,"key":"BloodPotion"},{"floor":5,"key":"BloodPotion"},{"floor":8,"key":"Weak Potion"}],"is_trial":false,"path_per_floor":["M","M","?","?","M","R","M","E","T","M","E"],"character_chosen":"IRONCLAD","items_purchased":[],"campfire_rested":0,"item_purchase_floors":[],"current_hp_per_floor":[68,60,40,40,46,46,38,23,23,24,0,0],"gold":220,"neow_bonus":"RANDOM_COLORLESS_2","is_daily":false,"chose_seed":false,"campfire_upgraded":1,"win_rate":0.0,"timestamp":1614092421,"path_taken":["M","M","?","?","M","R","M","E","T","M","E"],"items_purchased_type":[],"build_version":"2020-12-22","purchased_purges":0,"victory":false,"max_hp_per_floor":[68,68,68,68,68,68,68,68,68,68,68,68],"card_choices":[{"not_picked":["Sadistic Nature","Violence"],"picked":"Apotheosis","floor":0},{"not_picked":["Body Slam","Dual Wield"],"picked":"Disarm","floor":1},{"not_picked":["Armaments","Flex"],"picked":"Power Through","floor":2},{"not_picked":["Ghostly Armor","Heavy Blade"],"picked":"Perfected Strike","floor":5},{"not_picked":["Anger","Warcry"],"picked":"Demon Form","floor":7},{"not_picked":["Dropkick","Shockwave"],"picked":"Wild Strike","floor":8},{"not_picked":["Anger","Cleave","Havoc"],"picked":"SKIP","floor":10}],"player_experience":695489,"relics_obtained":[{"floor":8,"key":"Bag of Marbles"},{"floor":9,"key":"Regal Pillow"}],"event_choices":[{"damage_healed":0,"gold_gain":0,"player_choice":"Entered Light","damage_taken":20,"max_hp_gain":0,"max_hp_loss":0,"event_name":"Shining Light","floor":3,"gold_loss":0,"cards_upgraded":["Bash","Defend_R"]},{"damage_healed":0,"gold_gain":0,"player_choice":"Forge","damage_taken":0,"max_hp_gain":0,"max_hp_loss":0,"event_name":"Accursed Blacksmith","floor":4,"gold_loss":0,"cards_upgraded":["Apotheosis"]}],"is_beta":false,"boss_relics":[],"items_purged_floors":[],"is_endless":false,"potions_floor_spawned":[1,5,7,8],"killed_by":"3 Sentries","ascension_level":20}}