{"host":"k4hb7medsm45vqxu","time":1614046566,"event":{"mods":["AchievementEnabler","Act Like it!","Arknights","BaseMod","BetterRewards","Colored Map","Colored Powertips","DeckTracker","Downfall","Friendly Minions","Highlight Path","Marisa????????","Minty Spire (QoL Compilation)","Permanent Neow","READ ME - Guardian Mod","Rare Cards Sparkle","Replay The Spire","Shop Mod","StSLib","SuperFastMode","The Death Knight","The Forsaken","Together in Spire","Waifu the Spire","Yuyuko"],"gold_per_floor":[117,129,145,165,9,9,37,37,92,105,105,120,137,150,150,150,150],"floor_reached":16,"language":"ENG","playtime":2147,"items_purged":[],"score":131,"play_id":"894b75f0-87b7-4450-9f1a-9b5f86fc6bbb","local_time":"20210222201606","is_ascension_mode":false,"campfire_choices":[{"data":"Snow","floor":6,"key":"SMITH"},{"floor":8,"key":"REST"},{"floor":11,"key":"REST"},{"floor":15,"key":"REST"}],"circlet_count":0,"master_deck":["Fantasy Butterflies","Fantasy Butterflies","Fantasy Butterflies","Fantasy Butterflies","Fantasy Butterflies","Dreamy Sakura","Dreamy Sakura","Dreamy Sakura","Dreamy Sakura","Dreamy Sakura","Deathly Ground","Faramita\u0027s Temptation","Snow+1","Unborn Light","Butterflies Rainbow","Lunch","Full Inky Sakura","Mini Ghostdom","Open The Fan","Snow","Steamed Phantom","Gauzy Sakura","Ghost Lead","Gauzy Sakura"],"relics":["Coronal","Yuyuko\u0027s fan","Trap Lamp","Bottled Flame","Dream Catcher"],"acts_visited":["Exordium"],"potions_floor_usage":[7,16,16,16],"damage_taken":[{"damage":2,"enemies":"2 Louse","floor":1,"turns":2},{"damage":25,"enemies":"Jaw Worm","floor":2,"turns":5},{"damage":19,"enemies":"Small Slimes","floor":3,"turns":3},{"damage":20,"enemies":"2 Fungi Beasts","floor":4,"turns":4},{"damage":43,"enemies":"3 Sentries","floor":7,"turns":5},{"damage":32,"enemies":"Gremlin Gang","floor":10,"turns":6},{"damage":17,"enemies":"3 Louse","floor":12,"turns":2},{"damage":38,"enemies":"Large Slime","floor":13,"turns":8},{"damage":18,"enemies":"2 Fungi Beasts","floor":14,"turns":3},{"damage":169,"enemies":"Hexaghost","floor":16,"turns":21}],"seed_played":"-721796694939972626","potions_obtained":[{"floor":4,"key":"BlessingOfTheForge"},{"floor":7,"key":"Milkshake"},{"floor":10,"key":"DeathKnight:RimePotion"},{"floor":13,"key":"Keine"}],"is_trial":false,"path_per_floor":["M","M","M","M","$","R","E","R","T","M","R","M","M","M","R_BF","B"],"character_chosen":"YUYOKO","items_purchased":["Trap Lamp"],"campfire_rested":3,"item_purchase_floors":[5],"current_hp_per_floor":[38,29,17,25,25,25,3,15,15,25,37,23,25,18,30,0,0],"gold":150,"neow_bonus":"THREE_CARDS","is_daily":false,"chose_seed":false,"campfire_upgraded":1,"win_rate":0.0,"timestamp":1614046566,"path_taken":["M","M","M","M","$","R","E","R","T","M","R","M","M","M","R_BF","BOSS"],"items_purchased_type":["Card"],"build_version":"2020-12-22","purchased_purges":0,"victory":false,"max_hp_per_floor":[40,40,40,40,40,40,40,40,40,40,40,40,40,40,40,40,40],"card_choices":[{"not_picked":["Steamed Phantom","Linger over Flower"],"picked":"Snow","floor":0},{"not_picked":["Unstable Ward","Bloom"],"picked":"Unborn Light","floor":1},{"not_picked":["Unstable Ward","Redemption of Death"],"picked":"Butterflies Rainbow","floor":2},{"not_picked":["Become Phantom","Unstable Ward"],"picked":"Lunch","floor":3},{"not_picked":["City of Death","Wandering Soul"],"picked":"Full Inky Sakura","floor":4},{"not_picked":["Become Phantom","Unreal"],"picked":"Mini Ghostdom","floor":7},{"not_picked":["Fondling of Papilio","Cerasus Subhirtella"],"picked":"Open The Fan","floor":10},{"not_picked":["Unstable Ward","Ghostdom Sakura"],"picked":"Snow","floor":11},{"not_picked":["Dancing Soul","Childlike"],"picked":"Steamed Phantom","floor":12},{"not_picked":["Unstable Ward","Butterflies Rainbow"],"picked":"Gauzy Sakura","floor":13},{"not_picked":["Sweet of Phantom","Fondling of Papilio"],"picked":"Ghost Lead","floor":14},{"not_picked":["Become Phantom","Gather the Spring"],"picked":"Gauzy Sakura","floor":15}],"player_experience":19733,"relics_obtained":[{"floor":7,"key":"Bottled Flame"},{"floor":9,"key":"Dream Catcher"}],"event_choices":[],"is_beta":false,"boss_relics":[],"items_purged_floors":[],"is_endless":false,"potions_floor_spawned":[4,7,10,13],"killed_by":"Hexaghost","ascension_level":0}}