{"host":"fnlf8nl5agtxb8g8","time":1614098316,"event":{"mods":["Act Like it!","BaseMod","Better Altar","Better Match","Better Note","Better Sensory Stone","Better Skull","Better Third Choice","Better Vampires","Downfall","Minty Spire (QoL Compilation)","Quick Restart","Rare Cards Sparkle","StSLib"],"gold_per_floor":[99,109,109,109,8,22,45,45,70,81,116,126,153,64,74,74,74,74],"floor_reached":16,"language":"ENG","playtime":1301,"items_purged":[],"score":145,"play_id":"b867139d-6980-4b7c-9480-a8e7a375e934","local_time":"20210223103836","is_ascension_mode":false,"campfire_choices":[{"data":"Mayhem","floor":1,"key":"SMITH"},{"data":"bronze:AlphaBuild","floor":8,"key":"SMITH"}],"circlet_count":0,"master_deck":["bronze:Strike","bronze:Strike","bronze:Strike","bronze:Defend","bronze:Defend","bronze:Defend","bronze:Defend","bronze:Replicate","bronze:Goto","Mayhem+1","bronze:MaxOutput","bronze:DigitalCarnage","bronze:BitShift","Flash of Steel","bronze:AlphaBuild+1","bronze:BitShift","bronze:Repulsor","bronze:ChildClass","bronze:Allocate","bronze:Virus"],"relics":["bronze:BronzeCore","Potion Belt","hexamod:BolsterEngine","Boot","Sundial"],"acts_visited":["Exordium"],"potions_floor_usage":[16],"damage_taken":[{"damage":1,"enemies":"2 Louse","floor":2,"turns":3},{"damage":5,"enemies":"downfall:FleeingMerchant","floor":5,"turns":4},{"damage":0,"enemies":"Small Slimes","floor":6,"turns":2},{"damage":0,"enemies":"Gremlin Nob","floor":9,"turns":2},{"damage":5,"enemies":"Jaw Worm","floor":10,"turns":2},{"damage":6,"enemies":"3 Sentries","floor":11,"turns":7},{"damage":0,"enemies":"Exordium Thugs","floor":12,"turns":4},{"damage":12,"enemies":"Lagavulin","floor":13,"turns":5},{"damage":7,"enemies":"downfall:FleeingMerchant","floor":14,"turns":4},{"damage":0,"enemies":"Lots of Slimes","floor":15,"turns":2},{"damage":39,"enemies":"DF_ARCHETYPE_STREAMLINE","floor":16,"turns":6}],"seed_played":"2986782516723882712","potions_obtained":[{"floor":6,"key":"SmokeBomb"},{"floor":11,"key":"bronze:FreeFunctionsPotion"},{"floor":13,"key":"FearPotion"},{"floor":15,"key":"Regen Potion"}],"is_trial":false,"path_per_floor":["R","M","?","?","$","M","T","R","E","M","E","M","E","$","M","B"],"character_chosen":"THE_AUTOMATON","items_purchased":["Flash of Steel","bronze:Virus"],"campfire_rested":0,"item_purchase_floors":[5,14],"current_hp_per_floor":[49,48,48,53,48,48,48,48,48,43,37,37,25,18,18,0,0,0],"gold":74,"neow_bonus":"RANDOM_COLORLESS_2","is_daily":false,"chose_seed":false,"campfire_upgraded":2,"win_rate":0.0,"timestamp":1614098316,"path_taken":["R","M","?","?","?","M","T","R","E","?","E","M","E","?","M","BOSS"],"items_purchased_type":["Card","Card"],"build_version":"2020-12-22","purchased_purges":0,"victory":false,"max_hp_per_floor":[70,70,70,75,75,75,75,75,75,75,75,75,75,75,75,75,75,75],"card_choices":[{"not_picked":["Chrysalis","Violence"],"picked":"Mayhem","floor":0},{"not_picked":["bronze:DigitalCarnage","bronze:DelayedGuard"],"picked":"bronze:MaxOutput","floor":2},{"not_picked":["bronze:OilSpill","bronze:BuggyMess"],"picked":"bronze:BitShift","floor":5},{"not_picked":["bronze:BuggyMess","bronze:CutThrough"],"picked":"bronze:AlphaBuild","floor":6},{"not_picked":["bronze:Frontload","bronze:DigitalCarnage"],"picked":"bronze:BitShift","floor":9},{"not_picked":["bronze:NullPointer","bronze:ItsAFeature"],"picked":"bronze:Repulsor","floor":10},{"not_picked":["bronze:Shield","bronze:Backtrace"],"picked":"bronze:ChildClass","floor":11},{"not_picked":["bronze:DelayedSlice","bronze:NullPointer","bronze:BuggyMess"],"picked":"SKIP","floor":12},{"not_picked":["bronze:Shell","bronze:BitShift","bronze:Return"],"picked":"SKIP","floor":13},{"not_picked":["bronze:Backtrace","bronze:RecursiveStrike"],"picked":"bronze:Allocate","floor":14},{"not_picked":["bronze:Terminator","bronze:BugBarrage","bronze:WhirlingStrike"],"picked":"SKIP","floor":15}],"player_experience":892941,"relics_obtained":[{"floor":7,"key":"Potion Belt"},{"floor":9,"key":"hexamod:BolsterEngine"},{"floor":11,"key":"Boot"},{"floor":13,"key":"Sundial"}],"event_choices":[{"damage_healed":0,"gold_gain":0,"player_choice":"Donut","damage_taken":0,"max_hp_gain":5,"max_hp_loss":0,"event_name":"Big Fish","floor":4,"gold_loss":0}],"is_beta":false,"boss_relics":[],"items_purged_floors":[],"is_endless":false,"potions_floor_spawned":[6,11,13,15],"killed_by":"DF_ARCHETYPE_STREAMLINE","ascension_level":0}}