{"host":"Ringo","time":1614055377,"event":{"mods":["BaseMod","Colored Map","Conspire","Dota2Spire","Hubris","Minty Spire (QoL Compilation)","Replay The Spire","StSLib","The Construct","[IsaacMod]ÒÔÈö¼âËþ","¡¾ÒÅÎï¿¨ÅÆ¡¿REMEMod"],"gold_per_floor":[119,131,145,145,145,145,171,197,278,312,341,366,395,426,426,500,500,520,520,440,134,166,199,36,63,63,95,127,205,235,249,249,327,327,339,364,382,171,8,43,55,87,165,193,222,310,310,345,345,365,395,409,142,158,217,217,266,266,310,360,413,473,514,514,624,658],"floor_reached":52,"language":"ZHS","playtime":1804,"items_purged":[],"score":4514,"play_id":"4501acf0-d5e3-4d25-b9c2-9c55a3c89464","local_time":"20210223124257","daily_mods":["SealedDeck","Vintage","Colorless Cards","Heirloom","Time Dilation","Flight","DeadlyEvents","Elite Swarm","Lethality","Binary"],"is_ascension_mode":true,"campfire_choices":[{"data":"construct:FocusedBeam","floor":6,"key":"SMITH"},{"data":"construct:SuppressiveFire","floor":15,"key":"SMITH"},{"floor":32,"key":"REST"},{"floor":49,"key":"REST"},{"floor":49,"key":"DIG"}],"circlet_count":0,"master_deck":["AscendersBane","Blind+1","hubris:Insight+1","construct:Forcefield+1","construct:FocusedBeam+1","construct:SaveState+1","construct:SuppressiveFire+1","construct:FierceBash+1","construct:ChargeShot+1","construct:ShiftStrike+1","construct:SyphonStrike+1","Slice+1","REME_TwoStrings+1","Secret Weapon+1","construct:Reserves+1","construct:Anticipate+1","construct:OmegaCannon+1","construct:Reinforce+1","construct:SweepLaser+1","construct:OneWayMirror+1","construct:Analyze+1","construct:ElectricArmor+1"],"relics":["construct:Cogwheel","construct:Challenge4","Busted Crown","HushsDoor","REME_ComplimentaryCards","replay:Trail_Library","Bird Faced Urn","HowToJump","Replay:Mystery Machine","Peace Pipe","hubris:CrystalStatue","construct:RocketBooster","Toxic Egg 2","hubris:TinFlute","Blood Vial","Du-Vu Doll","Kunai","Dota2Spire:Bloodstone","SatanicBible","Dota2Spire:EchoSabre","hubris:BottledRain","Dota2Spire:AghanimScepter","Dota2Spire:HeartOfTarrasque","PrismaticShard","hubris:FunFungus","GnawedLeaf","Centennial Puzzle","Gremlin Food","BookofShadows","D6","Durian","hubris:Stopwatch","GuppysPaw","GuppysTail","Bag of Marbles","Counterbalance","BookOfRevelations","Boot","conspire:TreasureMap","Dota2Spire:BladeMail","Pantograph","hubris:Metronome","REME_HandOfSuture","ReplayFunnel","SalivaCoin","Ornamental Fan","construct:FoamFinger","War Paint","StoneCalendar","Replay:Multitool","hubris:PeanutButter","REME_ArchaeologicalTools","Dota2Spire:LotusOrb","Dota2Spire:Desolator","Vajra","Dota2Spire:OctarineCore","Replay:Baseball","Ice Cream","FossilizedHelix","Replay:Bandana","Nunchaku"],"acts_visited":["Exordium","TheCity","TheBeyond"],"potions_floor_usage":[11,16,16,33,36,51],"damage_taken":[{"damage":0,"enemies":"Cultist","floor":1,"turns":2},{"damage":0,"enemies":"Small Slimes","floor":2,"turns":1},{"damage":0,"enemies":"Jaw Worm","floor":3,"turns":1},{"damage":0,"enemies":"Lagavulin","floor":7,"turns":2},{"damage":0,"enemies":"Replay:BlueRogue","floor":8,"turns":1},{"damage":0,"enemies":"Lagavulin","floor":10,"turns":2},{"damage":8,"enemies":"Replay:BlueRogue","floor":11,"turns":2},{"damage":0,"enemies":"Gremlin Nob","floor":12,"turns":2},{"damage":0,"enemies":"Replay:BlueRogue","floor":13,"turns":1},{"damage":1,"enemies":"3 Sentries","floor":14,"turns":2},{"damage":0,"enemies":"Slime Boss","floor":16,"turns":2},{"damage":0,"enemies":"2 Thieves","floor":18,"turns":1},{"damage":0,"enemies":"Book of Stabbing","floor":22,"turns":1},{"damage":0,"enemies":"REME_1_Revenger","floor":23,"turns":1},{"damage":0,"enemies":"Replay:Snechameleon","floor":25,"turns":1},{"damage":0,"enemies":"REME_1_Revenger","floor":27,"turns":1},{"damage":0,"enemies":"conspire:Head Lice","floor":28,"turns":1},{"damage":0,"enemies":"conspire:SneckoGhost","floor":30,"turns":1},{"damage":0,"enemies":"Shell Parasite","floor":31,"turns":1},{"damage":0,"enemies":"Automaton","floor":33,"turns":3},{"damage":0,"enemies":"3 Shapes","floor":35,"turns":1},{"damage":0,"enemies":"Mind Bloom Boss Battle","floor":36,"turns":1},{"damage":0,"enemies":"Orb Walker","floor":37,"turns":1},{"damage":0,"enemies":"Nemesis","floor":40,"turns":3},{"damage":0,"enemies":"Spire Growth","floor":41,"turns":1},{"damage":0,"enemies":"R_Hoarder","floor":42,"turns":3},{"damage":0,"enemies":"Reptomancer","floor":44,"turns":1},{"damage":0,"enemies":"Giant Head","floor":45,"turns":1},{"damage":0,"enemies":"R_Hoarder","floor":48,"turns":2},{"damage":0,"enemies":"Orb Walker","floor":35,"turns":1},{"damage":0,"enemies":"conspire:MimicChest","floor":36,"turns":1},{"damage":0,"enemies":"3 Darklings","floor":37,"turns":2},{"damage":0,"enemies":"Writhing Mass","floor":39,"turns":1},{"damage":0,"enemies":"Reptomancer","floor":40,"turns":1},{"damage":0,"enemies":"R_Hoarder","floor":42,"turns":1},{"damage":0,"enemies":"Reptomancer","floor":44,"turns":1},{"damage":0,"enemies":"R_Hoarder","floor":45,"turns":2},{"damage":0,"enemies":"Nemesis","floor":46,"turns":1},{"damage":0,"enemies":"R_Hoarder","floor":47,"turns":1},{"damage":0,"enemies":"Nemesis","floor":48,"turns":1},{"damage":0,"enemies":"Donu and Deca","floor":50,"turns":2},{"damage":0,"enemies":"Time Eater","floor":51,"turns":1}],"seed_played":"4423230608632836899","potions_obtained":[{"floor":1,"key":"DistilledChaos"},{"floor":2,"key":"Reflective Coating"},{"floor":11,"key":"LifebloodPotion"},{"floor":23,"key":"Venom Potion"},{"floor":27,"key":"Energy Potion"},{"floor":33,"key":"Reflective Coating"},{"floor":41,"key":"Swift Potion"},{"floor":48,"key":"Adrenaline Potion"}],"is_trial":true,"path_per_floor":["M","M","M","?","?","R","E","E","T","E","E","E","E","E","R","B",null,"M","?","?","$","E","E","$","E","T","E","E","T","E","M","R","B",null,"M","?","M","$","$","E","M","E","T","E","E","?","T","E","R","M","?","M","$","M","E","?","E","T","E","E","E","E","E","R","B","B",null],"character_chosen":"THE_CONSTRUCT_MOD","items_purchased":["SatanicBible","REME_TwoStrings+1","Secret Weapon+1","construct:Reserves+1","construct:Anticipate+1","construct:OmegaCannon","hubris:BottledRain","construct:SweepLaser","PrismaticShard","construct:OneWayMirror+1","GuppysPaw","GuppysTail","Boot","construct:Analyze+1","conspire:TreasureMap","hubris:PeanutButter"],"campfire_rested":2,"item_purchase_floors":[17,17,17,17,17,17,21,21,24,34,34,34,38,38,39,38],"current_hp_per_floor":[72,72,72,72,72,72,72,72,72,72,64,64,66,67,67,69,56,56,56,56,56,56,64,64,64,64,64,64,64,64,69,69,69,20,20,20,20,20,20,20,20,20,20,20,20,5,5,12,20,20,20,20,20,20,20,20,20,20,20,20,20,20,20,20,1,1],"gold":658,"neow_bonus":"","is_daily":false,"chose_seed":false,"campfire_upgraded":2,"win_rate":0.0,"timestamp":1614055377,"path_taken":["M","?","?","?","?","R","E","E","T","E","?","E","E","E","R","BOSS","M","?","?","?","?","E","$","E","T","E","E","?","E","M","R","BOSS","M","?","?","$","$","E","?","E","T","E","?","?","?","E","R","M","?","M","$","?","E","?","E","T","E","?","E","E","E","R","BOSS","BOSS"],"items_purchased_type":["Relic","Card","Card","Card","Card","Card","Relic","Card","Relic","Card","Relic","Relic","Relic","Card","Relic","Relic"],"build_version":"2020-12-18","purchased_purges":0,"victory":true,"max_hp_per_floor":[80,80,80,80,80,80,80,80,80,80,80,80,80,80,80,80,56,56,56,56,56,56,64,64,64,64,64,64,64,64,69,69,69,20,20,20,20,20,20,20,20,20,20,20,20,20,20,20,20,20,20,20,20,20,20,20,20,20,20,20,20,20,20,20,1,1],"card_choices":[],"player_experience":743341,"relics_obtained":[{"floor":1,"key":"Replay:Mystery Machine"},{"floor":2,"key":"Peace Pipe"},{"floor":3,"key":"hubris:CrystalStatue"},{"floor":7,"key":"ForgetMeNow"},{"floor":8,"key":"construct:RocketBooster"},{"floor":9,"key":"Toxic Egg 2"},{"floor":10,"key":"hubris:TinFlute"},{"floor":12,"key":"Blood Vial"},{"floor":13,"key":"Du-Vu Doll"},{"floor":14,"key":"Kunai"},{"floor":18,"key":"Dota2Spire:EchoSabre"},{"floor":22,"key":"Dota2Spire:AghanimScepter"},{"floor":23,"key":"Dota2Spire:HeartOfTarrasque"},{"floor":25,"key":"hubris:FunFungus"},{"floor":26,"key":"GnawedLeaf"},{"floor":27,"key":"Centennial Puzzle"},{"floor":28,"key":"Gremlin Food"},{"floor":29,"key":"BookofShadows"},{"floor":30,"key":"D6"},{"floor":31,"key":"Durian"},{"floor":35,"key":"Bag of Marbles"},{"floor":36,"key":"Counterbalance"},{"floor":37,"key":"BookOfRevelations"},{"floor":40,"key":"Dota2Spire:BladeMail"},{"floor":41,"key":"Pantograph"},{"floor":42,"key":"hubris:Metronome"},{"floor":43,"key":"REME_HandOfSuture"},{"floor":44,"key":"ReplayFunnel"},{"floor":45,"key":"SalivaCoin"},{"floor":47,"key":"Ornamental Fan"},{"floor":48,"key":"construct:FoamFinger"},{"floor":35,"key":"War Paint"},{"floor":36,"key":"StoneCalendar"},{"floor":37,"key":"Replay:Multitool"},{"floor":39,"key":"REME_ArchaeologicalTools"},{"floor":40,"key":"Dota2Spire:LotusOrb"},{"floor":42,"key":"Dota2Spire:Desolator"},{"floor":43,"key":"Vajra"},{"floor":44,"key":"Dota2Spire:OctarineCore"},{"floor":45,"key":"Replay:Baseball"},{"floor":46,"key":"Ice Cream"},{"floor":47,"key":"FossilizedHelix"},{"floor":48,"key":"Replay:Bandana"},{"floor":49,"key":"Nunchaku"}],"event_choices":[{"damage_healed":0,"gold_gain":0,"player_choice":"Upgraded","damage_taken":0,"max_hp_gain":0,"max_hp_loss":0,"event_name":"Upgrade Shrine","floor":4,"gold_loss":0,"cards_upgraded":["construct:SyphonStrike"]},{"damage_healed":0,"gold_gain":0,"player_choice":"Ignored","damage_taken":0,"max_hp_gain":0,"max_hp_loss":0,"event_name":"Liars Game","floor":5,"gold_loss":0},{"damage_healed":0,"gold_gain":0,"player_choice":"Fight","damage_taken":0,"max_hp_gain":0,"max_hp_loss":0,"event_name":"MindBloom","floor":36,"gold_loss":0}],"is_beta":true,"boss_relics":[{"not_picked":["hubris:BlackHole","Ring of Chaos"],"picked":"Dota2Spire:Bloodstone"},{"not_picked":[]},{"not_picked":["Honey Jar","Snecko Heart"],"picked":"hubris:Stopwatch"},{"not_picked":[]}],"items_purged_floors":[],"is_endless":false,"potions_floor_spawned":[1,2,11,12,13,23,27,33,35,41,44,45,48,36,39,42,44,46,48],"ascension_level":20}}