{"host":"2hz3p8f82lqex3pd","time":1614113716,"event":{"mods":["AchievementEnabler","BaseMod","Minty Spire (QoL Compilation)"],"gold_per_floor":[113,130,145,245,264,264,297,297,323,323,18,33,33,46,46,149,149,169,169,20,34,34,34,34,34],"floor_reached":24,"language":"ENG","playtime":2127,"items_purged":[],"score":196,"play_id":"e56c5fba-450a-4156-a8d9-33077bb4fd8e","local_time":"20210223155516","is_ascension_mode":false,"campfire_choices":[{"data":"ClearTheMind","floor":6.0,"key":"SMITH"},{"data":"Perseverance","floor":8.0,"key":"SMITH"},{"data":"Judgement","floor":13.0,"key":"SMITH"},{"floor":15.0,"key":"REST"},{"floor":23.0,"key":"REST"}],"circlet_count":0,"master_deck":["Strike_P","Strike_P","Strike_P","Strike_P","Defend_P+1","Defend_P","Defend_P","Defend_P+1","Eruption","Vigilance","ClearTheMind+1","Perseverance+1","Adaptation","Judgement+1","LikeWater","DevaForm","FearNoEvil","TalkToTheHand+1","Writhe"],"relics":["PureWater","NeowsBlessing","Lantern","Ancient Tea Set","Pen Nib","TheAbacus","Black Star","Blood Vial","War Paint"],"acts_visited":["Exordium","TheCity"],"potions_floor_usage":[24],"damage_taken":[{"damage":0.0,"enemies":"Small Slimes","floor":1.0,"turns":1.0},{"damage":0.0,"enemies":"Cultist","floor":2.0,"turns":1.0},{"damage":0.0,"enemies":"Jaw Worm","floor":3.0,"turns":1.0},{"damage":4.0,"enemies":"2 Fungi Beasts","floor":5.0,"turns":4.0},{"damage":36.0,"enemies":"3 Sentries","floor":7.0,"turns":13.0},{"damage":7.0,"enemies":"Exordium Thugs","floor":12.0,"turns":5.0},{"damage":0.0,"enemies":"Large Slime","floor":14.0,"turns":1.0},{"damage":30.0,"enemies":"Hexaghost","floor":16.0,"turns":11.0},{"damage":0.0,"enemies":"Spheric Guardian","floor":18.0,"turns":3.0},{"damage":22.0,"enemies":"2 Thieves","floor":21.0,"turns":4.0},{"damage":69,"enemies":"Gremlin Leader","floor":24,"turns":11}],"seed_played":"4757869177442835073","potions_obtained":[{"floor":1.0,"key":"SteroidPotion"},{"floor":5.0,"key":"SteroidPotion"},{"floor":7.0,"key":"SkillPotion"},{"floor":16.0,"key":"AttackPotion"},{"floor":21.0,"key":"Fire Potion"}],"is_trial":false,"path_per_floor":["M","M","M","?","M","R","E","R","T","T","$","M","R","M","R","B",null,"M","?","$","M","?","R","E"],"character_chosen":"WATCHER","items_purchased":["Pen Nib","TheAbacus","Blood Vial"],"campfire_rested":2,"item_purchase_floors":[11,11,20],"current_hp_per_floor":[72,72,72,72,68,68,32,32,32,32,32,25,25,25,46,16,72,72,59,59,39,39,62,0,0],"gold":34,"neow_bonus":"THREE_ENEMY_KILL","is_daily":false,"chose_seed":false,"campfire_upgraded":3,"win_rate":0.0,"timestamp":1614113716,"path_taken":["M","M","M","?","?","R","E","R","T","?","$","M","R","M","R","BOSS","M","?","$","M","?","R","E"],"items_purchased_type":["Relic","Relic","Relic"],"build_version":"2020-12-22","purchased_purges":0,"victory":false,"max_hp_per_floor":[72,72,72,72,72,72,72,72,72,72,72,72,72,72,72,72,72,72,77,77,77,77,77,77,77],"card_choices":[{"not_picked":["Collect","CrushJoints"],"picked":"ClearTheMind","floor":1.0},{"not_picked":["PathToVictory","WaveOfTheHand"],"picked":"Perseverance","floor":2.0},{"not_picked":["Protect","FlyingSleeves"],"picked":"Adaptation","floor":3.0},{"not_picked":["FlyingSleeves","WaveOfTheHand","ClearTheMind"],"picked":"SKIP","floor":5.0},{"not_picked":["Conclude","FlurryOfBlows","InnerPeace"],"picked":"SKIP","floor":7.0},{"not_picked":["FlyingSleeves","Weave"],"picked":"Judgement","floor":12.0},{"not_picked":["Consecrate","InnerPeace"],"picked":"LikeWater","floor":14.0},{"not_picked":["DeusExMachina","Brilliance"],"picked":"DevaForm","floor":16.0},{"not_picked":["EmptyFist","WaveOfTheHand"],"picked":"FearNoEvil","floor":18.0},{"not_picked":["Protect+1","Nirvana"],"picked":"TalkToTheHand+1","floor":21.0}],"player_experience":189679,"relics_obtained":[{"floor":7.0,"key":"Lantern"},{"floor":9.0,"key":"Ancient Tea Set"}],"event_choices":[{"damage_healed":0.0,"max_hp_gain":0.0,"max_hp_loss":0.0,"gold_gain":100.0,"event_name":"Golden Shrine","player_choice":"Pray","floor":4.0,"gold_loss":0.0,"damage_taken":0.0},{"damage_healed":0.0,"max_hp_gain":5.0,"max_hp_loss":0.0,"gold_gain":0.0,"event_name":"Forgotten Altar","player_choice":"Shed Blood","floor":19.0,"gold_loss":0.0,"damage_taken":18.0},{"damage_healed":0.0,"max_hp_gain":0.0,"max_hp_loss":0.0,"gold_gain":0.0,"event_name":"The Mausoleum","player_choice":"Opened","floor":22.0,"gold_loss":0.0,"damage_taken":0.0,"relics_obtained":["War Paint"],"cards_obtained":["Writhe"]}],"is_beta":false,"boss_relics":[{"not_picked":["Tiny House","SlaversCollar"],"picked":"Black Star"}],"items_purged_floors":[],"is_endless":false,"potions_floor_spawned":[1,5,7,16,21],"killed_by":"Gremlin Leader","ascension_level":0}}