{"host":"dj20jyxj5yo6mk8a","time":1614098049,"event":{"mods":["AchievementEnabler","BaseMod","BetterRewards","Card Forge","Minty Spire (QoL Compilation)","StSLib"],"gold_per_floor":[119,119,138,17,34,68,15,26,26,41,68,33,47,47,47,149,149,167,167,182,130,147,175,189,221,246,259,259,279,279,310,310,408,408,424,436,62,74,74,74,121,37,37,37,37],"floor_reached":44,"language":"ENG","playtime":7957,"items_purged":[],"score":580,"play_id":"d34252c5-4fc5-4868-a44a-58a4f3158a1e","local_time":"20210223133409","is_ascension_mode":false,"campfire_choices":[{"floor":15,"key":"RECALL"},{"floor":30,"key":"REST"},{"floor":32,"key":"REST"},{"floor":40,"key":"REST"}],"circlet_count":0,"master_deck":["Strike_P+1","Strike_P+1","Strike_P+1","Strike_P+1","Defend_P+1","Defend_P+1","Defend_P+1","Defend_P+1","Vigilance+1","ThirdEye+1","EmptyFist+1","JustLucky+1","Protect+1","BowlingBash+1","FlurryOfBlows+1","Brilliance+1","JustLucky+1","JustLucky+1","SashWhip+1","LikeWater+1","Evaluate+1","Ragnarok+1","Swift Strike+1","RitualDagger+1","Consecrate+1","Consecrate+1","Consecrate+1","BowlingBash+1","DeusExMachina+1","FlurryOfBlows+1","SashWhip+1","Pray+1","DeceiveReality+1","Sanctity+1","FlyingSleeves+1","ClearTheMind+1","SignatureMove+1","Establishment+1","Wallop+1","Consecrate+1","Perseverance+1","Sadistic Nature+1","Enlightenment+1","WindmillStrike+1","WindmillStrike+1","FearNoEvil+1","Blind+1"],"relics":["PureWater","Hammer of Thor","Seething Fire","Anvil of the Gods","Boot","Kunai","Fusion Hammer","Strawberry","Question Card","Anchor","Letter Opener","Cursed Key","Mango","Lantern"],"acts_visited":["Exordium","TheCity","TheBeyond"],"potions_floor_usage":[23,23],"damage_taken":[{"damage":0,"enemies":"Jaw Worm","floor":1,"turns":1},{"damage":4,"enemies":"Cultist","floor":3,"turns":3},{"damage":0,"enemies":"2 Louse","floor":5,"turns":1},{"damage":9,"enemies":"Lagavulin","floor":6,"turns":5},{"damage":0,"enemies":"2 Fungi Beasts","floor":8,"turns":3},{"damage":2,"enemies":"Gremlin Gang","floor":10,"turns":3},{"damage":0,"enemies":"Gremlin Nob","floor":11,"turns":2},{"damage":0,"enemies":"3 Louse","floor":13,"turns":2},{"damage":13,"enemies":"Hexaghost","floor":16,"turns":15},{"damage":7,"enemies":"2 Thieves","floor":18,"turns":4},{"damage":0,"enemies":"Spheric Guardian","floor":20,"turns":2},{"damage":0,"enemies":"3 Cultists","floor":22,"turns":4},{"damage":9,"enemies":"Book of Stabbing","floor":23,"turns":6},{"damage":3,"enemies":"Sentry and Sphere","floor":24,"turns":4},{"damage":18,"enemies":"Slavers","floor":25,"turns":6},{"damage":0,"enemies":"Chosen and Byrds","floor":27,"turns":4},{"damage":8,"enemies":"Shelled Parasite and Fungi","floor":29,"turns":3},{"damage":10,"enemies":"Gremlin Leader","floor":31,"turns":6},{"damage":29,"enemies":"Champ","floor":33,"turns":13},{"damage":35,"enemies":"3 Shapes","floor":35,"turns":3},{"damage":7,"enemies":"3 Darklings","floor":36,"turns":6},{"damage":17,"enemies":"Spire Growth","floor":38,"turns":5},{"damage":59,"enemies":"2 Orb Walkers","floor":41,"turns":6},{"damage":31,"enemies":"Reptomancer","floor":44,"turns":4}],"seed_played":"-3425474633003850837","potions_obtained":[{"floor":3,"key":"Swift Potion"},{"floor":5,"key":"Explosive Potion"},{"floor":16,"key":"Dexterity Potion"},{"floor":24,"key":"DuplicationPotion"},{"floor":31,"key":"AttackPotion"},{"floor":33,"key":"Ancient Potion"}],"is_trial":false,"path_per_floor":["M","?","M","$","M","E","$","M","T","M","E","?","M","$","R","B",null,"M","?","M","$","M","E","M","E","T","M","?","M","R","E","R","B",null,"M","M","$","M","?","R","?","$","T","E"],"character_chosen":"WATCHER","items_purchased":["JustLucky","Protect","BowlingBash","JustLucky","FlurryOfBlows","Perseverance","Sadistic Nature","Enlightenment","WindmillStrike","Blind"],"campfire_rested":3,"item_purchase_floors":[4,4,4,7,21,37,37,37,37,42],"current_hp_per_floor":[79,79,75,75,75,66,66,66,66,64,64,79,79,79,79,66,79,72,72,72,72,72,70,67,49,49,49,49,41,66,56,81,52,86,51,44,44,27,49,74,29,29,29,0,0],"gold":37,"neow_bonus":"TEN_PERCENT_HP_BONUS","is_daily":false,"chose_seed":false,"campfire_upgraded":0,"win_rate":0.0,"timestamp":1614098049,"path_taken":["M","?","M","$","M","E","$","?","T","M","E","?","M","$","R","BOSS","M","?","?","$","M","E","M","E","T","M","?","M","R","E","R","BOSS","M","M","$","M","?","R","?","?","T","E"],"items_purchased_type":["Card","Card","Card","Card","Card","Card","Card","Card","Card","Card"],"build_version":"2020-12-22","purchased_purges":0,"victory":false,"max_hp_per_floor":[79,79,79,79,79,79,79,79,79,79,79,79,79,79,79,79,79,79,79,79,79,79,86,86,86,86,86,86,86,86,86,86,86,86,86,86,86,86,86,86,100,100,100,100,100],"card_choices":[{"not_picked":["EmptyFist","ClearTheMind"],"picked":"ThirdEye","floor":1},{"not_picked":["EmptyBody","Evaluate"],"picked":"EmptyFist","floor":3},{"not_picked":["ClearTheMind","FollowUp"],"picked":"FlurryOfBlows","floor":5},{"not_picked":["Protect","ThirdEye"],"picked":"Brilliance","floor":6},{"not_picked":["EmptyFist","FlurryOfBlows"],"picked":"JustLucky","floor":8},{"not_picked":["Study","Crescendo"],"picked":"SashWhip","floor":10},{"not_picked":["WreathOfFlame","Crescendo"],"picked":"LikeWater","floor":11},{"not_picked":["EmptyFist","EmptyBody"],"picked":"Evaluate","floor":13},{"not_picked":["ConjureBlade","Vault"],"picked":"Ragnarok","floor":16},{"not_picked":["Evaluate","Halt"],"picked":"Consecrate+1","floor":18},{"not_picked":["Nirvana","Meditate"],"picked":"DeusExMachina","floor":20},{"not_picked":["EmptyFist","Halt"],"picked":"SashWhip+1","floor":22},{"not_picked":["Protect+1","Study"],"picked":"Pray+1","floor":23},{"not_picked":["JustLucky","Indignation"],"picked":"DeceiveReality+1","floor":24},{"not_picked":["JustLucky+1","InnerPeace"],"picked":"Sanctity","floor":25},{"not_picked":["Tantrum","EmptyFist","ClearTheMind"],"picked":"FlyingSleeves","floor":27},{"not_picked":["JustLucky","Vengeance+1","Sanctity"],"picked":"ClearTheMind","floor":29},{"not_picked":["Crescendo","DeusExMachina","SashWhip"],"picked":"SignatureMove","floor":31},{"not_picked":["Vault","Omniscience","Ragnarok"],"picked":"Establishment","floor":33},{"not_picked":["EmptyMind","Crescendo+1","Study+1"],"picked":"Wallop+1","floor":35},{"not_picked":["EmptyBody","Meditate+1","FlurryOfBlows+1"],"picked":"Consecrate+1","floor":36},{"not_picked":["Perseverance+1","FlyingSleeves","CutThroughFate+1"],"picked":"WindmillStrike+1","floor":38},{"not_picked":["Sanctity+1","SashWhip+1","FollowUp+1"],"picked":"FearNoEvil+1","floor":41}],"player_experience":84066,"relics_obtained":[{"floor":6,"key":"Boot"},{"floor":11,"key":"Kunai"},{"floor":23,"key":"Strawberry"},{"floor":25,"key":"Question Card"},{"floor":26,"key":"Anchor"},{"floor":31,"key":"Letter Opener"},{"floor":41,"key":"Mango"},{"floor":43,"key":"Lantern"}],"event_choices":[{"damage_healed":0,"gold_gain":0,"player_choice":"Bought 0 Potions","damage_taken":0,"max_hp_gain":0,"max_hp_loss":0,"event_name":"The Woman in Blue","floor":2,"gold_loss":0},{"damage_healed":19,"gold_gain":0,"player_choice":"Healed","damage_taken":0,"max_hp_gain":0,"max_hp_loss":0,"event_name":"The Cleric","floor":12,"gold_loss":35},{"damage_healed":0,"gold_gain":0,"cards_transformed":["Eruption"],"player_choice":"Transformed","damage_taken":0,"max_hp_gain":0,"max_hp_loss":0,"event_name":"Transmorgrifier","floor":19,"gold_loss":0,"cards_obtained":["BowlingBash"]},{"damage_healed":0,"gold_gain":0,"player_choice":"Ignored","damage_taken":0,"max_hp_gain":0,"max_hp_loss":0,"event_name":"Vampires","floor":28,"gold_loss":0},{"damage_healed":22,"gold_gain":0,"player_choice":"Writhe","damage_taken":0,"max_hp_gain":0,"max_hp_loss":0,"event_name":"Winding Halls","floor":39,"gold_loss":0,"cards_obtained":["Writhe"]},{"damage_healed":0,"gold_gain":0,"player_choice":"Fight","damage_taken":0,"max_hp_gain":0,"max_hp_loss":0,"event_name":"Mysterious Sphere","floor":41,"gold_loss":0}],"is_beta":false,"boss_relics":[{"not_picked":["Astrolabe","HolyWater"],"picked":"Fusion Hammer"},{"not_picked":["SlaversCollar","Busted Crown"],"picked":"Cursed Key"}],"items_purged_floors":[],"is_endless":false,"potions_floor_spawned":[3,5,8,16,22,24,31,33,41],"killed_by":"Reptomancer","ascension_level":0}}