{"host":"d54lcqy5t45er8jx","time":1614076761,"event":{"mods":["2.2 Compatiblity","AchievementEnabler","BaseMod","CapriCore","Colored Powertips","DeckTracker","Defuse TimeMaze Blight","Hermit","Highlight Path","Hubris","Infinite Spire","Marisa£¨Ùöéë¡¡Øª×âÞÞ£©","Minty Spire (QoL Compilation)","Permanent Neow","Quick Restart","Rare Cards Sparkle","Relic Stats","Remilia£¨?Ú·×é?£©","StSLib","The Animator","The Cursed","The Immortal","The Servant 0.9.4","WarShipGirlsR/??á´Ò³R mod","Yakumo Yukari mod"],"gold_per_floor":[111,111,111,124,104,133,158,188,188,221,221,251,251,283,283,362,362,374,390,305,305,355,381,381,411,491,541,574,609,639,672,672,746,746,758,421,0,0,0,48,75,122,122,149,181,207,207,207,207],"floor_reached":48,"language":"ENG","playtime":2842,"items_purged":["FavorOfDestiny","ScarletImprint"],"score":2410,"play_id":"aa6d1e66-95f6-46a8-a27b-968e3e6ef1dd","local_time":"20210223193921","daily_mods":["Draft","Insanity","Heirloom","Flight","DeadlyEvents","Elite Swarm"],"is_ascension_mode":true,"campfire_choices":[{"data":"BloodHunter","floor":11,"key":"SMITH"},{"data":"VampireClaw","floor":13,"key":"SMITH"},{"data":"QueenOfMidnight","floor":15,"key":"SMITH"},{"data":"UltimateOffering","floor":24,"key":"SMITH"},{"data":"EquivalentExchange","floor":32,"key":"SMITH"},{"data":"BloodyMagicSquare","floor":47,"key":"SMITH"}],"circlet_count":0,"master_deck":["AscendersBane","UnderTheZenith+1","MastersStateliness","StarOfDavid","VampireSweep","UnderTheZenith","NightDance","CharismaGuard","BombardNight","FavorOfDestiny","ScarletDream","NightDance","TwelveNightmare","BloodyMagicSquare+1","UltimateOffering+1","ScarletDevil","UnderTheZenith","Stigmanizer","StarOfDavid","EndlessAdversity","BlasphemousPunishment","ScarletDevilSign","DiffusionOfMisfortune","BloodHunter+1","VampireClaw+1","BlasphemousPunishment","VampirishNight","BombardNight","Stigmanizer","UltimateOffering","VampireKiss","BadLadyScramble","VampireKiss","BadLadyScramble","StarOfDavid","DiffusionOfMisfortune","SuperhumanBloodyKnife","UnstableMagic","DiffusionOfMisfortune+1","RedRainbow","Ultimatum","StarOfDavid","MastersStateliness","CharismaGuard","UnstableMagic","SuperhumanBloodyKnife","HunterOfTheNight","GlobalNightmare","UltimateOffering","Stigmanizer","NightDance","CharismaGuard","BloodyMagicSquare","Stigmanizer","BloodHunter","SuperhumanBloodyKnife","NightDance","Ultimatum","VampireFantasy","BloodyMagicSquare","FavorOfDestiny","NightDance","BloodHunter","Ultimatum","ScarletNetherworld","BlasphemousPunishment","BloodyCatastrophe","ScarletCoffin","DemonKingCradle","EquivalentExchange+1","TransientEternity","DemonKingCradle","ScarletCoffin","QueenOfMidnight+1","TransientEternity","EternalNight","BlasphemousPunishment","BloodySeventeenLaser","DemonKingCradle","ScarletCoffin","CeilingFear","BloodyHallows","BloodyHallows","CurseOfVladTepes","BloodyCatastrophe","BatForm","ScarletCoffin"],"relics":["ScarletHat","Prayer Wheel","Ginger","infinitespire:WardingShard","Blood Vial","Shuriken","FossilizedHelix","Ancient Tea Set","StrikeDummy","Bronze Scales","ScarletEmblem","Du-Vu Doll","infinitespire:Beetle Shell","Happy Flower","infinitespire:BottledMercury","Ornamental Fan","Dream Catcher","Vajra","Shovel","Calipers","CaptainsWheel","Gremlin Horn","Mummified Hand","Red Mask","Matryoshka","InkBottle","Philosopher\u0027s Stone","PreservedInsect","Regal Pillow","hubris:ToyBattleship","Lantern","Pantograph","hubris:MedicalManual","Peace Pipe","hubris:64BitClover"],"acts_visited":["Exordium","TheCity","TheBeyond"],"potions_floor_usage":[6,12,28,29],"damage_taken":[{"damage":7,"enemies":"Jaw Worm","floor":1,"turns":2},{"damage":0,"enemies":"2 Louse","floor":4,"turns":2},{"damage":10,"enemies":"3 Sentries","floor":6,"turns":5},{"damage":10,"enemies":"Gremlin Nob","floor":7,"turns":3},{"damage":0,"enemies":"Lagavulin","floor":8,"turns":4},{"damage":12,"enemies":"Gremlin Nob","floor":10,"turns":3},{"damage":1,"enemies":"3 Sentries","floor":12,"turns":3},{"damage":0,"enemies":"Gremlin Nob","floor":14,"turns":2},{"damage":28,"enemies":"Hexaghost","floor":16,"turns":7},{"damage":33,"enemies":"Shell Parasite","floor":18,"turns":2},{"damage":7,"enemies":"2 Thieves","floor":19,"turns":5},{"damage":58,"enemies":"Slavers","floor":23,"turns":4},{"damage":30,"enemies":"Book of Stabbing","floor":25,"turns":2},{"damage":46,"enemies":"Gremlin Leader","floor":27,"turns":3},{"damage":43,"enemies":"Book of Stabbing","floor":28,"turns":3},{"damage":29,"enemies":"Slavers","floor":29,"turns":6},{"damage":26,"enemies":"Gremlin Leader","floor":30,"turns":3},{"damage":17,"enemies":"Book of Stabbing","floor":31,"turns":2},{"damage":45,"enemies":"Champ","floor":33,"turns":5},{"damage":45,"enemies":"3 Shapes","floor":35,"turns":3},{"damage":64,"enemies":"Giant Head","floor":40,"turns":3},{"damage":47,"enemies":"Reptomancer","floor":41,"turns":2},{"damage":54,"enemies":"Giant Head","floor":42,"turns":2},{"damage":48,"enemies":"Reptomancer","floor":44,"turns":2},{"damage":80,"enemies":"Nemesis","floor":45,"turns":5},{"damage":52,"enemies":"Reptomancer","floor":46,"turns":2},{"damage":83,"enemies":"Nemesis","floor":48,"turns":1}],"seed_played":"-2260345551815414722","potions_obtained":[{"floor":1,"key":"Weak Potion"},{"floor":1,"key":"Block Potion"},{"floor":5,"key":"Regen Potion"},{"floor":6,"key":"Block Potion"},{"floor":12,"key":"SneckoOil"},{"floor":27,"key":"SkillPotion"},{"floor":28,"key":"Ancient Potion"},{"floor":29,"key":"SpeedPotion"},{"floor":31,"key":"GamblersBrew"},{"floor":33,"key":"infinitespire:BlackPotion"}],"is_trial":true,"path_per_floor":["M","?","?","M","?","E","E","E","T","E","R","E","R","E","R","B",null,"M","M","?","?","?","E","R","E","T","E","E","E","E","E","R","B",null,"M","$","?","T","AVR","E","E","E","T","E","E","E","R","E"],"character_chosen":"REMILIA","items_purchased":["Mummified Hand"],"campfire_rested":0,"item_purchase_floors":[36],"current_hp_per_floor":[56,59,59,59,59,51,43,45,45,35,35,36,36,42,42,46,69,67,68,68,68,68,53,53,62,62,43,26,39,43,48,48,61,76,78,78,78,78,78,85,85,85,85,85,73,75,75,0,0],"gold":207,"neow_bonus":"","is_daily":false,"chose_seed":false,"campfire_upgraded":6,"win_rate":0.0,"timestamp":1614076761,"path_taken":["M","?","?","?","?","E","E","E","T","E","R","E","R","E","R","BOSS","M","M","?","?","?","E","R","E","T","E","E","E","?","E","R","BOSS","M","$","?","?","AVR","E","E","E","T","E","E","E","R","E"],"items_purchased_type":["Relic"],"build_version":"2020-12-22","purchased_purges":2,"victory":false,"max_hp_per_floor":[70,73,73,73,73,73,73,73,73,73,73,73,73,73,73,77,77,77,77,77,77,77,77,77,77,77,81,81,81,81,81,81,81,81,81,81,81,81,81,85,85,85,85,85,85,85,85,85,85],"relic_stats":{"Regal Pillow":0,"Happy Flower":[14],"Gremlin Horn":[7,11],"counters":[27,86],"PreservedInsect":412,"Ginger":[33],"Blood Vial":38,"Peace Pipe":0,"Dream Catcher":0,"Shovel":0,"Shuriken":[32],"Ornamental Fan":[80],"Mummified Hand":[44],"Bronze Scales":[176],"Pantograph":0,"Prayer Wheel":5,"obtain_stats":[{"infinitespire:BottledMercury":25,"Regal Pillow":41,"Lantern":43,"Calipers":29,"Gremlin Horn":31,"Vajra":28,"Ginger":3,"Ancient Tea Set":10,"ScarletHat":0,"Blood Vial":7,"Dream Catcher":27,"Shovel":29,"Matryoshka":38,"Mummified Hand":36,"Pantograph":43,"Prayer Wheel":0,"Philosopher\u0027s Stone":39,"Red Mask":37,"InkBottle":39,"Happy Flower":23,"hubris:64BitClover":46,"infinitespire:Beetle Shell":23,"PreservedInsect":40,"hubris:MedicalManual":44,"ScarletEmblem":17,"Du-Vu Doll":20,"Peace Pipe":45,"CaptainsWheel":30,"infinitespire:WardingShard":6,"Shuriken":8,"Ornamental Fan":26,"Bronze Scales":14,"hubris:ToyBattleship":42,"StrikeDummy":12,"FossilizedHelix":9},{"infinitespire:BottledMercury":13,"Regal Pillow":22,"Lantern":23,"Calipers":16,"Gremlin Horn":18,"Vajra":15,"Ginger":1,"Ancient Tea Set":6,"ScarletHat":0,"Blood Vial":4,"Dream Catcher":14,"Shovel":16,"Matryoshka":20,"Mummified Hand":20,"Pantograph":23,"Prayer Wheel":0,"Philosopher\u0027s Stone":20,"Red Mask":20,"InkBottle":20,"Happy Flower":12,"hubris:64BitClover":26,"infinitespire:Beetle Shell":12,"PreservedInsect":21,"hubris:MedicalManual":24,"ScarletEmblem":9,"Du-Vu Doll":11,"Peace Pipe":25,"CaptainsWheel":17,"infinitespire:WardingShard":3,"Shuriken":5,"Ornamental Fan":13,"Bronze Scales":8,"hubris:ToyBattleship":23,"StrikeDummy":7,"FossilizedHelix":5},{"infinitespire:BottledMercury":44,"Regal Pillow":74,"Lantern":76,"Calipers":56,"Gremlin Horn":61,"Vajra":50,"Ginger":2,"Ancient Tea Set":19,"ScarletHat":0,"Blood Vial":12,"Dream Catcher":47,"Shovel":56,"Matryoshka":69,"Mummified Hand":69,"Pantograph":76,"Prayer Wheel":0,"Philosopher\u0027s Stone":69,"Red Mask":69,"InkBottle":69,"Happy Flower":42,"hubris:64BitClover":85,"infinitespire:Beetle Shell":42,"PreservedInsect":72,"hubris:MedicalManual":78,"ScarletEmblem":31,"Du-Vu Doll":38,"Peace Pipe":83,"CaptainsWheel":59,"infinitespire:WardingShard":9,"Shuriken":16,"Ornamental Fan":44,"Bronze Scales":24,"hubris:ToyBattleship":76,"StrikeDummy":22,"FossilizedHelix":16}],"InkBottle":[13]},"card_choices":[{"not_picked":["DiffusionOfMisfortune","FitfulNightmare"],"picked":"UltimateOffering","floor":0},{"not_picked":["FavorOfDestiny","RedRainbow"],"picked":"Stigmanizer","floor":0},{"not_picked":["DevilSight","MiserableFate"],"picked":"NightDance","floor":0},{"not_picked":["TwelveNightmare","EndlessAdversity"],"picked":"CharismaGuard","floor":0},{"not_picked":["UnderTheZenith","ScarletImprint"],"picked":"BloodyMagicSquare","floor":0},{"not_picked":["MastersStateliness","EndlessAdversity"],"picked":"Stigmanizer","floor":0},{"not_picked":["RedRainbow","MillenniumVampire"],"picked":"BloodHunter","floor":0},{"not_picked":["VampireKiss","ScarletDream"],"picked":"SuperhumanBloodyKnife","floor":0},{"not_picked":["EndlessAdversity","RedRainbow"],"picked":"NightDance","floor":0},{"not_picked":["RedNightlessCastle","MillenniumVampire"],"picked":"Ultimatum","floor":0},{"not_picked":["NightLord","BlasphemousPunishment"],"picked":"VampireFantasy","floor":0},{"not_picked":["EndlessAdversity","CharismaGuard"],"picked":"BloodyMagicSquare","floor":0},{"not_picked":["MastersStateliness","BombardNight"],"picked":"FavorOfDestiny","floor":0},{"not_picked":["UnstableMagic","FavorOfDestiny"],"picked":"NightDance","floor":0},{"not_picked":["RedRainbow","DevilSight"],"picked":"BloodHunter","floor":0},{"not_picked":["RedRainbow","ScarletImprint"],"picked":"Ultimatum","floor":1},{"not_picked":["DevilSight","EndlessAdversity","FavorOfDestiny"],"picked":"SKIP","floor":1},{"not_picked":["VampireKiss","UnderTheZenith"],"picked":"ScarletNetherworld","floor":4},{"not_picked":["LeisurelyOfLord","TwelveNightmare"],"picked":"BlasphemousPunishment","floor":4},{"not_picked":["TricksterDevil","BloodRain"],"picked":"BloodyCatastrophe","floor":6},{"not_picked":["ChaoticDestiny","ForecastOfChange"],"picked":"ScarletCoffin","floor":7},{"not_picked":["BloodRain","CurseOfVladTepes"],"picked":"DemonKingCradle","floor":8},{"not_picked":["BloodyHallows","ChaoticDestiny"],"picked":"EquivalentExchange","floor":10},{"not_picked":["BatForm","CurseOfVladTepes"],"picked":"TransientEternity","floor":12},{"not_picked":["KillingBlow","BloodySeventeenLaser"],"picked":"DemonKingCradle","floor":12},{"not_picked":["ChaoticDestiny","TricksterDevil"],"picked":"ScarletCoffin","floor":14},{"not_picked":["TricksterDevil","ForecastOfChange"],"picked":"QueenOfMidnight","floor":14},{"not_picked":["HellCatastrophe","BloodyCatastrophe"],"picked":"TransientEternity","floor":16},{"not_picked":["SuperhumanBloodyKnife","ScarletDevil+1"],"picked":"EternalNight","floor":18},{"not_picked":["FavorOfDestiny","ScarletDevilSign","BloodHunter"],"picked":"SKIP","floor":18},{"not_picked":["DiffusionOfMisfortune","RedMagic"],"picked":"BlasphemousPunishment","floor":19},{"not_picked":["Septette","GlobalNightmare","Stigmanizer+1"],"picked":"SKIP","floor":19},{"not_picked":["CurseOfVladTepes","ChaoticDestiny"],"picked":"BloodySeventeenLaser","floor":23},{"not_picked":["ScarletMeister","EquivalentExchange"],"picked":"DemonKingCradle","floor":25},{"not_picked":["ChaoticDestiny","DemonKingCradle","CurseOfVladTepes"],"picked":"SKIP","floor":27},{"not_picked":["HeartBreak","CurseOfVladTepes"],"picked":"ScarletCoffin","floor":28},{"not_picked":["CurseOfVladTepes","ScarletMeister"],"picked":"CeilingFear","floor":29},{"not_picked":["TransientEternity","TricksterDevil"],"picked":"BloodyHallows","floor":30},{"not_picked":["TricksterDevil","ScarletMeister"],"picked":"BloodyHallows","floor":31},{"not_picked":["BlasphemousPunishment+1","MastersStateliness","FavorOfDestiny"],"picked":"SKIP","floor":35},{"not_picked":["DiffusionOfMisfortune+1","ScarletImprint","BombardNight"],"picked":"SKIP","floor":35},{"not_picked":["KillingBlow","HellCatastrophe"],"picked":"CurseOfVladTepes","floor":40},{"not_picked":["EquivalentExchange","ScarletCoffin"],"picked":"BloodyCatastrophe","floor":41},{"not_picked":["QueenOfMidnight","ForecastOfChange"],"picked":"BatForm","floor":42},{"not_picked":["BloodRain","ForecastOfChange","ScarletMeister"],"picked":"SKIP","floor":44},{"not_picked":["QueenOfMidnight","BloodRain","ChaoticDestiny"],"picked":"SKIP","floor":45},{"not_picked":["DemonKingCradle","ScarletMeister"],"picked":"ScarletCoffin","floor":46}],"player_experience":1096908,"relics_obtained":[{"floor":3,"key":"Ginger"},{"floor":6,"key":"infinitespire:WardingShard"},{"floor":7,"key":"Blood Vial"},{"floor":8,"key":"Shuriken"},{"floor":9,"key":"FossilizedHelix"},{"floor":10,"key":"Ancient Tea Set"},{"floor":12,"key":"StrikeDummy"},{"floor":14,"key":"Bronze Scales"},{"floor":23,"key":"infinitespire:Beetle Shell"},{"floor":23,"key":"Happy Flower"},{"floor":25,"key":"infinitespire:BottledMercury"},{"floor":26,"key":"Ornamental Fan"},{"floor":27,"key":"Dream Catcher"},{"floor":28,"key":"Vajra"},{"floor":29,"key":"Shovel"},{"floor":29,"key":"Calipers"},{"floor":30,"key":"CaptainsWheel"},{"floor":31,"key":"Gremlin Horn"},{"floor":38,"key":"Matryoshka"},{"floor":40,"key":"PreservedInsect"},{"floor":41,"key":"Regal Pillow"},{"floor":42,"key":"hubris:ToyBattleship"},{"floor":43,"key":"Lantern"},{"floor":43,"key":"Pantograph"},{"floor":44,"key":"hubris:MedicalManual"},{"floor":45,"key":"Peace Pipe"},{"floor":46,"key":"hubris:64BitClover"}],"event_choices":[{"damage_healed":0,"gold_gain":0,"player_choice":"Relic","damage_taken":0,"max_hp_gain":0,"max_hp_loss":0,"event_name":"Wheel of Change","floor":3,"gold_loss":0},{"damage_healed":0,"gold_gain":0,"player_choice":"Bought 1 Potion","damage_taken":0,"max_hp_gain":0,"max_hp_loss":0,"event_name":"The Woman in Blue","floor":5,"gold_loss":0},{"damage_healed":0,"gold_gain":0,"player_choice":"Obtained Relic","damage_taken":0,"relics_obtained":["Du-Vu Doll"],"max_hp_gain":0,"max_hp_loss":0,"event_name":"Addict","floor":20,"gold_loss":85},{"cards_removed":["ScarletDevil"],"damage_healed":0,"gold_gain":0,"player_choice":"Elegance","damage_taken":0,"max_hp_gain":0,"max_hp_loss":0,"event_name":"Back to Basics","floor":21,"gold_loss":0},{"damage_healed":0,"gold_gain":50,"player_choice":"Stole From Cult","damage_taken":0,"max_hp_gain":0,"max_hp_loss":0,"event_name":"Nest","floor":22,"gold_loss":0},{"damage_healed":0,"gold_gain":0,"player_choice":"Paid","damage_taken":0,"relics_obtained":["Red Mask"],"max_hp_gain":0,"max_hp_loss":0,"event_name":"Tomb of Lord Red Mask","floor":37,"gold_loss":421}],"is_beta":false,"boss_relics":[{"not_picked":["infinitespire:Cupcake","Sozu"],"picked":"ScarletEmblem"},{"not_picked":["hubris:Backtick","Cursed Key","hubris:CrackedHourglass"]}],"items_purged_floors":[36,39],"is_endless":false,"potions_floor_spawned":[1,6,12,18,27,28,29,31,33,41,42,44,46],"killed_by":"Nemesis","ascension_level":20}}