{"host":"8vqkh0x3c7vpgzzm","time":1614082614,"event":{"mods":["AchievementEnabler","BaseMod","Colored Map","Colored Powertips","Curses Come First","DeckTracker","Highlight Path","Minty Spire (QoL Compilation)","Permanent Neow","Quick Restart","Random Character Mod","Rare Cards Sparkle","Relic Sorter","Relic Stats","StSLib","SuperFastMode","Unceasing Turn Reminder","egg","everything is the same but u backflip on backflip"],"gold_per_floor":[18,18,34,48,60,93,93,127,127,152,165,165,265,285,285,380,380,391,411,1,11,23,23,35,35,84,118,138,156,156,0,0,96,96,114,126,171,171,183,183,215,215,268,286,301,80,95,95,95,95],"floor_reached":51,"language":"ENG","playtime":3135,"items_purged":["Strike_B"],"score":992,"play_id":"a5c5f33d-1820-4858-8381-ba7d3fa19ef0","local_time":"20210223131654","is_ascension_mode":true,"campfire_choices":[{"floor":7,"key":"REST"},{"data":"Rainbow","floor":12,"key":"SMITH"},{"data":"Coolheaded","floor":15,"key":"SMITH"},{"data":"Recycle","floor":23,"key":"SMITH"},{"data":"Defragment","floor":25,"key":"SMITH"},{"data":"Echo Form","floor":30,"key":"SMITH"},{"floor":32,"key":"REST"},{"floor":40,"key":"REST"},{"data":"Seek","floor":42,"key":"SMITH"},{"data":"Seek","floor":49,"key":"SMITH"}],"circlet_count":0,"master_deck":["Strike_B","Strike_B","Defend_B","Defend_B","Defend_B","Zap+1","Dualcast","Rebound","Static Discharge","Steam","Rainbow+1","Cold Snap","Compile Driver","Coolheaded+1","Auto Shields","Echo Form","Seek","Go for the Eyes","Seek+1","Recycle+1","Capacitor","Defragment+1","Echo Form+1","Redo+1","Glacier","Double Energy","Conserve Battery","Loop","Electrodynamics","Lockon","Writhe","Hologram+1","Seek+1","Double Energy","Tempest","Barrage+1"],"relics":["Cracked Core","Shovel","Incense Burner","Symbiotic Virus","Pear","Runic Pyramid","DollysMirror","Anchor","Vajra","Happy Flower","Nuclear Battery","Bird Faced Urn","Art of War","Centennial Puzzle","Chemical X","Ornamental Fan"],"acts_visited":["Exordium","TheCity","TheBeyond"],"potions_floor_usage":[10,22,27,29,33,33,50,50],"damage_taken":[{"damage":4,"enemies":"Jaw Worm","floor":1,"turns":4},{"damage":4,"enemies":"Small Slimes","floor":3,"turns":2},{"damage":6,"enemies":"Cultist","floor":4,"turns":3},{"damage":6,"enemies":"Looter","floor":5,"turns":3},{"damage":20,"enemies":"3 Sentries","floor":6,"turns":6},{"damage":10,"enemies":"Lagavulin","floor":8,"turns":6},{"damage":10,"enemies":"Gremlin Nob","floor":10,"turns":3},{"damage":0,"enemies":"Blue Slaver","floor":11,"turns":3},{"damage":0,"enemies":"Gremlin Gang","floor":14,"turns":6},{"damage":26,"enemies":"Hexaghost","floor":16,"turns":9},{"damage":0,"enemies":"Chosen","floor":18,"turns":6},{"damage":5,"enemies":"Shell Parasite","floor":19,"turns":6},{"damage":0,"enemies":"Snecko","floor":21,"turns":4},{"damage":8,"enemies":"Sentry and Sphere","floor":22,"turns":6},{"damage":15,"enemies":"3 Cultists","floor":24,"turns":6},{"damage":3,"enemies":"Gremlin Leader","floor":27,"turns":8},{"damage":4,"enemies":"Shelled Parasite and Fungi","floor":28,"turns":5},{"damage":0,"enemies":"Snake Plant","floor":29,"turns":5},{"damage":15,"enemies":"Collector","floor":33,"turns":12},{"damage":1,"enemies":"Orb Walker","floor":35,"turns":4},{"damage":8,"enemies":"3 Darklings","floor":36,"turns":3},{"damage":53,"enemies":"2 Orb Walkers","floor":37,"turns":5},{"damage":26,"enemies":"4 Shapes","floor":39,"turns":5},{"damage":8,"enemies":"Giant Head","floor":41,"turns":8},{"damage":6,"enemies":"Spire Growth","floor":44,"turns":6},{"damage":1,"enemies":"Sphere and 2 Shapes","floor":45,"turns":3},{"damage":0,"enemies":"4 Shapes","floor":47,"turns":4},{"damage":29,"enemies":"Awakened One","floor":50,"turns":8}],"seed_played":"7041783887940847939","potions_obtained":[{"floor":3,"key":"Ancient Potion"},{"floor":6,"key":"Weak Potion"},{"floor":8,"key":"EssenceOfDarkness"},{"floor":11,"key":"Swift Potion"},{"floor":24,"key":"SkillPotion"},{"floor":27,"key":"SkillPotion"},{"floor":29,"key":"BlessingOfTheForge"},{"floor":33,"key":"SteroidPotion"},{"floor":35,"key":"PotionOfCapacity"},{"floor":45,"key":"LiquidMemories"}],"is_trial":false,"path_per_floor":["M","?","M","M","M","E","R","E","T","E","M","R","?","M","R","B",null,"M","M","$","M","M","R","M","R","T","E","M","M","R","$","R","B",null,"M","M","?","?","M","R","E","R","T","M","M","$","M","T","R","B",null],"character_chosen":"DEFECT","items_purchased":["DollysMirror","Anchor","Recycle","Capacitor","Loop","Tempest","Chemical X"],"campfire_rested":3,"item_purchase_floors":[20,20,20,20,31,46,46],"current_hp_per_floor":[64,64,60,54,48,28,50,40,40,40,40,40,40,40,40,14,67,67,62,62,62,54,54,39,39,39,36,32,32,32,32,57,42,74,73,65,12,33,27,52,62,62,62,78,85,85,85,85,85,68],"gold":95,"neow_bonus":"REMOVE_TWO","is_daily":false,"chose_seed":false,"campfire_upgraded":7,"win_rate":0.0,"timestamp":1614082614,"path_taken":["M","?","M","M","M","E","R","E","T","E","M","R","?","M","R","BOSS","M","M","$","M","M","R","M","R","T","E","M","M","R","$","R","BOSS","M","?","?","?","M","R","E","R","T","M","M","$","M","?","R","BOSS"],"items_purchased_type":["Relic","Relic","Card","Card","Card","Card","Relic"],"build_version":"2020-12-22","purchased_purges":1,"victory":true,"max_hp_per_floor":[75,75,75,75,75,75,75,75,75,85,85,85,85,85,85,85,85,85,85,85,85,85,85,85,85,85,85,85,85,85,85,85,85,85,85,85,85,85,85,85,85,85,85,85,85,85,85,85,85,85],"relic_stats":{"Centennial Puzzle":[9],"Shovel":0,"Happy Flower":[22],"counters":[28,148],"Ornamental Fan":[8],"Bird Faced Urn":[80],"Art of War":[5],"Chemical X":[2],"obtain_stats":[{"Pear":10,"Happy Flower":27,"Vajra":26,"Incense Burner":8,"Nuclear Battery":34,"Anchor":20,"Centennial Puzzle":43,"Shovel":6,"DollysMirror":20,"Ornamental Fan":48,"Bird Faced Urn":37,"Art of War":41,"Chemical X":46,"Cracked Core":0,"Symbiotic Virus":9,"Runic Pyramid":17},{"Pear":7,"Happy Flower":16,"Vajra":15,"Incense Burner":6,"Nuclear Battery":19,"Anchor":12,"Centennial Puzzle":24,"Shovel":5,"DollysMirror":12,"Ornamental Fan":27,"Bird Faced Urn":22,"Art of War":24,"Chemical X":26,"Cracked Core":0,"Symbiotic Virus":6,"Runic Pyramid":10},{"Pear":27,"Happy Flower":81,"Vajra":73,"Incense Burner":24,"Nuclear Battery":103,"Anchor":57,"Centennial Puzzle":127,"Shovel":18,"DollysMirror":57,"Ornamental Fan":140,"Bird Faced Urn":114,"Art of War":127,"Chemical X":136,"Cracked Core":0,"Symbiotic Virus":24,"Runic Pyramid":45}]},"card_choices":[{"not_picked":["Conserve Battery","White Noise"],"picked":"Rebound","floor":1},{"not_picked":["Stack","Rebound"],"picked":"Static Discharge","floor":3},{"not_picked":["Conserve Battery","Hologram"],"picked":"Steam","floor":4},{"not_picked":["Steam","Conserve Battery"],"picked":"Rainbow","floor":5},{"not_picked":["Steam","Undo"],"picked":"Cold Snap","floor":6},{"not_picked":["Double Energy","Turbo"],"picked":"Compile Driver","floor":8},{"not_picked":["Sweeping Beam","Compile Driver"],"picked":"Coolheaded","floor":10},{"not_picked":["Gash","Barrage"],"picked":"Auto Shields","floor":11},{"not_picked":["Blizzard","Ball Lightning"],"picked":"Echo Form","floor":14},{"not_picked":["All For One","Hyperbeam"],"picked":"Seek","floor":16},{"not_picked":["Turbo","Gash"],"picked":"Go for the Eyes","floor":18},{"not_picked":["Ball Lightning","Blizzard","Melter"],"picked":"SKIP","floor":19},{"not_picked":["Cold Snap","Tempest"],"picked":"Defragment","floor":21},{"not_picked":["Steam","Skim"],"picked":"Echo Form","floor":22},{"not_picked":["Compile Driver","Hello World"],"picked":"Redo+1","floor":24},{"not_picked":["Conserve Battery","Sweeping Beam"],"picked":"Glacier","floor":27},{"not_picked":["BootSequence+1","Go for the Eyes"],"picked":"Double Energy","floor":28},{"not_picked":["Rebound","Steam"],"picked":"Conserve Battery","floor":29},{"not_picked":["Hyperbeam","Biased Cognition"],"picked":"Electrodynamics","floor":33},{"not_picked":["Doom and Gloom+1","Leap+1"],"picked":"Lockon","floor":35},{"not_picked":["Gash","Leap+1","Sweeping Beam"],"picked":"SKIP","floor":36},{"not_picked":["Gash","Ball Lightning+1"],"picked":"Hologram+1","floor":39},{"not_picked":["Rip and Tear","White Noise"],"picked":"Seek","floor":41},{"not_picked":["Reprogram+1","Chaos","Conserve Battery+1"],"picked":"SKIP","floor":44},{"not_picked":["Barrage+1","Redo"],"picked":"Double Energy","floor":45},{"not_picked":["Self Repair","FTL+1"],"picked":"Barrage+1","floor":47}],"player_experience":618750,"relics_obtained":[{"floor":6,"key":"Shovel"},{"floor":8,"key":"Incense Burner"},{"floor":9,"key":"Symbiotic Virus"},{"floor":10,"key":"Pear"},{"floor":26,"key":"Vajra"},{"floor":27,"key":"Happy Flower"},{"floor":37,"key":"Bird Faced Urn"},{"floor":41,"key":"Art of War"},{"floor":43,"key":"Centennial Puzzle"},{"floor":48,"key":"Ornamental Fan"}],"event_choices":[{"damage_healed":0,"gold_gain":0,"player_choice":"Grow","damage_taken":0,"max_hp_gain":0,"max_hp_loss":0,"event_name":"Living Wall","floor":2,"gold_loss":0,"cards_upgraded":["Zap"]},{"damage_healed":0,"gold_gain":100,"player_choice":"Pray","damage_taken":0,"max_hp_gain":0,"max_hp_loss":0,"event_name":"Golden Shrine","floor":13,"gold_loss":0},{"damage_healed":0,"gold_gain":0,"player_choice":"Fight","damage_taken":0,"max_hp_gain":0,"max_hp_loss":0,"event_name":"Mysterious Sphere","floor":37,"gold_loss":0},{"damage_healed":21,"gold_gain":0,"player_choice":"Writhe","damage_taken":0,"max_hp_gain":0,"max_hp_loss":0,"event_name":"Winding Halls","floor":38,"gold_loss":0,"cards_obtained":["Writhe"]}],"is_beta":false,"boss_relics":[{"not_picked":["Fusion Hammer","Pandora\u0027s Box"],"picked":"Runic Pyramid"},{"not_picked":["SacredBark","Velvet Choker"],"picked":"Nuclear Battery"}],"items_purged_floors":[31],"is_endless":false,"potions_floor_spawned":[3,6,8,11,16,19,24,27,29,33,35,39,45],"ascension_level":8}}