{"host":"df48i9djcn92c5sx","time":1614062048,"event":{"mods":["Act Like it!","Arknights","BaseMod","Decade(王小明)","Downfall","Gensokyo","Marisa（F雨　魔理沙）","Minty Spire (QoL Compilation)","READ ME - Guardian Mod","READ ME - Snecko Mod","Reimu（博丽灵梦）","Remilia（蕾米莉亚）","Shop Mod","StSLib","The Jungle","The Servant 0.9.4"],"gold_per_floor":[109,109,34,45,59,59,78,78,78,78,25,25,59,59,59,59,59],"floor_reached":16,"language":"ZHS","playtime":207,"items_purged":[],"score":176,"play_id":"df4e691e-23e6-40cf-8d49-0034042e2af1","local_time":"20210223143408","is_ascension_mode":true,"campfire_choices":[{"data":"Zap","floor":6,"key":"SMITH"},{"data":"Glacier","floor":8,"key":"SMITH"},{"data":"Cold Snap","floor":10,"key":"SMITH"},{"data":"Compile Driver","floor":12,"key":"SMITH"},{"data":"Dualcast","floor":15,"key":"SMITH"}],"circlet_count":0,"master_deck":["AscendersBane","Strike_B","Strike_B","Defend_B","Defend_B","Defend_B","Defend_B","Zap+1","Dualcast+1","Cold Snap+1","Glacier+1","Compile Driver+1"],"relics":["Cracked Core","NeowsBlessing","Bottled Lightning","WingedGreaves"],"acts_visited":["Exordium"],"potions_floor_usage":[7,13,16],"damage_taken":[{"damage":0.0,"enemies":"Jaw Worm","floor":1.0,"turns":1.0},{"damage":0,"enemies":"2 Louse","floor":4,"turns":1},{"damage":0,"enemies":"Small Slimes","floor":5,"turns":1},{"damage":9,"enemies":"3 Louse","floor":7,"turns":4},{"damage":8,"enemies":"Gremlin Nob","floor":13,"turns":5},{"damage":0,"enemies":"Slime Boss","floor":16,"turns":1}],"seed_played":"7623426939626314239","potions_obtained":[{"floor":5,"key":"Fruit Juice"},{"floor":7,"key":"SkillPotion"},{"floor":13,"key":"ColorlessPotion"}],"is_trial":false,"path_per_floor":["M","?","?","M","M","R","M","R","T","R","$","R","E","?","R","B"],"character_chosen":"DEFECT","items_purchased":["Compile Driver"],"campfire_rested":0,"item_purchase_floors":[11],"current_hp_per_floor":[64,64,64,64,64,64,60,60,60,60,60,60,52,45,45,45,45],"gold":59,"neow_bonus":"THREE_ENEMY_KILL","is_daily":false,"chose_seed":false,"campfire_upgraded":5,"win_rate":0.0,"timestamp":1614062048,"path_taken":["M","?","?","M","M","R","M","R","T","R","$","R","E","?","R","BOSS"],"items_purchased_type":["Card"],"build_version":"2020-12-22","purchased_purges":0,"victory":false,"max_hp_per_floor":[71,71,71,71,71,71,76,76,76,76,76,76,76,76,76,76,76],"card_choices":[{"not_picked":["Streamline","White Noise"],"picked":"Cold Snap","floor":1.0},{"not_picked":["Hologram","Streamline","Barrage"],"picked":"SKIP","floor":4},{"not_picked":["Streamline","Hello World","Hologram"],"picked":"SKIP","floor":5},{"not_picked":["White Noise","Go for the Eyes"],"picked":"Glacier","floor":7},{"not_picked":["Coolheaded","Glacier","Go for the Eyes"],"picked":"SKIP","floor":13}],"player_experience":1616752,"relics_obtained":[{"floor":9,"key":"Bottled Lightning"},{"floor":13,"key":"WingedGreaves"}],"event_choices":[{"damage_healed":0.0,"max_hp_gain":0.0,"max_hp_loss":0.0,"gold_gain":0.0,"event_name":"Liars Game","player_choice":"Ignored","floor":2.0,"gold_loss":0.0,"damage_taken":0.0},{"cards_removed":["Strike_B"],"damage_healed":0,"gold_gain":0,"player_choice":"Card Removal","damage_taken":0,"max_hp_gain":0,"max_hp_loss":0,"event_name":"The Cleric","floor":3,"gold_loss":75},{"cards_removed":["Strike_B"],"damage_healed":0,"gold_gain":0,"player_choice":"Card Removal","damage_taken":7,"max_hp_gain":0,"max_hp_loss":0,"event_name":"Golden Wing","floor":14,"gold_loss":0}],"is_beta":false,"boss_relics":[],"items_purged_floors":[],"is_endless":false,"potions_floor_spawned":[5,7,13],"killed_by":"Slime Boss","ascension_level":16}}