{"host":"3j2m8n0ywf988fwb","time":1614112436,"event":{"mods":["2.2 Compatiblity","AchievementEnabler","Aspiration","BaseMod","Bestiary","Better Altar","Better Match","Better Note","Better Sensory Stone","Better Skull","Better Third Choice","CCEM2","Colored Map","Colored Powertips","Conspire","Dark Map","Googly Eyes","Halation","HexUI Lib","Highlight Path","Hubris","Infinite Spire","Jedi Mod","Marked Mod","Minty Spire (QoL Compilation)","Monster B Gone","Permanent Neow","Random Character Button","Relic Filter Mod","Relic Stats","Reliquary","Replay The Spire","Shop Mod","StS++","StSLib","Unceasing Turn Reminder","Weighted Paths","everything is the same but u backflip on backflip"],"gold_per_floor":[109,109,109,109,127,127,142,155,155,32,58,78,113,13,13,113,113,124,124,124,137,149,149,165,165,165,196,196,196,196,196],"floor_reached":30,"language":"ENG","playtime":1116,"items_purged":["CommonCold","Strike_R"],"score":335,"play_id":"d83069e9-bae8-4221-bd27-86ebf94821c8","local_time":"20210223143356","is_ascension_mode":true,"campfire_choices":[{"data":"Rage","floor":6,"key":"SMITH"},{"data":"jedi:MakeshiftSword","floor":15,"key":"SMITH"},{"floor":23,"key":"REST"},{"floor":25,"key":"REST"}],"circlet_count":0,"master_deck":["Strike_R","Strike_R+1","Strike_R","Strike_R","Defend_R","Defend_R","Defend_R","Defend_R","Bash","Havoc+1","Rage+1","hubris:CleavingFinish","Anger","Anger","Flex","jedi:MakeshiftSword+1","conspire:HitWhereItHurts","Rage","Anger","Anger"],"relics":["Burning Blood","hubris:VirtuousBlindfold","hubris:TinFlute","aspiration:HiddenCompartment","infinitespire:Eraser","CCEMRelics:GreenEgg","CCEMRelics:LagavulinClaw"],"acts_visited":["Exordium","TheCity"],"potions_floor_usage":[11,16,22,24,30],"damage_taken":[{"damage":5,"enemies":"2 Louse","floor":1,"turns":3},{"damage":9,"enemies":"Jaw Worm","floor":5,"turns":3},{"damage":3,"enemies":"conspire:RoseBush","floor":7,"turns":6},{"damage":16,"enemies":"Large Slime","floor":8,"turns":6},{"damage":35,"enemies":"Lagavulin","floor":11,"turns":6},{"damage":0,"enemies":"Looter","floor":12,"turns":2},{"damage":20,"enemies":"Replay:BlueRogue","floor":13,"turns":4},{"damage":48,"enemies":"The Guardian","floor":16,"turns":10},{"damage":30,"enemies":"3 Byrds","floor":18,"turns":4},{"damage":12,"enemies":"Shell Parasite","floor":21,"turns":4},{"damage":34,"enemies":"Snecko","floor":22,"turns":6},{"damage":28,"enemies":"Centurion and Healer","floor":24,"turns":6},{"damage":23,"enemies":"conspire:Head Lice","floor":27,"turns":7},{"damage":34,"enemies":"Nightmare","floor":30,"turns":5}],"seed_played":"-1351399057410775862","potions_obtained":[{"floor":7,"key":"BloodPotion"},{"floor":13,"key":"Weak Potion"},{"floor":20,"key":"Block Potion"},{"floor":20,"key":"LiquidBronze"},{"floor":20,"key":"EntropicBrew"},{"floor":22,"key":"FearPotion"},{"floor":24,"key":"Adrenaline Potion"}],"is_trial":false,"path_per_floor":["M","?","?","?","M","R","M","M","T","$","E","M","E","$","R","B",null,"M","?","?","M","M","R","M","R","T","E","PTL","PTL","NM"],"character_chosen":"IRONCLAD","items_purchased":["Anger"],"campfire_rested":2,"item_purchase_floors":[10],"current_hp_per_floor":[80,80,80,80,77,77,80,70,70,70,57,63,49,49,49,7,80,56,56,56,50,22,46,24,48,48,31,31,31,0,0],"gold":196,"neow_bonus":"CURSED_BOSS_RELIC","is_daily":false,"chose_seed":false,"campfire_upgraded":2,"win_rate":0.0,"timestamp":1614112436,"path_taken":["M","?","?","?","M","R","M","M","T","$","E","M","E","?","R","BOSS","M","?","?","M","M","R","M","R","T","E","PTL","PTL","NM"],"items_purchased_type":["Card"],"build_version":"2020-12-22","purchased_purges":2,"victory":false,"max_hp_per_floor":[80,80,80,80,80,80,80,80,80,80,80,80,80,80,80,80,80,80,80,80,80,80,80,80,80,80,80,80,80,80,80],"relic_stats":{"counters":[14,72],"obtain_stats":[{"CCEMRelics:GreenEgg":17,"hubris:VirtuousBlindfold":0,"infinitespire:Eraser":13,"aspiration:HiddenCompartment":11,"Burning Blood":0,"hubris:TinFlute":9,"CCEMRelics:LagavulinClaw":27},{"CCEMRelics:GreenEgg":8,"hubris:VirtuousBlindfold":0,"infinitespire:Eraser":7,"aspiration:HiddenCompartment":5,"Burning Blood":0,"hubris:TinFlute":4,"CCEMRelics:LagavulinClaw":13},{"CCEMRelics:GreenEgg":40,"hubris:VirtuousBlindfold":0,"infinitespire:Eraser":30,"aspiration:HiddenCompartment":24,"Burning Blood":0,"hubris:TinFlute":18,"CCEMRelics:LagavulinClaw":67}],"Burning Blood":77},"card_choices":[{"not_picked":["Power Through","Cleave"],"picked":"Havoc","floor":1},{"not_picked":["conspire:Charge","ReplayTheSpireMod:LeadingStrike"],"picked":"Rage","floor":5},{"not_picked":["ReplayTheSpireMod:LeadingStrike","Demonic Infusion"],"picked":"hubris:CleavingFinish","floor":7},{"not_picked":["Rupture","infinitespire:OneForAll"],"picked":"Anger","floor":8},{"not_picked":["Pommel Strike","Twin Strike"],"picked":"Flex","floor":11},{"not_picked":["ReplayReversal","Clothesline","Clash"],"picked":"SKIP","floor":12},{"not_picked":["Rupture","Flex"],"picked":"jedi:MakeshiftSword","floor":13},{"not_picked":["hubris:StunningStrike","StSpp:BladeOfBlood"],"picked":"conspire:HitWhereItHurts","floor":16},{"not_picked":["Clash+1","Clothesline"],"picked":"Rage","floor":18},{"not_picked":["Shrug It Off+1","Rupture","ReplayTheSpireMod:LeadingStrike"],"picked":"SKIP","floor":21},{"not_picked":["Run Through","Pommel Strike","Clothesline"],"picked":"SKIP","floor":22},{"not_picked":["hubris:ReadiedAction","Cleave+1"],"picked":"Anger","floor":24},{"not_picked":["ReplayTheSpireMod:Corrosion Curse","hubris:SharpeningStone"],"picked":"Anger","floor":27}],"player_experience":791330,"relics_obtained":[{"floor":9,"key":"hubris:TinFlute"},{"floor":11,"key":"aspiration:HiddenCompartment"},{"floor":13,"key":"infinitespire:Eraser"},{"floor":27,"key":"CCEMRelics:LagavulinClaw"}],"event_choices":[{"damage_healed":0,"gold_gain":0,"player_choice":"Grow","damage_taken":0,"max_hp_gain":0,"max_hp_loss":0,"event_name":"Living Wall","floor":3,"gold_loss":0,"cards_upgraded":["Havoc"]},{"cards_removed":["CommonCold"],"damage_healed":0,"gold_gain":0,"player_choice":"Removed Curses","damage_taken":0,"max_hp_gain":0,"max_hp_loss":0,"event_name":"Fountain of Cleansing","floor":19,"gold_loss":0},{"damage_healed":0,"gold_gain":0,"player_choice":"Got Potions","damage_taken":0,"max_hp_gain":0,"max_hp_loss":0,"event_name":"Lab","floor":20,"gold_loss":0}],"is_beta":false,"boss_relics":[{"not_picked":["Runic Dome","hubris:GrandSneckoEye"],"picked":"CCEMRelics:GreenEgg"}],"items_purged_floors":[10,14],"is_endless":false,"potions_floor_spawned":[7,13,21,22,24,27],"killed_by":"Nightmare","ascension_level":4}}