{"host":"qovh3ibwg9jae218","time":1614076048,"event":{"mods":["BaseMod","Bestiary","DeckTracker","Minty Spire (QoL Compilation)"],"gold_per_floor":[110,127,127,144,155,180,0,0,0,16,16,26,26,26,26,122,122,138,157,174,190,44,79,79,95,95,114,114,141,141,8,8,110,160,170,180,180,180],"floor_reached":37,"language":"ENG","playtime":1953,"items_purged":["Strike_R"],"score":463,"play_id":"457a586d-9081-43e0-aa50-6e88b97a52b4","local_time":"20210223052728","is_ascension_mode":false,"campfire_choices":[{"floor":8,"key":"REST"},{"data":"Shrug It Off","floor":15,"key":"SMITH"},{"floor":24,"key":"REST"},{"floor":28,"key":"REST"},{"data":"Fire Breathing","floor":30,"key":"SMITH"},{"floor":32,"key":"REST"}],"circlet_count":0,"master_deck":["Strike_R","Strike_R","Strike_R","Defend_R","Defend_R","Defend_R","Defend_R","Bash+1","Rupture","Evolve+1","Hemokinesis+1","Blood for Blood","Wild Strike","Shrug It Off+1","Wild Strike","Pummel","Wild Strike","Iron Wave+1","Immolate","Disarm+1","Wild Strike","Reckless Charge","Reaper","Blood for Blood","Fire Breathing+1","PanicButton","Exhume","Flex+1","Spot Weakness","Pommel Strike+1"],"relics":["Burning Blood","Art of War","Pear","Runic Cube","Darkstone Periapt","Regal Pillow","Tiny Chest","Tiny House"],"acts_visited":["Exordium","TheCity","TheBeyond"],"potions_floor_usage":[6,6,16,18,18,20,23,29,33,33,35],"damage_taken":[{"damage":1,"enemies":"Small Slimes","floor":1,"turns":3},{"damage":0,"enemies":"2 Louse","floor":2,"turns":3},{"damage":2,"enemies":"Cultist","floor":4,"turns":3},{"damage":8,"enemies":"Exordium Wildlife","floor":5,"turns":3},{"damage":30,"enemies":"Lagavulin","floor":6,"turns":4},{"damage":0,"enemies":"3 Louse","floor":10,"turns":4},{"damage":6,"enemies":"Gremlin Gang","floor":12,"turns":5},{"damage":54,"enemies":"Hexaghost","floor":16,"turns":6},{"damage":5,"enemies":"3 Byrds","floor":18,"turns":2},{"damage":29,"enemies":"Spheric Guardian","floor":19,"turns":4},{"damage":13,"enemies":"Chosen and Byrds","floor":20,"turns":4},{"damage":15,"enemies":"Snake Plant","floor":21,"turns":5},{"damage":53,"enemies":"Gremlin Leader","floor":23,"turns":9},{"damage":24,"enemies":"3 Cultists","floor":25,"turns":5},{"damage":9,"enemies":"Snecko","floor":27,"turns":3},{"damage":40,"enemies":"Slavers","floor":29,"turns":5},{"damage":98,"enemies":"Champ","floor":33,"turns":9},{"damage":20,"enemies":"Orb Walker","floor":35,"turns":3},{"damage":47,"enemies":"3 Darklings","floor":36,"turns":5},{"damage":52,"enemies":"Writhing Mass","floor":37,"turns":4}],"seed_played":"7299176358816853589","potions_obtained":[{"floor":1,"key":"FearPotion"},{"floor":5,"key":"Fruit Juice"},{"floor":6,"key":"Explosive Potion"},{"floor":12,"key":"ElixirPotion"},{"floor":14,"key":"HeartOfIron"},{"floor":14,"key":"Energy Potion"},{"floor":19,"key":"HeartOfIron"},{"floor":21,"key":"Block Potion"},{"floor":27,"key":"FearPotion"},{"floor":29,"key":"SneckoOil"},{"floor":34,"key":"ColorlessPotion"},{"floor":35,"key":"Ancient Potion"}],"is_trial":false,"path_per_floor":["M","M","?","M","M","E","$","R","T","M","?","M","?","?","R","B",null,"M","M","M","M","$","E","R","M","T","M","R","E","R","$","R","B",null,"M","M","M"],"character_chosen":"IRONCLAD","items_purchased":["Wild Strike","Pummel","Reaper","PanicButton","Strength Potion"],"campfire_rested":4,"item_purchase_floors":[7,7,22,31,31],"current_hp_per_floor":[80,80,64,68,66,47,47,72,82,88,88,88,88,88,88,40,95,95,72,65,56,56,21,49,43,43,46,89,55,55,55,95,10,100,86,45,0,0],"gold":180,"neow_bonus":"THREE_CARDS","is_daily":false,"chose_seed":false,"campfire_upgraded":2,"win_rate":0.0,"timestamp":1614076048,"path_taken":["M","M","?","M","M","E","$","R","T","M","?","?","?","?","R","BOSS","M","M","?","M","?","E","R","M","T","M","R","E","R","$","R","BOSS","M","M","M"],"items_purchased_type":["Card","Card","Card","Card","Potion"],"build_version":"2020-12-22","purchased_purges":1,"victory":false,"max_hp_per_floor":[80,80,80,80,80,85,85,85,95,95,95,95,95,95,95,95,95,95,95,95,95,95,95,95,95,95,95,95,95,95,95,95,95,100,100,100,100,100],"card_choices":[{"not_picked":["Searing Blow","Perfected Strike"],"picked":"Rupture","floor":0},{"not_picked":["Perfected Strike","Sever Soul"],"picked":"Evolve","floor":1},{"not_picked":["Rupture","Pommel Strike"],"picked":"Hemokinesis","floor":2},{"not_picked":["Rampage","Iron Wave"],"picked":"Blood for Blood","floor":4},{"not_picked":["Havoc","Second Wind"],"picked":"Wild Strike","floor":5},{"not_picked":["Bludgeon","Pummel"],"picked":"Shrug It Off","floor":6},{"not_picked":["Perfected Strike","True Grit"],"picked":"Wild Strike","floor":10},{"not_picked":["Flex","Seeing Red","Sword Boomerang"],"picked":"SKIP","floor":12},{"not_picked":["Exhume","Fiend Fire"],"picked":"Immolate","floor":16},{"not_picked":["Metallicize+1","Entrench"],"picked":"Disarm+1","floor":18},{"not_picked":["Sentinel+1","Heavy Blade"],"picked":"Wild Strike","floor":19},{"not_picked":["Body Slam+1","Armaments","Sever Soul+1"],"picked":"SKIP","floor":20},{"not_picked":["Clash+1","Pommel Strike+1"],"picked":"Reckless Charge","floor":21},{"not_picked":["Shockwave+1","Sever Soul"],"picked":"Blood for Blood","floor":23},{"not_picked":["Whirlwind","Body Slam","Cleave"],"picked":"SKIP","floor":25},{"not_picked":["Whirlwind+1","Heavy Blade+1","Warcry"],"picked":"SKIP","floor":27},{"not_picked":["Sentinel","Iron Wave"],"picked":"Fire Breathing","floor":29},{"not_picked":["Demon Form","Corruption"],"picked":"Exhume","floor":33},{"not_picked":["Body Slam","Clash+1"],"picked":"Flex+1","floor":34},{"not_picked":["Clash+1","True Grit"],"picked":"Spot Weakness","floor":35},{"not_picked":["Sword Boomerang+1","Wild Strike"],"picked":"Pommel Strike+1","floor":36}],"player_experience":68800,"relics_obtained":[{"floor":6,"key":"Art of War"},{"floor":9,"key":"Pear"},{"floor":23,"key":"Darkstone Periapt"},{"floor":26,"key":"Regal Pillow"},{"floor":29,"key":"Tiny Chest"}],"event_choices":[{"damage_healed":0,"gold_gain":0,"player_choice":"Entered Light","damage_taken":16,"max_hp_gain":0,"max_hp_loss":0,"event_name":"Shining Light","floor":3,"gold_loss":0,"cards_upgraded":["Evolve","Bash"]},{"cards_removed":["Strike_R"],"damage_healed":0,"gold_gain":0,"player_choice":"Took Card","damage_taken":0,"max_hp_gain":0,"max_hp_loss":0,"event_name":"NoteForYourself","floor":11,"gold_loss":0,"cards_obtained":["Iron Wave"]},{"damage_healed":0,"gold_gain":0,"player_choice":"Grow","damage_taken":0,"max_hp_gain":0,"max_hp_loss":0,"event_name":"Living Wall","floor":13,"gold_loss":0,"cards_upgraded":["Hemokinesis"]},{"damage_healed":0,"gold_gain":0,"player_choice":"Got Potions","damage_taken":0,"max_hp_gain":0,"max_hp_loss":0,"event_name":"Lab","floor":14,"gold_loss":0}],"is_beta":false,"boss_relics":[{"not_picked":["Busted Crown","Cursed Key"],"picked":"Runic Cube"},{"not_picked":["Snecko Eye","Fusion Hammer"],"picked":"Tiny House"}],"items_purged_floors":[7],"is_endless":false,"potions_floor_spawned":[1,5,6,12,19,21,27,29,35],"killed_by":"Writhing Mass","ascension_level":0}}