{"host":"q9sqrn60n8lvmavn","time":1614045290,"event":{"mods":["AchievementEnabler","AlwaysNeverKeys","BaseMod","Better Third Choice","Better Vampires","Better-Laid Plans","Block Reminder","Colored Powertips","Curses Come First","DNKmod","Emptier Cage","Friendly Minions","Minty Spire (QoL Compilation)","Permanent Neow","Relic Filter Mod","Reorder Act Four","Shop Mod","StSLib","Weighted Paths"],"gold_per_floor":[1020,864,884,897,291,326,326,351,351,351,378,393,404,439,439,513,513,523,438,438,363,379,409,92,92,92,110,348,348,348,382,382,460,460,470,489,499,513,513,513,548,548,575,260,337,111,137,193,193,193,193],"floor_reached":50,"language":"ENG","playtime":3488,"items_purged":["Strike_B","Dualcast","Strike_B","Defend_B","Auto Shields","Bite"],"score":1244,"play_id":"8722302f-f13f-453e-9fbf-3a5ccc18ada0","local_time":"20210222175450","is_ascension_mode":true,"campfire_choices":[{"data":"Strike_B","floor":10,"key":"PURGE"},{"data":"Coolheaded","floor":15,"key":"SMITH"},{"data":"Coolheaded","floor":30,"key":"SMITH"},{"data":"Defend_B","floor":32,"key":"PURGE"},{"data":"Steam Power","floor":40,"key":"SMITH"},{"data":"Tempest","floor":42,"key":"PURGE"},{"data":"Skim","floor":49,"key":"SMITH"}],"circlet_count":0,"master_deck":["AscendersBane","Defend_B+1","Capacitor","Conserve Battery","Tempest","Turbo","Go for the Eyes","Hologram","Biased Cognition","Echo Form","Steam","Multi-Cast","Steam Power+1","Core Surge","Hologram","Seek","Hologram","Ball Lightning+1","Madness","Madness","Multi-Cast","Buffer","Skim+1"],"relics":["Cracked Core","Torii","Calipers","Lizard Tail","Peace Pipe","Chemical X","Lantern","Sozu","Juzu Bracelet","Membership Card","MerchantsRug","Tiny Chest","InkBottle","Omamori","Empty Cage","Molten Egg 2","Bag of Preparation","Runic Capacitor","HornCleat","Bottled Lightning","CeramicFish","Incense Burner"],"acts_visited":["Exordium","TheCity","TheBeyond"],"potions_floor_usage":[6,6,14,16,16],"damage_taken":[{"damage":0,"enemies":"Cultist","floor":1,"turns":3},{"damage":8,"enemies":"Small Slimes","floor":3,"turns":3},{"damage":1,"enemies":"Jaw Worm","floor":4,"turns":3},{"damage":29,"enemies":"3 Sentries","floor":6,"turns":8},{"damage":17,"enemies":"Gremlin Nob","floor":8,"turns":5},{"damage":0,"enemies":"3 Sentries","floor":11,"turns":6},{"damage":0,"enemies":"2 Fungi Beasts","floor":12,"turns":3},{"damage":1,"enemies":"Blue Slaver","floor":13,"turns":3},{"damage":0,"enemies":"Lagavulin","floor":14,"turns":3},{"damage":0,"enemies":"Slime Boss","floor":16,"turns":8},{"damage":1,"enemies":"Chosen","floor":18,"turns":2},{"damage":1,"enemies":"2 Thieves","floor":22,"turns":5},{"damage":17,"enemies":"Gremlin Leader","floor":23,"turns":5},{"damage":0,"enemies":"3 Cultists","floor":27,"turns":3},{"damage":1,"enemies":"Slavers","floor":31,"turns":3},{"damage":0,"enemies":"Champ","floor":33,"turns":5},{"damage":8,"enemies":"3 Shapes","floor":35,"turns":3},{"damage":13,"enemies":"3 Darklings","floor":36,"turns":3},{"damage":8,"enemies":"Jaw Worm Horde","floor":37,"turns":2},{"damage":18,"enemies":"4 Shapes","floor":38,"turns":3},{"damage":84,"enemies":"Giant Head","floor":41,"turns":8},{"damage":0,"enemies":"Nemesis","floor":47,"turns":3},{"damage":8,"enemies":"2 Orb Walkers","floor":48,"turns":3},{"damage":20,"enemies":"Awakened One","floor":50,"turns":3}],"seed_played":"-5763190871920102460","potions_obtained":[{"floor":1,"key":"Regen Potion"},{"floor":3,"key":"GamblersBrew"},{"floor":11,"key":"Strength Potion"},{"floor":12,"key":"SkillPotion"},{"floor":14,"key":"LiquidBronze"}],"is_trial":false,"path_per_floor":["M","$","M","M","$","E","?","E","T","R","E","M","M","E","R","B",null,"M","?","?","?","M","E","$","T","T","M","$","?","R","E","R","B",null,"M","M","M","M","?","R","E","R","T","$","T","$","E","?","R","B"],"character_chosen":"DEFECT","items_purchased":["Capacitor","Peace Pipe","Coolheaded","Chemical X","Membership Card","MerchantsRug","Multi-Cast","Core Surge","Runic Capacitor","Multi-Cast","Buffer","Bottled Lightning"],"campfire_rested":0,"item_purchase_floors":[2,5,5,5,24,24,24,28,44,44,44,46],"current_hp_per_floor":[90,90,82,81,81,67,49,32,32,32,32,32,31,31,31,31,75,74,74,74,74,73,56,56,56,56,56,56,56,56,57,57,59,78,70,57,49,33,22,22,18,18,18,18,18,18,18,10,10,0,0],"gold":193,"neow_bonus":"ONE_RARE_RELIC","is_daily":false,"chose_seed":false,"campfire_upgraded":4,"win_rate":0.0,"timestamp":1614045290,"path_taken":["M","$","?","M","$","E","?","E","T","R","E","M","M","E","R","BOSS","M","?","?","?","M","E","$","?","T","M","?","?","R","E","R","BOSS","M","M","M","M","?","R","E","R","T","$","?","$","E","?","R","BOSS"],"items_purchased_type":["Card","Relic","Card","Relic","Relic","Relic","Card","Card","Relic","Card","Card","Relic"],"build_version":"2020-12-22","purchased_purges":6,"victory":false,"max_hp_per_floor":[90,90,90,90,90,90,90,90,90,90,90,90,90,90,90,90,90,90,90,90,90,90,90,90,90,90,90,90,84,84,84,84,84,84,84,84,84,84,84,84,84,84,84,84,84,84,84,84,84,84,84],"card_choices":[{"not_picked":["Streamline","Ball Lightning"],"picked":"Auto Shields","floor":1},{"not_picked":["Beam Cell","Gash","Buffer"],"picked":"SKIP","floor":3},{"not_picked":["Static Discharge","Ball Lightning","Leap"],"picked":"SKIP","floor":4},{"not_picked":["Rebound","Loop"],"picked":"Conserve Battery","floor":6},{"not_picked":["Fusion","Chill"],"picked":"Tempest","floor":8},{"not_picked":["Fusion","Loop"],"picked":"Turbo","floor":11},{"not_picked":["Barrage","Beam Cell"],"picked":"Go for the Eyes","floor":12},{"not_picked":["Beam Cell","Redo"],"picked":"Hologram","floor":13},{"not_picked":["Go for the Eyes","Reinforced Body"],"picked":"Biased Cognition","floor":14},{"not_picked":["Creative AI","Core Surge"],"picked":"Echo Form","floor":16},{"not_picked":["Chaos+1","Doom and Gloom"],"picked":"Tempest","floor":18},{"not_picked":["Sweeping Beam","Glacier"],"picked":"Steam","floor":22},{"not_picked":["Chill","Rebound","Sweeping Beam"],"picked":"SKIP","floor":23},{"not_picked":["Conserve Battery","Cold Snap"],"picked":"Steam Power","floor":27},{"not_picked":["Hyperbeam","Turbo"],"picked":"Hologram","floor":31},{"not_picked":["Buffer","Hyperbeam"],"picked":"Seek","floor":33},{"not_picked":["Coolheaded","Leap"],"picked":"Hologram","floor":35},{"not_picked":["Cold Snap","Fusion"],"picked":"Ball Lightning+1","floor":36},{"not_picked":["Aggregate","Chaos+1","Chill"],"picked":"SKIP","floor":37},{"not_picked":["Darkness+1","Compile Driver","Go for the Eyes"],"picked":"SKIP","floor":38},{"not_picked":["Leap","Cold Snap+1","Static Discharge"],"picked":"SKIP","floor":41},{"not_picked":["Steam","Rebound+1","Aggregate+1"],"picked":"SKIP","floor":47},{"not_picked":["Undo+1","Static Discharge+1"],"picked":"Skim","floor":48}],"player_experience":250418,"relics_obtained":[{"floor":6,"key":"Blue Candle"},{"floor":8,"key":"Shovel"},{"floor":9,"key":"Ornamental Fan"},{"floor":11,"key":"Dream Catcher"},{"floor":14,"key":"Lantern"},{"floor":23,"key":"Juzu Bracelet"},{"floor":25,"key":"Tiny Chest"},{"floor":26,"key":"InkBottle"},{"floor":31,"key":"Omamori"},{"floor":41,"key":"Molten Egg 2"},{"floor":43,"key":"Bag of Preparation"},{"floor":45,"key":"HornCleat"},{"floor":47,"key":"CeramicFish"},{"floor":48,"key":"Incense Burner"}],"event_choices":[{"damage_healed":67,"gold_gain":0,"player_choice":"Upgrade","damage_taken":18,"max_hp_gain":0,"max_hp_loss":90,"event_name":"betterThird:BetterShining","floor":7,"gold_loss":0,"cards_upgraded":["Defend_B","Strike_B"]},{"damage_healed":0,"gold_gain":0,"player_choice":"Obtained Relic","damage_taken":0,"relics_obtained":["Ginger"],"max_hp_gain":0,"max_hp_loss":0,"event_name":"Addict","floor":19,"gold_loss":85},{"damage_healed":0,"gold_gain":0,"player_choice":"Read","damage_taken":0,"max_hp_gain":0,"max_hp_loss":0,"event_name":"The Library","floor":20,"gold_loss":0,"cards_obtained":["Coolheaded"]},{"cards_removed":["Zap"],"damage_healed":0,"gold_gain":0,"player_choice":"Gave Gold","damage_taken":0,"max_hp_gain":0,"max_hp_loss":0,"event_name":"Beggar","floor":21,"gold_loss":75},{"damage_healed":0,"gold_gain":0,"player_choice":"Became a vampire","damage_taken":0,"max_hp_gain":0,"max_hp_loss":6,"event_name":"Vampires","floor":29,"gold_loss":0,"cards_obtained":["Bite"]},{"damage_healed":0,"gold_gain":0,"player_choice":"Embrace Madness","damage_taken":11,"max_hp_gain":0,"max_hp_loss":0,"event_name":"Winding Halls","floor":39,"gold_loss":0,"cards_obtained":["Madness","Madness"]},{"damage_healed":0,"gold_gain":0,"player_choice":"Fight","damage_taken":0,"max_hp_gain":0,"max_hp_loss":0,"event_name":"Mysterious Sphere","floor":48,"gold_loss":0}],"is_beta":false,"boss_relics":[{"not_picked":["Fusion Hammer","FrozenCore"],"picked":"Sozu"},{"not_picked":["SlaversCollar","Nuclear Battery"],"picked":"Empty Cage"}],"items_purged_floors":[2,5,24,28,44,46],"is_endless":false,"potions_floor_spawned":[1,3,11,12,13,14,23,33,35,37,38],"killed_by":"Awakened One","ascension_level":13}}