{"host":"og21o26alpnbwmz8","time":1614095669,"event":{"mods":["2.2 Compatiblity","Act Like it!","Aspiration","BaseMod","Conspire","Downfall","Gensokyo","Halation","Hermit","Hubris","Jedi Mod","Mimic Mod","Minty Spire (QoL Compilation)","Pale of the Ancients","Reliquary","Replay The Spire","Shop Mod","Spikes Relics","StSLib","The Alterego","The Animator","The Blue Laboratory","The Bug Knight","Waifu the Spire","Yuri Mod"],"gold_per_floor":[15,15,33,49,67,67,67,67,67,67,119,1,1,39,39,451,451,489,489,96,112,136,180,196,196,245,245,264,264,279,301,301,409,409,430,430,448,469,495,495,202,202,202,202,202,65,65,86,86,105,105,105,28,62,137],"floor_reached":56,"language":"ENG","playtime":2339,"items_purged":["yuri:yuriStrike","Clumsy"],"score":1402,"play_id":"f83656f3-8bd3-4285-80be-c8b71ec7d913","local_time":"20210223105429","is_ascension_mode":false,"campfire_choices":[{"data":"yuri:MultiDip","floor":6,"key":"SMITH"},{"data":"yuri:InduceGlitch","floor":8,"key":"SMITH"},{"data":"yuri:DebugCard","floor":10,"key":"SMITH"},{"data":"yuri:ThrowingKnives","floor":15,"key":"SMITH"},{"data":"yuri:InduceGlitch","floor":25,"key":"SMITH"},{"data":"yuri:ExploitStrike","floor":29,"key":"SMITH"},{"floor":32,"key":"RECALL"},{"data":"yuri:BrokenCode","floor":40,"key":"SMITH"},{"data":"yuri:BookRed","floor":42,"key":"SMITH"},{"data":"yuri:BookRed","floor":45,"key":"SMITH"},{"data":"yuri:BookGreen","floor":47,"key":"SMITH"},{"data":"yuri:SturdyUniform","floor":49,"key":"SMITH"},{"data":"yuri:ExploitStrike","floor":52,"key":"SMITH"}],"circlet_count":0,"master_deck":["yuri:yuriDefend","yuri:yuriDefend","yuri:yuriDefend","yuri:yuriDefend","yuri:Oolong","yuri:yuriStab","yuri:DebugCard+1","CurseOfTheBell","CurseOfTheBell","yuri:MultiDip+1","yuri:InduceGlitch+1","yuri:BookRed+1","yuri:ThrowingKnives+1","yuri:MagneticKnives","yuri:BookGreen+1","Dagger Spray+1","Flechettes","Grand Finale","yuri:BrokenCode+1","yuri:InduceGlitch+1","yuri:ExploitStrike+1","yuri:TeaSet","yuri:BookRed+1","yuri:ExploitStrike+1","yuri:BrokenCode+1","yuri:SturdyUniform+1","yuri:SturdyUniform+1","yuri:BookGreen+1","yuri:BookBlue"],"relics":["yuri:yuriKnife","downfall:ExtraCursedBell","halation:IllGainedPizza","jedi:heavyjacket","hubris:MedicalManual","jedi:purplefairy","reliquary:PrincelyHelmet","Gensokyo:NagashiBinaDoll","halation:LettersToHer","halation:AfternoonTea","yuri:BookOfBooks","aspiration:HummingbirdHeart","ClockworkSouvenir","halation:NonexistentMirror","Orichalcum","hexamod:BolsterEngine","Turnip","Pantograph","hubris:ToyBattleship","Iron Hammer","conspire:SpecialSausage","Replay:Rubber Ducky","reliquary:IridiumChain","reliquary:GummyVitamins","Guardian:PocketSentry"],"acts_visited":["Exordium","Gensokyo:Gensokyo","TheBeyond","TheEnding"],"potions_floor_usage":[11,21,21],"damage_taken":[{"damage":3,"enemies":"Gensokyo:2_Kodama","floor":1,"turns":4},{"damage":0,"enemies":"Gensokyo:3_Fairies","floor":3,"turns":5},{"damage":0,"enemies":"Gensokyo:Gryphon","floor":4,"turns":5},{"damage":10,"enemies":"Gensokyo:Kitsune","floor":5,"turns":3},{"damage":26,"enemies":"Gensokyo:Cirno","floor":11,"turns":8},{"damage":0,"enemies":"Gensokyo:Aya","floor":14,"turns":8},{"damage":21,"enemies":"Gensokyo:Yukari","floor":16,"turns":8},{"damage":0,"enemies":"Gensokyo:3_Dogs","floor":18,"turns":6},{"damage":1,"enemies":"Gensokyo:CosmicMonolith","floor":21,"turns":4},{"damage":2,"enemies":"Gensokyo:Slime_Group","floor":22,"turns":6},{"damage":6,"enemies":"Gensokyo:Koishi","floor":23,"turns":7},{"damage":2,"enemies":"Gensokyo:3_Gloops","floor":24,"turns":5},{"damage":0,"enemies":"Gensokyo:Wraith","floor":28,"turns":4},{"damage":0,"enemies":"Gensokyo:Monolith_and_Dog","floor":30,"turns":3},{"damage":0,"enemies":"Gensokyo:Swordslinger","floor":31,"turns":3},{"damage":55,"enemies":"Gensokyo:Eternal_Rivals","floor":33,"turns":10},{"damage":0,"enemies":"Orb Walker","floor":35,"turns":4},{"damage":0,"enemies":"3 Darklings","floor":37,"turns":4},{"damage":0,"enemies":"Maw","floor":38,"turns":7},{"damage":2,"enemies":"Transient","floor":39,"turns":5},{"damage":0,"enemies":"Spire Growth","floor":48,"turns":3},{"damage":0,"enemies":"Awakened One","floor":50,"turns":10},{"damage":0,"enemies":"Shield and Spear","floor":54,"turns":2},{"damage":10,"enemies":"The Heart","floor":55,"turns":10}],"seed_played":"-7233420960725015000","potions_obtained":[{"floor":1,"key":"blueLaboratory:BottleOfVodka"},{"floor":5,"key":"Strength Potion"},{"floor":11,"key":"jedi:holywater"},{"floor":16,"key":"blueLaboratory:CorrosionFlask"},{"floor":22,"key":"jedi:StrikingPotion"},{"floor":23,"key":"LiquidMemories"}],"is_trial":false,"path_per_floor":["M","?","M","M","M","R","$","R","T","R","E","COS","?","E","R","B",null,"M","?","COS","M","M","E","M","R","T","?","M","R","M","M","R","B",null,"M","?","M","M","M","R","$","R","T","T","R","$","R","M","R","B",null,"R","$","E","B",null],"character_chosen":"YURI","items_purchased":["Replay:Rubber Ducky","yuri:SturdyUniform","yuri:BookGreen","yuri:BookBlue"],"campfire_rested":0,"item_purchase_floors":[41,41,46,53],"current_hp_per_floor":[80,80,80,80,74,74,74,74,74,80,58,58,58,65,75,60,80,80,80,80,79,79,79,79,80,80,80,80,80,80,80,80,28,80,80,80,80,80,80,80,80,80,80,80,80,80,80,80,80,80,80,80,80,80,80],"gold":137,"neow_bonus":"REMOVE_TWO","is_daily":false,"chose_seed":false,"campfire_upgraded":12,"win_rate":0.0,"timestamp":1614095669,"path_taken":["M","?","M","M","M","R","?","R","T","R","E","COS","?","E","R","BOSS","M","?","COS","M","?","E","M","R","T","?","M","R","M","?","R","BOSS","M","?","?","M","M","R","$","R","T","?","R","?","R","?","R","BOSS","R","$","E","BOSS"],"items_purchased_type":["Relic","Card","Card","Card"],"build_version":"2020-12-22","purchased_purges":2,"victory":true,"max_hp_per_floor":[80,80,80,80,80,80,80,80,80,80,80,80,80,80,80,80,80,80,80,80,80,80,80,80,80,80,80,80,80,80,80,80,80,80,80,80,80,80,80,80,80,80,80,80,80,80,80,80,80,80,80,80,80,80,80],"card_choices":[{"not_picked":["yuri:NerfBat","yuri:MPose"],"picked":"yuri:DebugCard","floor":1},{"not_picked":["yuri:ChibiInvasion","yuri:ThrowBook","yuri:yuriHeavyStrike"],"picked":"SKIP","floor":3},{"not_picked":["yuri:yuriHeavyStrike","yuri:WickedSlash"],"picked":"yuri:MultiDip","floor":4},{"not_picked":["yuri:CalmingAura","yuri:ThrowBook"],"picked":"yuri:InduceGlitch","floor":5},{"not_picked":["yuri:ThrowingKnives","yuri:NoEscape"],"picked":"yuri:BookRed","floor":11},{"not_picked":["yuri:ChibiInvasion","yuri:ThrowBook"],"picked":"yuri:ThrowingKnives","floor":14},{"not_picked":["yuri:JumpScare","yuri:Suicide"],"picked":"yuri:MagneticKnives","floor":16},{"not_picked":["yuri:BookRed+1","yuri:BookBlue+1","yuri:BookPurple+1"],"picked":"yuri:BookGreen+1","floor":17},{"not_picked":["yuri:ThornRemove","yuri:ThrowBook","yuri:MPose"],"picked":"SKIP","floor":18},{"not_picked":["yuri:DebugCard+1","yuri:GrowingInsanity+1"],"picked":"yuri:BrokenCode+1","floor":21},{"not_picked":["yuri:CorruptHitbox","yuri:HeavierStrike+1"],"picked":"yuri:InduceGlitch","floor":22},{"not_picked":["yuri:GlitchedStrike","yuri:Stare"],"picked":"yuri:ExploitStrike","floor":23},{"not_picked":["yuri:MPose+1","yuri:CalmingAura"],"picked":"yuri:TeaSet","floor":24},{"not_picked":["yuri:HeavierStrike+1","yuri:TPose+1"],"picked":"yuri:BookRed","floor":28},{"not_picked":["yuri:RecklessStrike","yuri:UntestedCode","yuri:ThrowBook"],"picked":"SKIP","floor":30},{"not_picked":["yuri:yuriHeavyStrike","yuri:CalmingAura","yuri:Stare+1"],"picked":"SKIP","floor":31},{"not_picked":["yuri:GlitchRemove","yuri:DisableStrike"],"picked":"yuri:ExploitStrike","floor":33},{"not_picked":["yuri:GreenTea","yuri:RecklessStrike+1","yuri:TPose"],"picked":"SKIP","floor":35},{"not_picked":["yuri:Stalk","yuri:yuriHeavyStrike+1"],"picked":"yuri:BrokenCode","floor":37},{"not_picked":["yuri:AdaptiveAI+1","yuri:TPose"],"picked":"yuri:SturdyUniform+1","floor":38},{"not_picked":["yuri:Spin","yuri:GrowingInsanity+1","yuri:CalmingAura"],"picked":"SKIP","floor":39},{"not_picked":["yuri:DeepBreathing+1","yuri:BookPurple+1","yuri:ThrowingKnives"],"picked":"SKIP","floor":48},{"not_picked":["yuri:UntestedCode+1","yuri:Stare","yuri:InduceGlitch"],"picked":"SKIP","floor":54}],"player_experience":417776,"relics_obtained":[{"floor":2,"key":"halation:IllGainedPizza"},{"floor":2,"key":"jedi:heavyjacket"},{"floor":2,"key":"hubris:MedicalManual"},{"floor":9,"key":"jedi:purplefairy"},{"floor":11,"key":"reliquary:PrincelyHelmet"},{"floor":14,"key":"halation:LettersToHer"},{"floor":23,"key":"hubris:ToyBattleship"},{"floor":26,"key":"halation:LettersToHer"},{"floor":43,"key":"halation:LettersToHer"},{"floor":43,"key":"reliquary:IridiumChain"},{"floor":44,"key":"halation:LettersToHer"},{"floor":44,"key":"reliquary:GummyVitamins"},{"floor":54,"key":"Guardian:PocketSentry"}],"event_choices":[{"damage_healed":0,"gold_gain":0,"player_choice":"Upgraded","damage_taken":0,"max_hp_gain":0,"max_hp_loss":0,"event_name":"Upgrade Shrine","floor":36,"gold_loss":0,"cards_upgraded":["Dagger Spray"]}],"is_beta":false,"boss_relics":[{"not_picked":["Replay:Drink Me","aspiration:RitualDagger"],"picked":"yuri:BookOfBooks"},{"not_picked":["aspiration:SilentSkillbook","Ring of Chaos"],"picked":"conspire:SpecialSausage"}],"items_purged_floors":[41,46],"is_endless":false,"potions_floor_spawned":[1,5,11,16,22,23,28,31,33,35,37,48,54],"ascension_level":0}}