{"host":"a1eatafr7pisesky","time":1614101156,"event":{"mods":["AchievementEnabler","BaseMod","Colored Map","Keyboard Shortcuts","Minty Spire (QoL Compilation)","Say the Spire","StSLib","SuperFastMode","everything is the same but u backflip on backflip"],"gold_per_floor":[117,137,137,137,137,163,193,219,246,246,258,258,286,39,39,112,112,122,22,22,22,41,76,88,126,161,173,214,626,649,695,707,719,719],"floor_reached":33,"language":"KOR","playtime":776,"items_purged":["Strike_G","Strike_G"],"score":670,"play_id":"b0c69236-c530-423a-9538-dbcf42b97d41","local_time":"20210224022556","is_ascension_mode":true,"campfire_choices":[{"floor":10.0,"key":"REST"},{"floor":15.0,"key":"DIG"},{"data":"Bullet Time","floor":24.0,"key":"SMITH"},{"floor":32.0,"key":"DIG"}],"circlet_count":0,"master_deck":["AscendersBane","Defend_G","Defend_G","Defend_G","Defend_G","Survivor","Neutralize","Predator","Deadly Poison","Bullet Time+1","Dagger Spray","Dash","Corpse Explosion","Bouncing Flask","Leg Sweep","Burst","Wraith Form v2+1","Deflect+1","Riddle With Holes+1","Backflip+1","Ghostly","Ghostly","Ghostly","Escape Plan+1"],"relics":["Ring of the Snake","NeowsBlessing","Shovel","Nunchaku","Tiny Chest","Odd Mushroom","Akabeko","Juzu Bracelet","Matryoshka","Darkstone Periapt","Astrolabe","Centennial Puzzle","MawBank","Mango","Strawberry","Blood Vial","Tingsha","Old Coin","Toxic Egg 2","Thread and Needle","Mercury Hourglass"],"acts_visited":["Exordium","TheCity"],"potions_floor_usage":[33,33],"damage_taken":[{"damage":0.0,"enemies":"Cultist","floor":1.0,"turns":1.0},{"damage":0.0,"enemies":"Jaw Worm","floor":2.0,"turns":1.0},{"damage":0.0,"enemies":"Gremlin Nob","floor":6.0,"turns":1.0},{"damage":21.0,"enemies":"The Mushroom Lair","floor":7.0,"turns":6.0},{"damage":19.0,"enemies":"Lagavulin","floor":8.0,"turns":6.0},{"damage":0.0,"enemies":"2 Louse","floor":11.0,"turns":2.0},{"damage":9.0,"enemies":"3 Sentries","floor":13.0,"turns":5.0},{"damage":16.0,"enemies":"The Guardian","floor":16.0,"turns":9.0},{"damage":3.0,"enemies":"3 Byrds","floor":18.0,"turns":3.0},{"damage":0.0,"enemies":"Spheric Guardian","floor":22.0,"turns":1.0},{"damage":22.0,"enemies":"Book of Stabbing","floor":23.0,"turns":7.0},{"damage":14.0,"enemies":"Slavers","floor":25.0,"turns":3.0},{"damage":11.0,"enemies":"Book of Stabbing","floor":28.0,"turns":6.0},{"damage":0.0,"enemies":"Colosseum Slavers","floor":29.0,"turns":4.0},{"damage":2.0,"enemies":"Colosseum Nobs","floor":29.0,"turns":5.0},{"damage":3.0,"enemies":"Snake Plant","floor":30.0,"turns":6.0},{"damage":3.0,"enemies":"Slavers","floor":31.0,"turns":5.0},{"damage":32,"enemies":"Champ","floor":33,"turns":9}],"seed_played":"7160517217344928180","potions_obtained":[{"floor":1.0,"key":"Weak Potion"},{"floor":7.0,"key":"Weak Potion"},{"floor":13.0,"key":"ColorlessPotion"},{"floor":16.0,"key":"Poison Potion"},{"floor":28.0,"key":"Ancient Potion"},{"floor":29.0,"key":"Poison Potion"}],"is_trial":false,"path_per_floor":["M","M","T","?","?","E","?","E","T","R","M","?","E","$","R","B",null,"M","$","?","T","M","E","R","E","T","?","E","?","M","E","R","B"],"character_chosen":"THE_SILENT","items_purchased":["Bouncing Flask","Leg Sweep"],"campfire_rested":1,"item_purchase_floors":[14,14],"current_hp_per_floor":[59,59,59,52,47,47,26,7,7,26,26,26,17,17,17,1,50,47,47,47,47,47,25,25,25,32,32,23,25,24,23,23,0,0],"gold":719,"neow_bonus":"THREE_ENEMY_KILL","is_daily":false,"chose_seed":false,"campfire_upgraded":1,"win_rate":0.0,"timestamp":1614101156,"path_taken":["M","M","?","?","?","E","?","E","T","R","M","?","E","$","R","BOSS","M","$","?","?","M","E","R","E","T","?","E","?","M","E","R","BOSS"],"items_purchased_type":["Card","Card"],"build_version":"2020-12-22","purchased_purges":2,"victory":false,"max_hp_per_floor":[66,66,66,66,66,66,66,66,66,66,66,66,66,66,66,66,66,66,66,66,66,66,66,66,80,87,43,43,43,43,43,43,43,43],"card_choices":[{"not_picked":["Slice","Dodge and Roll"],"picked":"Predator","floor":1.0},{"not_picked":["Cloak And Dagger","Well Laid Plans"],"picked":"Deadly Poison","floor":2.0},{"not_picked":["Infinite Blades","Underhanded Strike"],"picked":"Bullet Time","floor":6.0},{"not_picked":["Cloak And Dagger","Blur"],"picked":"Dagger Spray","floor":7.0},{"not_picked":["Accuracy","Flying Knee"],"picked":"Endless Agony","floor":8.0},{"not_picked":["Dodge and Roll","Slice"],"picked":"Dash","floor":11.0},{"not_picked":["Underhanded Strike","Acrobatics"],"picked":"Corpse Explosion","floor":13.0},{"not_picked":["Venomology","Phantasmal Killer"],"picked":"Burst","floor":16.0},{"not_picked":["Choke","Dagger Throw","Backflip+1"],"picked":"SKIP","floor":18.0},{"not_picked":["Choke","Dagger Throw"],"picked":"Backflip+1","floor":18.0},{"not_picked":["Flechettes+1","Prepared+1","Heel Hook"],"picked":"SKIP","floor":22.0},{"not_picked":["Acrobatics","Caltrops","Heel Hook"],"picked":"SKIP","floor":23.0},{"not_picked":["Flying Knee","Dagger Spray","Tactician+1"],"picked":"SKIP","floor":25.0},{"not_picked":["Underhanded Strike+1","Poisoned Stab","Flechettes"],"picked":"SKIP","floor":28.0},{"not_picked":["Riddle With Holes","Footwork","Deflect+1"],"picked":"SKIP","floor":30.0},{"not_picked":["Sucker Punch","Outmaneuver+1"],"picked":"Escape Plan+1","floor":31.0}],"player_experience":492693,"relics_obtained":[{"floor":3.0,"key":"Shovel"},{"floor":6.0,"key":"Tiny Chest"},{"floor":7.0,"key":"Odd Mushroom"},{"floor":8.0,"key":"Akabeko"},{"floor":9.0,"key":"Juzu Bracelet"},{"floor":13.0,"key":"Matryoshka"},{"floor":15.0,"key":"Darkstone Periapt"},{"floor":21.0,"key":"Centennial Puzzle"},{"floor":23.0,"key":"MawBank"},{"floor":25.0,"key":"Mango"},{"floor":26.0,"key":"Strawberry"},{"floor":26.0,"key":"Blood Vial"},{"floor":28.0,"key":"Tingsha"},{"floor":29.0,"key":"Old Coin"},{"floor":29.0,"key":"Toxic Egg 2"},{"floor":31.0,"key":"Thread and Needle"},{"floor":32.0,"key":"Mercury Hourglass"}],"event_choices":[{"cards_removed":["Strike_G"],"damage_healed":0.0,"max_hp_gain":0.0,"max_hp_loss":0.0,"gold_gain":0.0,"event_name":"Golden Wing","player_choice":"Card Removal","floor":4.0,"gold_loss":0.0,"damage_taken":7.0},{"damage_healed":0.0,"max_hp_gain":0.0,"max_hp_loss":0.0,"gold_gain":0.0,"event_name":"Scrap Ooze","player_choice":"Success","floor":5.0,"gold_loss":0.0,"damage_taken":5.0,"relics_obtained":["Nunchaku"]},{"damage_healed":0.0,"max_hp_gain":0.0,"max_hp_loss":0.0,"gold_gain":0.0,"event_name":"Mushrooms","player_choice":"Fought Mushrooms","floor":7.0,"gold_loss":0.0,"damage_taken":0.0},{"cards_removed":["Endless Agony"],"damage_healed":0.0,"max_hp_gain":0.0,"max_hp_loss":0.0,"gold_gain":0.0,"event_name":"Living Wall","player_choice":"Forget","floor":12.0,"gold_loss":0.0,"damage_taken":0.0},{"damage_healed":0.0,"max_hp_gain":0.0,"max_hp_loss":0.0,"gold_gain":0.0,"event_name":"Vampires","player_choice":"Ignored","floor":20.0,"gold_loss":0.0,"damage_taken":0.0},{"damage_healed":0.0,"max_hp_gain":0.0,"max_hp_loss":44.0,"gold_gain":0.0,"event_name":"Ghosts","player_choice":"Became a Ghost","floor":27.0,"gold_loss":0.0,"damage_taken":0.0,"cards_obtained":["Ghostly","Ghostly","Ghostly"]},{"damage_healed":0.0,"max_hp_gain":0.0,"max_hp_loss":0.0,"gold_gain":0.0,"event_name":"Colosseum","player_choice":"Fight","floor":29.0,"gold_loss":0.0,"damage_taken":0.0},{"damage_healed":0.0,"max_hp_gain":0.0,"max_hp_loss":0.0,"gold_gain":0.0,"event_name":"Colosseum","player_choice":"Fought Nobs","floor":29.0,"gold_loss":0.0,"damage_taken":0.0}],"is_beta":false,"boss_relics":[{"not_picked":["Ring of the Serpent","Pandora\u0027s Box"],"picked":"Astrolabe"}],"items_purged_floors":[14,19],"is_endless":false,"potions_floor_spawned":[1,7,13,16,28,29,29,30],"killed_by":"Champ","ascension_level":17}}