{"host":"0ghi9uxs64f8c30g","time":1614110798,"event":{"mods":["BaseMod","Minty Spire (QoL Compilation)","StSLib"],"gold_per_floor":[116,41,57,7,22,22,32,32,32,96,128,128,153,171,171,268,268,282,297,9,25,25,25],"floor_reached":22,"language":"ENG","playtime":1255,"items_purged":["Strike_R","Strike_R"],"score":265,"play_id":"9101c83c-3ce5-4496-b006-36b53c83cec6","local_time":"20210223210638","is_ascension_mode":true,"campfire_choices":[{"data":"Rampage","floor":6.0,"key":"SMITH"},{"data":"Dramatic Entrance","floor":8.0,"key":"SMITH"},{"floor":15.0,"key":"REST"}],"circlet_count":0,"master_deck":["Strike_R","Strike_R","Strike_R","Defend_R","Defend_R","Defend_R","Bash","Dramatic Entrance+1","Heavy Blade","Armaments","Rampage+1","Shrug It Off","True Grit+1","Battle Trance","Barricade","CurseOfTheBell","Whirlwind","Pommel Strike","Apotheosis"],"relics":["Burning Blood","Calipers","Ginger","Question Card","Peace Pipe","Calling Bell","Shovel","Mercury Hourglass","Boot"],"acts_visited":["Exordium","TheCity"],"potions_floor_usage":[22],"damage_taken":[{"damage":9.0,"enemies":"Jaw Worm","floor":1.0,"turns":3.0},{"damage":0.0,"enemies":"Small Slimes","floor":3.0,"turns":2.0},{"damage":0.0,"enemies":"Cultist","floor":5.0,"turns":3.0},{"damage":7.0,"enemies":"Looter","floor":7.0,"turns":3.0},{"damage":22.0,"enemies":"3 Sentries","floor":10.0,"turns":7.0},{"damage":10.0,"enemies":"3 Sentries","floor":11.0,"turns":6.0},{"damage":55.0,"enemies":"Lagavulin","floor":13.0,"turns":7.0},{"damage":0.0,"enemies":"3 Louse","floor":14.0,"turns":2.0},{"damage":28.0,"enemies":"The Guardian","floor":16.0,"turns":9.0},{"damage":7.0,"enemies":"Chosen","floor":18.0,"turns":4.0},{"damage":30.0,"enemies":"Spheric Guardian","floor":19.0,"turns":4.0},{"damage":36,"enemies":"Cultist and Chosen","floor":21,"turns":7},{"damage":17,"enemies":"Centurion and Healer","floor":22,"turns":2}],"seed_played":"-6618740034057300550","potions_obtained":[{"floor":3.0,"key":"AttackPotion"},{"floor":10.0,"key":"Strength Potion"},{"floor":13.0,"key":"BlessingOfTheForge"},{"floor":14.0,"key":"SpeedPotion"}],"is_trial":false,"path_per_floor":["M","$","M","?","M","R","M","R","T","?","E","?","E","M","R","B",null,"M","M","$","M","M"],"character_chosen":"IRONCLAD","items_purchased":["Apotheosis"],"campfire_rested":1,"item_purchase_floors":[20],"current_hp_per_floor":[69,69,75,75,80,80,79,79,79,63,59,59,10,16,40,18,65,64,40,40,10,0,0],"gold":25,"neow_bonus":"RANDOM_COLORLESS","is_daily":false,"chose_seed":false,"campfire_upgraded":2,"win_rate":0.0,"timestamp":1614110798,"path_taken":["M","$","M","?","M","R","M","R","T","?","E","?","E","M","R","BOSS","M","M","$","?","M"],"items_purchased_type":["Card"],"build_version":"2020-12-22","purchased_purges":2,"victory":false,"max_hp_per_floor":[80,80,80,80,80,80,80,80,80,80,80,80,80,80,80,80,80,80,80,80,80,80,80],"card_choices":[{"not_picked":["Forethought","Flash of Steel"],"picked":"Dramatic Entrance","floor":0.0},{"not_picked":["Havoc","Headbutt"],"picked":"Heavy Blade","floor":1.0},{"not_picked":["Intimidate","Wild Strike"],"picked":"Armaments","floor":3.0},{"not_picked":["Fire Breathing","Combust"],"picked":"Rampage","floor":5.0},{"not_picked":["Intimidate","Warcry"],"picked":"Shrug It Off","floor":7.0},{"not_picked":["Headbutt","Perfected Strike"],"picked":"True Grit","floor":10.0},{"not_picked":["Clothesline","Thunderclap","Evolve"],"picked":"SKIP","floor":11.0},{"not_picked":["Reckless Charge","Sword Boomerang","Entrench","Heavy Blade"],"picked":"SKIP","floor":13.0},{"not_picked":["Flex","True Grit","Warcry"],"picked":"Battle Trance","floor":14.0},{"not_picked":["Berserk","Fiend Fire","Juggernaut"],"picked":"Barricade","floor":16.0},{"not_picked":["Flex","Cleave+1","Anger"],"picked":"Whirlwind","floor":18.0},{"not_picked":["Cleave+1","Feel No Pain+1","Havoc"],"picked":"Pommel Strike","floor":19.0},{"not_picked":["Havoc","Clothesline","Flex","Wild Strike"],"picked":"SKIP","floor":21}],"player_experience":214589,"relics_obtained":[{"floor":9.0,"key":"Calipers"},{"floor":10.0,"key":"Ginger"},{"floor":11.0,"key":"Question Card"},{"floor":13.0,"key":"Peace Pipe"},{"floor":17.0,"key":"Shovel"},{"floor":17.0,"key":"Mercury Hourglass"},{"floor":17.0,"key":"Boot"}],"event_choices":[{"cards_removed":["Defend_R"],"damage_healed":0.0,"max_hp_gain":0.0,"max_hp_loss":0.0,"gold_gain":0.0,"event_name":"The Cleric","player_choice":"Card Removal","floor":4.0,"gold_loss":50.0,"damage_taken":0.0},{"damage_healed":0.0,"max_hp_gain":0.0,"max_hp_loss":0.0,"gold_gain":0.0,"event_name":"Dead Adventurer","player_choice":"Searched \u00271\u0027 times","floor":10.0,"gold_loss":0.0,"damage_taken":0.0},{"damage_healed":0.0,"max_hp_gain":0.0,"max_hp_loss":0.0,"gold_gain":0.0,"event_name":"Accursed Blacksmith","player_choice":"Forge","floor":12.0,"gold_loss":0.0,"damage_taken":0.0,"cards_upgraded":["True Grit"]}],"is_beta":false,"boss_relics":[{"not_picked":["Snecko Eye","Runic Pyramid"],"picked":"Calling Bell"}],"items_purged_floors":[2,20],"is_endless":false,"potions_floor_spawned":[3,10,13,14,16,19],"killed_by":"Centurion and Healer","ascension_level":7}}