{"host":"5mo0809oo9tcrmpl","time":1614124777,"event":{"mods":["BaseMod","Highlight Path","Minty Spire (QoL Compilation)","Relic Stats","Slay the Relics Exporter"],"gold_per_floor":[116,41,55,55,69,101,101,136,136,136,153,98,177,210,210,287,287,307,317,317,2,13,43,43,68,68,68,68,78,107,127,127,203,203,221,236,261,271,1,1,32,32,32,32,32,45,71,71,71,71,71],"floor_reached":50,"language":"ENG","playtime":2960,"items_purged":["Strike_G"],"score":1237,"play_id":"2548e0fb-40c5-46e4-84db-5d87a99e6d8d","local_time":"20210223175937","is_ascension_mode":true,"campfire_choices":[{"data":"Noxious Fumes","floor":7.0,"key":"SMITH"},{"data":"Neutralize","floor":10.0,"key":"SMITH"},{"data":"Dagger Spray","floor":15.0,"key":"SMITH"},{"floor":24.0,"key":"REST"},{"data":"Noxious Fumes","floor":28.0,"key":"SMITH"},{"floor":32.0,"key":"REST"},{"floor":40.0,"key":"REST"},{"floor":45.0,"key":"REST"},{"floor":49.0,"key":"RECALL"}],"circlet_count":0,"master_deck":["AscendersBane","Strike_G","Strike_G","Defend_G","Defend_G","Defend_G","Defend_G","Survivor","Neutralize+1","Noxious Fumes+1","Dash","Poisoned Stab","Leg Sweep","Backstab","Deadly Poison","Dagger Spray+1","Storm of Steel","Backflip","Noxious Fumes+1","Bullet Time","Blur","Shame","Deflect","Adrenaline","Backflip+1","Envenom","Caltrops","Noxious Fumes+1","Backflip","Calculated Gamble","Doubt","Crippling Poison","Footwork+1","Footwork+1"],"relics":["Ring of the Snake","Lantern","Pear","HornCleat","White Beast Statue","Orichalcum","Cursed Key","Boot","Ice Cream","PreservedInsect","Question Card","Anchor","Fusion Hammer","WingedGreaves","Eternal Feather","Tingsha","Calipers"],"acts_visited":["Exordium","TheCity","TheBeyond"],"potions_floor_usage":[50,50],"damage_taken":[{"damage":0.0,"enemies":"2 Louse","floor":1.0,"turns":5.0},{"damage":0.0,"enemies":"Jaw Worm","floor":3.0,"turns":5.0},{"damage":0.0,"enemies":"Cultist","floor":5.0,"turns":3.0},{"damage":24.0,"enemies":"3 Sentries","floor":6.0,"turns":9.0},{"damage":20.0,"enemies":"Lagavulin","floor":8.0,"turns":7.0},{"damage":0.0,"enemies":"Blue Slaver","floor":11.0,"turns":3.0},{"damage":16.0,"enemies":"3 Sentries","floor":14.0,"turns":9.0},{"damage":14.0,"enemies":"Slime Boss","floor":16.0,"turns":9.0},{"damage":12.0,"enemies":"Spheric Guardian","floor":18.0,"turns":4.0},{"damage":3.0,"enemies":"Chosen","floor":19.0,"turns":4.0},{"damage":8.0,"enemies":"Snecko","floor":22.0,"turns":5.0},{"damage":13.0,"enemies":"Gremlin Leader","floor":23.0,"turns":7.0},{"damage":16.0,"enemies":"Book of Stabbing","floor":25.0,"turns":6.0},{"damage":12.0,"enemies":"Cultist and Chosen","floor":29.0,"turns":6.0},{"damage":2.0,"enemies":"Slavers","floor":30.0,"turns":4.0},{"damage":0.0,"enemies":"Centurion and Healer","floor":31.0,"turns":7.0},{"damage":45.0,"enemies":"Champ","floor":33.0,"turns":12.0},{"damage":7.0,"enemies":"3 Darklings","floor":35.0,"turns":7.0},{"damage":11.0,"enemies":"3 Shapes","floor":36.0,"turns":7.0},{"damage":0.0,"enemies":"Mind Bloom Boss Battle","floor":37.0,"turns":7.0},{"damage":29.0,"enemies":"Spire Growth","floor":38.0,"turns":6.0},{"damage":24.0,"enemies":"Nemesis","floor":41.0,"turns":7.0},{"damage":8.0,"enemies":"Giant Head","floor":44.0,"turns":5.0},{"damage":18.0,"enemies":"Writhing Mass","floor":46.0,"turns":7.0},{"damage":27.0,"enemies":"Reptomancer","floor":47.0,"turns":5.0},{"damage":52,"enemies":"Awakened One","floor":50,"turns":4}],"seed_played":"1887597261536359328","potions_obtained":[{"floor":1.0,"key":"LiquidBronze"},{"floor":6.0,"key":"FairyPotion"},{"floor":14.0,"key":"Poison Potion"},{"floor":16.0,"key":"Weak Potion"},{"floor":18.0,"key":"DistilledChaos"},{"floor":19.0,"key":"CultistPotion"},{"floor":25.0,"key":"PowerPotion"},{"floor":29.0,"key":"Strength Potion"},{"floor":30.0,"key":"SpeedPotion"},{"floor":31.0,"key":"SkillPotion"},{"floor":33.0,"key":"FearPotion"},{"floor":35.0,"key":"Poison Potion"},{"floor":36.0,"key":"Block Potion"},{"floor":38.0,"key":"SteroidPotion"},{"floor":41.0,"key":"SmokeBomb"},{"floor":46.0,"key":"Weak Potion"}],"is_trial":false,"path_per_floor":["M","?","M","?","M","E","R","E","T","R","M","?","T","E","R","B",null,"M","M","?","$","M","E","R","E","T","?","R","M","E","M","R","B",null,"M","M","?","M","$","R","E","?","T","E","R","M","E","?","R","B"],"character_chosen":"THE_SILENT","items_purchased":["Boot","Noxious Fumes","Eternal Feather"],"campfire_rested":4,"item_purchase_floors":[21,21,39],"current_hp_per_floor":[65,65,65,65,65,41,41,31,31,31,31,31,31,15,15,1,62,50,47,47,47,39,26,50,34,34,10,10,26,24,24,50,5,67,60,49,49,20,20,61,37,37,37,29,73,55,28,28,46,0,0],"gold":71,"neow_bonus":"TEN_PERCENT_HP_BONUS","is_daily":false,"chose_seed":false,"campfire_upgraded":4,"win_rate":0.0,"timestamp":1614124777,"path_taken":["M","?","M","?","M","E","R","E","T","R","?","?","?","E","R","BOSS","M","M","?","$","?","E","R","E","T","?","R","M","E","M","R","BOSS","M","M","?","M","$","R","E","?","T","E","R","M","E","?","R","BOSS"],"items_purchased_type":["Relic","Card","Relic"],"build_version":"2020-12-22","purchased_purges":1,"victory":false,"max_hp_per_floor":[72,72,72,72,72,72,72,82,82,82,82,82,82,82,82,82,82,82,82,82,82,82,82,82,82,82,87,87,87,87,87,87,87,87,87,87,87,87,87,87,87,87,87,87,87,87,87,87,87,87,87],"relic_stats":{"counters":[26,160],"Eternal Feather":51,"Tingsha":[54],"PreservedInsect":280,"Orichalcum":[144],"Cursed Key":2,"Boot":[99],"Question Card":12,"obtain_stats":[{"Ice Cream":23,"Lantern":6,"Pear":8,"Calipers":47,"Eternal Feather":39,"Tingsha":41,"PreservedInsect":25,"Orichalcum":14,"Cursed Key":17,"Boot":21,"Question Card":26,"White Beast Statue":13,"Anchor":30,"HornCleat":9,"Fusion Hammer":34,"WingedGreaves":37,"Ring of the Snake":0},{"Ice Cream":12,"Lantern":4,"Pear":5,"Calipers":25,"Eternal Feather":21,"Tingsha":22,"PreservedInsect":13,"Orichalcum":7,"Cursed Key":8,"Boot":10,"Question Card":13,"White Beast Statue":6,"Anchor":15,"HornCleat":5,"Fusion Hammer":17,"WingedGreaves":20,"Ring of the Snake":0},{"Ice Cream":70,"Lantern":22,"Pear":29,"Calipers":156,"Eternal Feather":132,"Tingsha":139,"PreservedInsect":76,"Orichalcum":41,"Cursed Key":50,"Boot":58,"Question Card":76,"White Beast Statue":32,"Anchor":86,"HornCleat":29,"Fusion Hammer":105,"WingedGreaves":126,"Ring of the Snake":0}],"Ring of the Snake":[52]},"card_choices":[{"not_picked":["Flechettes","Acrobatics"],"picked":"Noxious Fumes","floor":1.0},{"not_picked":["Dodge and Roll","Prepared"],"picked":"Dash","floor":3.0},{"not_picked":["Outmaneuver","Backflip"],"picked":"Poisoned Stab","floor":5.0},{"not_picked":["Finisher","Cloak And Dagger"],"picked":"Leg Sweep","floor":6.0},{"not_picked":["Phantasmal Killer","Escape Plan"],"picked":"Backstab","floor":8.0},{"not_picked":["Prepared","Blade Dance"],"picked":"Deadly Poison","floor":11.0},{"not_picked":["Flying Knee","Finisher"],"picked":"Dagger Spray","floor":14.0},{"not_picked":["Tools of the Trade","Envenom"],"picked":"Storm of Steel","floor":16.0},{"not_picked":["Bane","Choke"],"picked":"Backflip","floor":18.0},{"not_picked":["Quick Slash","Dash","Slice"],"picked":"SKIP","floor":19.0},{"not_picked":["Deflect","Dodge and Roll"],"picked":"Bullet Time","floor":22.0},{"not_picked":["Flying Knee","Expertise","Deflect"],"picked":"SKIP","floor":23.0},{"not_picked":["Flying Knee","Deflect"],"picked":"Blur","floor":25.0},{"not_picked":["Deadly Poison","Quick Slash","All Out Attack"],"picked":"Deflect","floor":29.0},{"not_picked":["Poisoned Stab","Dagger Spray","Dodge and Roll"],"picked":"Adrenaline","floor":30.0},{"not_picked":["Dagger Spray","Dodge and Roll","Blade Dance"],"picked":"Backflip+1","floor":31.0},{"not_picked":["Doppelganger","Grand Finale","A Thousand Cuts"],"picked":"Envenom","floor":33.0},{"not_picked":["Crippling Poison","Outmaneuver","Bane"],"picked":"Caltrops","floor":35.0},{"not_picked":["Heel Hook","Dodge and Roll","Flechettes"],"picked":"Noxious Fumes+1","floor":36.0},{"not_picked":["Cloak And Dagger","PiercingWail","Dodge and Roll"],"picked":"Backflip","floor":37.0},{"not_picked":["Flying Knee","Underhanded Strike","Accuracy","Acrobatics"],"picked":"SKIP","floor":38.0},{"not_picked":["Endless Agony","Escape Plan+1","Concentrate"],"picked":"Calculated Gamble","floor":41.0},{"not_picked":["Acrobatics+1","Outmaneuver","Dagger Spray"],"picked":"Crippling Poison","floor":46.0},{"not_picked":["Heel Hook","Skewer+1","Blade Dance"],"picked":"Footwork+1","floor":47.0}],"player_experience":1312594,"relics_obtained":[{"floor":6.0,"key":"Lantern"},{"floor":8.0,"key":"Pear"},{"floor":9.0,"key":"HornCleat"},{"floor":13.0,"key":"White Beast Statue"},{"floor":14.0,"key":"Orichalcum"},{"floor":23.0,"key":"Ice Cream"},{"floor":25.0,"key":"PreservedInsect"},{"floor":26.0,"key":"Question Card"},{"floor":30.0,"key":"Anchor"},{"floor":37.0,"key":"WingedGreaves"},{"floor":41.0,"key":"Tingsha"},{"floor":47.0,"key":"Calipers"}],"event_choices":[{"cards_removed":["Strike_G"],"damage_healed":0.0,"max_hp_gain":0.0,"max_hp_loss":0.0,"gold_gain":0.0,"event_name":"The Cleric","player_choice":"Card Removal","floor":2.0,"gold_loss":75.0,"damage_taken":0.0},{"cards_removed":["Defend_G"],"damage_healed":0.0,"max_hp_gain":0.0,"max_hp_loss":0.0,"gold_gain":0.0,"event_name":"Purifier","player_choice":"Purged","floor":4.0,"gold_loss":0.0,"damage_taken":0.0},{"damage_healed":0.0,"max_hp_gain":0.0,"max_hp_loss":0.0,"gold_gain":0.0,"event_name":"World of Goop","player_choice":"Left Gold","floor":12.0,"gold_loss":55.0,"damage_taken":0.0},{"cards_removed":["Strike_G"],"damage_healed":0.0,"max_hp_gain":0.0,"max_hp_loss":0.0,"gold_gain":0.0,"event_name":"Purifier","player_choice":"Purged","floor":20.0,"gold_loss":0.0,"damage_taken":0.0},{"damage_healed":0.0,"max_hp_gain":5.0,"max_hp_loss":0.0,"gold_gain":0.0,"event_name":"Forgotten Altar","player_choice":"Shed Blood","floor":27.0,"gold_loss":0.0,"damage_taken":29.0},{"damage_healed":0.0,"max_hp_gain":0.0,"max_hp_loss":0.0,"gold_gain":0.0,"event_name":"MindBloom","player_choice":"Fight","floor":37.0,"gold_loss":0.0,"damage_taken":0.0},{"damage_healed":0.0,"max_hp_gain":0.0,"max_hp_loss":0.0,"gold_gain":0.0,"event_name":"SensoryStone","player_choice":"Memory 1","floor":42.0,"gold_loss":0.0,"damage_taken":0.0},{"damage_healed":0.0,"max_hp_gain":0.0,"max_hp_loss":0.0,"gold_gain":0.0,"event_name":"Duplicator","player_choice":"Copied","floor":48.0,"gold_loss":0.0,"damage_taken":0.0,"cards_obtained":["Footwork"]}],"is_beta":false,"boss_relics":[{"not_picked":["Pandora\u0027s Box","Black Star"],"picked":"Cursed Key"},{"not_picked":["WristBlade","SacredBark"],"picked":"Fusion Hammer"}],"items_purged_floors":[21],"is_endless":false,"potions_floor_spawned":[1,6,14,16,18,19,22,23,25,29,30,31,33,35,36,37,38,41,44,46,47],"killed_by":"Awakened One","ascension_level":20}}