{"host":"zcytydgb505ghzux","time":1614109296,"event":{"mods":["Act Like it!","BaseMod","Colored Powertips","Downfall","Halation","Highlight Path","Hubris","Infinite Spire","Jorbs\u0027s Wanderer Trilogy","Marisa????????","Minty Spire (QoL Compilation)","Replay The Spire","StSLib","The Construct","The Mystic","The Wild Card"],"gold_per_floor":[114,114,114,128,128,128,151,151,161,181,181,181,227,242,242,256,256,357,357,367,367,417,434,451,451,470,470,523,549,566,566,566,586,586,681,681,699,711,711,711],"floor_reached":39,"language":"ENG","playtime":2576,"items_purged":["Zap"],"score":393,"play_id":"c9d37a08-790f-4839-bd3e-bac7c5163767","local_time":"20210223144136","is_ascension_mode":false,"campfire_choices":[{"floor":8,"key":"REST"},{"floor":25,"key":"REST"},{"floor":27,"key":"REST"},{"floor":31,"key":"REST"},{"floor":34,"key":"REST"}],"circlet_count":0,"master_deck":["Strike_B","Strike_B","Defend_B","Defend_B","Defend_B","Defend_B","Dualcast","Conserve Battery","Sweeping Beam","infinitespire:Menacing","Barrage","Conserve Battery","Coolheaded+1","Cold Snap","ReplayGash","Skim","Crystallizer","infinitespire:Starlight","Gash","Gash","Gash","ReplaySolidLightProjector","Stack","Leap+1","Sweeping Beam+1","Go for the Eyes","Streamline","Beam Cell","Fission","BasicCrystalCard+1","ReplayGash"],"relics":["Cracked Core","halation:BlueSoulGem","Odd Mushroom","hubris:MysteriousPyramids","Boot","Prayer Wheel","infinitespire:Lucky Rock","halation:AfternoonTea","hubris:Stopwatch"],"acts_visited":["Exordium","TheCity","TheBeyond"],"potions_floor_usage":[18,24,30,35,38],"damage_taken":[{"damage":0,"enemies":"Cultist","floor":1,"turns":3},{"damage":0,"enemies":"2 Louse","floor":4,"turns":3},{"damage":24,"enemies":"The Mushroom Lair","floor":7,"turns":5},{"damage":0,"enemies":"Small Slimes","floor":9,"turns":3},{"damage":6,"enemies":"3 Louse","floor":10,"turns":3},{"damage":6,"enemies":"Large Slime","floor":14,"turns":5},{"damage":5,"enemies":"Blue Slaver","floor":16,"turns":3},{"damage":24,"enemies":"Hexaghost","floor":18,"turns":13},{"damage":23,"enemies":"Spheric Guardian","floor":20,"turns":6},{"damage":28,"enemies":"3 Byrds","floor":23,"turns":7},{"damage":21,"enemies":"Sentry and Sphere","floor":24,"turns":8},{"damage":26,"enemies":"Snake Plant","floor":26,"turns":6},{"damage":56,"enemies":"Gremlin Leader","floor":29,"turns":12},{"damage":2,"enemies":"Centurion and Healer","floor":30,"turns":8},{"damage":18,"enemies":"Cultist and Chosen","floor":33,"turns":7},{"damage":57,"enemies":"Collector","floor":35,"turns":13},{"damage":18,"enemies":"3 Shapes","floor":37,"turns":4},{"damage":25,"enemies":"3 Darklings","floor":38,"turns":9},{"damage":46,"enemies":"Sphere and 2 Shapes","floor":39,"turns":7}],"seed_played":"-1818173946987502976","potions_obtained":[{"floor":4,"key":"FocusPotion"},{"floor":14,"key":"Explosive Potion"},{"floor":16,"key":"Fire Potion"},{"floor":18,"key":"ColorlessPotion"},{"floor":20,"key":"LifebloodPotion"},{"floor":26,"key":"PowerPotion"},{"floor":33,"key":"Explosive Potion"}],"is_trial":false,"path_per_floor":["M","?","?","M","PTL","PTL","?","R","M","M","T","?","T","M","?","M","R","B",null,"M","AVR","?","M","M","R","M","R","T","E","M","R","$","M","R","B",null,"M","M","M"],"character_chosen":"DEFECT","items_purchased":[],"campfire_rested":5,"item_purchase_floors":[],"current_hp_per_floor":[75,75,57,57,57,57,33,55,55,49,49,42,42,36,36,31,53,29,75,52,52,52,34,23,45,29,51,51,5,13,35,35,42,64,32,75,57,42,0,0],"gold":711,"neow_bonus":"THREE_CARDS","is_daily":false,"chose_seed":false,"campfire_upgraded":0,"win_rate":0.0,"timestamp":1614109296,"path_taken":["M","?","?","M","PTL","PTL","?","R","M","M","T","?","?","?","?","M","R","BOSS","M","AVR","?","?","M","R","M","R","T","E","M","R","?","M","R","BOSS","M","?","?"],"items_purchased_type":[],"build_version":"2020-12-22","purchased_purges":1,"victory":false,"max_hp_per_floor":[75,75,75,75,75,75,75,75,75,75,75,75,75,75,75,75,75,75,75,75,75,75,75,75,75,75,75,75,75,75,75,75,75,75,75,75,75,75,75,75],"card_choices":[{"not_picked":["Streamline","Storm"],"picked":"Conserve Battery","floor":0},{"not_picked":["Conserve Battery","Force Field"],"picked":"Sweeping Beam","floor":1},{"not_picked":["infinitespire:DeathsTouch","infinitespire:FinalStrike"],"picked":"infinitespire:Menacing","floor":3},{"not_picked":["Streamline","Steam Power"],"picked":"Barrage","floor":4},{"not_picked":["Redo","Sweeping Beam"],"picked":"Conserve Battery","floor":7},{"not_picked":["Hologram","Rip and Tear"],"picked":"Coolheaded","floor":9},{"not_picked":["Ball Lightning","hubris:Ukulele"],"picked":"Cold Snap","floor":10},{"not_picked":["Gash","Stack"],"picked":"ReplayGash","floor":14},{"not_picked":["Amplify","Glacier"],"picked":"Skim","floor":16},{"not_picked":["Seek","Buffer"],"picked":"ReplayTheSpireMod:Fabricate Wheel","floor":18},{"not_picked":["Lockon+1","Hologram+1"],"picked":"Crystallizer","floor":20},{"not_picked":["Redo","Streamline"],"picked":"Gash","floor":23},{"not_picked":["Conserve Battery","Thunder Strike"],"picked":"Gash","floor":23},{"not_picked":["Hologram","Aggregate"],"picked":"Gash","floor":24},{"not_picked":["Glacier+1","BasicCrystalCard"],"picked":"ReplaySolidLightProjector","floor":24},{"not_picked":["Steam","Barrage"],"picked":"Stack","floor":26},{"not_picked":["Machine Learning","Steam"],"picked":"Leap+1","floor":26},{"not_picked":["Auto Shields","Double Energy"],"picked":"Sweeping Beam+1","floor":29},{"not_picked":["Force Field+1","Ball Lightning+1"],"picked":"Go for the Eyes","floor":30},{"not_picked":["Stack","Loop"],"picked":"Streamline","floor":30},{"not_picked":["Leap","Conserve Battery"],"picked":"Beam Cell","floor":33},{"not_picked":["Barrage","Tempest","Hologram"],"picked":"SKIP","floor":33},{"not_picked":["Barrage","Tempest","Hologram"],"picked":"SKIP","floor":33},{"not_picked":["Electrodynamics","Amplify"],"picked":"Fission","floor":35},{"not_picked":["Stack","Sweeping Beam"],"picked":"BasicCrystalCard+1","floor":37},{"not_picked":["Coolheaded+1","Reprogram","Cold Snap+1"],"picked":"SKIP","floor":37},{"not_picked":["Cold Snap+1","Fusion"],"picked":"ReplayGash","floor":38},{"not_picked":["Stack","ReplaySort","Hologram"],"picked":"SKIP","floor":38}],"player_experience":75385,"relics_obtained":[{"floor":7,"key":"Odd Mushroom"},{"floor":11,"key":"hubris:MysteriousPyramids"},{"floor":13,"key":"Boot"},{"floor":28,"key":"infinitespire:Lucky Rock"},{"floor":29,"key":"halation:AfternoonTea"}],"event_choices":[{"damage_healed":0,"gold_gain":0,"player_choice":"Fought Mushrooms","damage_taken":0,"max_hp_gain":0,"max_hp_loss":0,"event_name":"Mushrooms","floor":7,"gold_loss":0},{"cards_removed":["Strike_B"],"damage_healed":0,"gold_gain":0,"player_choice":"Card Removal","damage_taken":7,"max_hp_gain":0,"max_hp_loss":0,"event_name":"Golden Wing","floor":12,"gold_loss":0},{"cards_removed":["Strike_B"],"damage_healed":0,"gold_gain":0,"player_choice":"Forget","damage_taken":0,"max_hp_gain":0,"max_hp_loss":0,"event_name":"Living Wall","floor":15,"gold_loss":0},{"damage_healed":0,"gold_gain":100,"player_choice":"Bet on Murderer","damage_taken":0,"max_hp_gain":0,"max_hp_loss":0,"event_name":"The Joust","floor":22,"gold_loss":50}],"is_beta":false,"boss_relics":[{"not_picked":["ChewingGum","Coffee Dripper","halation:SmartPhone"]},{"not_picked":["Snecko Eye","bronze:MakeshiftBattery"],"picked":"hubris:Stopwatch"}],"items_purged_floors":[21],"is_endless":false,"potions_floor_spawned":[4,14,16,18,20,23,26,33],"killed_by":"Sphere and 2 Shapes","ascension_level":0}}