{"host":"df48i9djcn92c5sx","time":1614089187,"event":{"mods":["Act Like it!","Arknights","BaseMod","Decade(王小明)","Downfall","Gensokyo","Marisa（F雨　魔理沙）","Minty Spire (QoL Compilation)","READ ME - Guardian Mod","READ ME - Snecko Mod","Reimu（博丽灵梦）","Remilia（蕾米莉亚）","Shop Mod","StSLib","The Jungle","The Servant 0.9.4"],"gold_per_floor":[109,109,109,122,122,122,152,152,198,210,222,222,3,18,18,96,96,108,108,122,136,153,153,186,6,61,61,72,72,98,148,148,222,222,239,250,250,250,89,89,123,148,148,148,168,523,336,356,356,356],"floor_reached":51,"language":"ZHS","playtime":1536,"items_purged":["Strike_B","Wraith"],"score":1358,"play_id":"ac54e637-8fad-4406-a3ed-54c6241f0a5a","local_time":"20210223220627","is_ascension_mode":true,"campfire_choices":[{"data":"Electrodynamics","floor":6.0,"key":"SMITH"},{"data":"Self Repair","floor":8.0,"key":"SMITH"},{"data":"Reinforced Body","floor":12.0,"key":"SMITH"},{"data":"Streamline","floor":15.0,"key":"SMITH"},{"data":"Multi-Cast","floor":23.0,"key":"SMITH"},{"data":"Defragment","floor":27.0,"key":"SMITH"},{"data":"Go for the Eyes","floor":29.0,"key":"SMITH"},{"data":"Zap","floor":32.0,"key":"SMITH"},{"data":"Seek","floor":40,"key":"SMITH"},{"data":"Defragment","floor":44,"key":"SMITH"},{"data":"Defragment","floor":49,"key":"SMITH"}],"circlet_count":0,"master_deck":["AscendersBane","Strike_B","Defend_B","Defend_B","Defend_B","Defend_B+1","Zap+1","Dualcast","Conserve Battery+1","Electrodynamics+1","Self Repair+1","FTL","Reinforced Body+1","Go for the Eyes+1","Streamline+1","Multi-Cast+1","Defragment+1","Ball Lightning","Leap","Seek+1","Defragment+1","Secret Technique","Defragment+1"],"relics":["Cracked Core","NeowsBlessing","HornCleat","Lantern","Chemical X","Busted Crown","CrazyTorch:ReiMu","Pen Nib","Dead Branch","expansioncontent:StudyCardRelic","Runic Capacitor","bronze:BronzeIdol","Unceasing Top","Ornamental Fan","Old Coin"],"acts_visited":["Exordium","TheCity","TheBeyond"],"potions_floor_usage":[41,48,50],"damage_taken":[{"damage":0.0,"enemies":"Jaw Worm","floor":1.0,"turns":1.0},{"damage":0.0,"enemies":"2 Louse","floor":4.0,"turns":1.0},{"damage":0.0,"enemies":"3 Sentries","floor":7.0,"turns":1.0},{"damage":0.0,"enemies":"Cultist","floor":10.0,"turns":3.0},{"damage":0.0,"enemies":"Blue Slaver","floor":11.0,"turns":3.0},{"damage":0.0,"enemies":"Red Slaver","floor":14.0,"turns":3.0},{"damage":28.0,"enemies":"Slime Boss","floor":16.0,"turns":9.0},{"damage":8.0,"enemies":"2 Thieves","floor":18.0,"turns":4.0},{"damage":0.0,"enemies":"Shell Parasite","floor":20.0,"turns":3.0},{"damage":0.0,"enemies":"Snake Plant","floor":21.0,"turns":4.0},{"damage":11.0,"enemies":"Centurion and Healer","floor":22.0,"turns":5.0},{"damage":38.0,"enemies":"Book of Stabbing","floor":24.0,"turns":6.0},{"damage":17.0,"enemies":"Shelled Parasite and Fungi","floor":28.0,"turns":5.0},{"damage":0.0,"enemies":"Gremlin Leader","floor":30.0,"turns":3.0},{"damage":44.0,"enemies":"Champ","floor":33.0,"turns":10.0},{"damage":2.0,"enemies":"Orb Walker","floor":35.0,"turns":3.0},{"damage":0.0,"enemies":"3 Darklings","floor":36.0,"turns":2.0},{"damage":11,"enemies":"Reptomancer","floor":41,"turns":5},{"damage":11,"enemies":"Mind Bloom Boss Battle","floor":42,"turns":4},{"damage":0,"enemies":"Maw","floor":45,"turns":5},{"damage":7,"enemies":"2 Orb Walkers","floor":46,"turns":3},{"damage":17,"enemies":"Writhing Mass","floor":48,"turns":5},{"damage":36,"enemies":"Time Eater","floor":50,"turns":8}],"seed_played":"-6337109868724514261","potions_obtained":[{"floor":10.0,"key":"SteroidPotion"},{"floor":14.0,"key":"ZuzhouPotion:ReiMu"},{"floor":16.0,"key":"champ:CounterPotion"},{"floor":20.0,"key":"Block Potion"},{"floor":22.0,"key":"bronze:BurnAndBuffPotion"},{"floor":30.0,"key":"SteroidPotion"},{"floor":33.0,"key":"Dexterity Potion"},{"floor":42,"key":"Fire Potion"},{"floor":46,"key":"Guardian:BlockOnCardUsePotion"}],"is_trial":false,"path_per_floor":["M","?","?","M","?","R","E","R","T","M","M","R","$","M","R","B",null,"M","?","M","M","M","R","E","$","T","R","M","R","E","?","R","B",null,"M","M","?","?","$","R","E","?","T","R","M","?","$","M","R","B",null],"character_chosen":"DEFECT","items_purchased":["Go for the Eyes","Chemical X","Defragment","Ball Lightning","Runic Capacitor","Defragment"],"campfire_rested":0,"item_purchase_floors":[13,13,25,25,39,47],"current_hp_per_floor":[64,64,43,43,43,43,43,43,43,53,63,63,63,71,71,53,67,69,69,71,71,70,70,42,42,42,42,35,35,45,45,45,11,56,64,64,64,64,64,64,63,62,62,62,71,71,71,64,64,38],"gold":356,"neow_bonus":"THREE_ENEMY_KILL","is_daily":false,"chose_seed":false,"campfire_upgraded":11,"win_rate":0.0,"timestamp":1614089187,"path_taken":["M","?","?","M","?","R","E","R","T","?","M","R","$","M","R","BOSS","M","?","M","?","M","R","E","$","T","R","M","R","E","?","R","BOSS","M","M","?","?","$","R","E","?","T","R","M","?","?","M","R","BOSS"],"items_purchased_type":["Card","Relic","Card","Card","Relic","Card"],"build_version":"2020-12-22","purchased_purges":2,"victory":true,"max_hp_per_floor":[71,71,71,71,71,71,71,71,71,71,71,71,71,71,71,71,71,71,71,71,71,71,71,71,71,71,71,71,71,71,71,71,71,71,71,71,71,71,71,71,71,71,71,71,71,71,71,71,71,71],"card_choices":[{"not_picked":["Steam","Darkness"],"picked":"Conserve Battery","floor":1.0},{"not_picked":["Compile Driver","Redo","Blizzard"],"picked":"SKIP","floor":4.0},{"not_picked":["Force Field","Streamline"],"picked":"Self Repair","floor":7.0},{"not_picked":["Stack","Turbo"],"picked":"FTL","floor":10.0},{"not_picked":["Redo","Steam Power"],"picked":"Reinforced Body","floor":11.0},{"not_picked":["Stack","Force Field"],"picked":"Streamline","floor":14.0},{"not_picked":["Fission","Electrodynamics"],"picked":"Multi-Cast","floor":16.0},{"not_picked":["Compile Driver+1"],"picked":"SKIP","floor":18.0},{"not_picked":["Cold Snap"],"picked":"SKIP","floor":20.0},{"not_picked":["Blizzard+1"],"picked":"SKIP","floor":21.0},{"not_picked":["Coolheaded"],"picked":"SKIP","floor":22.0},{"not_picked":["Glacier"],"picked":"SKIP","floor":24.0},{"not_picked":["Skim"],"picked":"SKIP","floor":28.0},{"not_picked":[],"picked":"Leap","floor":30.0},{"not_picked":[],"picked":"Seek","floor":33.0},{"not_picked":["Storm"],"picked":"SKIP","floor":35.0},{"not_picked":[],"picked":"Defragment","floor":36.0},{"not_picked":[],"picked":"Secret Technique","floor":37.0},{"not_picked":["Ball Lightning+1"],"picked":"SKIP","floor":41},{"not_picked":["Hello World"],"picked":"SKIP","floor":45},{"not_picked":["Static Discharge"],"picked":"SKIP","floor":48}],"player_experience":1623373,"relics_obtained":[{"floor":7.0,"key":"HornCleat"},{"floor":9.0,"key":"Lantern"},{"floor":24.0,"key":"CrazyTorch:ReiMu"},{"floor":26.0,"key":"Pen Nib"},{"floor":30.0,"key":"Dead Branch"},{"floor":41,"key":"bronze:BronzeIdol"},{"floor":42,"key":"Unceasing Top"},{"floor":43,"key":"Ornamental Fan"},{"floor":46,"key":"Old Coin"}],"event_choices":[{"damage_healed":0.0,"max_hp_gain":0.0,"max_hp_loss":0.0,"gold_gain":0.0,"cards_transformed":["Strike_B"],"event_name":"Living Wall","player_choice":"Change","floor":2.0,"gold_loss":0.0,"damage_taken":0.0,"cards_obtained":["Electrodynamics"]},{"damage_healed":0.0,"max_hp_gain":0.0,"max_hp_loss":0.0,"gold_gain":0.0,"event_name":"Shining Light","player_choice":"Entered Light","floor":3.0,"gold_loss":0.0,"damage_taken":21.0,"cards_upgraded":["Conserve Battery","Defend_B"]},{"damage_healed":0.0,"max_hp_gain":0.0,"max_hp_loss":0.0,"gold_gain":0.0,"event_name":"Golden Wing","player_choice":"Ignored","floor":5.0,"gold_loss":0.0,"damage_taken":0.0},{"cards_removed":["Strike_B"],"damage_healed":0.0,"max_hp_gain":0.0,"max_hp_loss":0.0,"gold_gain":0.0,"event_name":"Bonfire Elementals","player_choice":"Offered Basic","floor":19.0,"gold_loss":0.0,"damage_taken":0.0},{"damage_healed":0.0,"max_hp_gain":0.0,"max_hp_loss":0.0,"gold_gain":50.0,"event_name":"Golden Shrine","player_choice":"Pray","floor":31.0,"gold_loss":0.0,"damage_taken":0.0},{"damage_healed":0.0,"max_hp_gain":0.0,"max_hp_loss":0.0,"gold_gain":0.0,"event_name":"SensoryStone","player_choice":"Memory 1","floor":37.0,"gold_loss":0.0,"damage_taken":0.0},{"damage_healed":0.0,"max_hp_gain":0.0,"max_hp_loss":0.0,"gold_gain":0.0,"event_name":"OrinTheCat","player_choice":"Ignored","floor":38.0,"gold_loss":0.0,"damage_taken":0.0},{"damage_healed":0,"gold_gain":0,"player_choice":"Fight","damage_taken":0,"max_hp_gain":0,"max_hp_loss":0,"event_name":"MindBloom","floor":42,"gold_loss":0},{"damage_healed":0,"gold_gain":0,"player_choice":"Fight","damage_taken":0,"max_hp_gain":0,"max_hp_loss":0,"event_name":"Mysterious Sphere","floor":46,"gold_loss":0}],"is_beta":false,"boss_relics":[{"not_picked":["FrozenCore","RedLine:ReiMu"],"picked":"Busted Crown"},{"not_picked":["Snecko Eye","SacredBark"],"picked":"expansioncontent:StudyCardRelic"}],"items_purged_floors":[25,47],"is_endless":false,"potions_floor_spawned":[10,14,16,20,22,30,33,42,46],"ascension_level":16}}