{"host":"abdxwahegzejqccj","time":1614068941,"event":{"mods":["BaseMod","Better Note","BetterRewards","Colored Powertips","Downfall","Hermit","Minty Spire (QoL Compilation)","StSLib","The Cursed"],"gold_per_floor":[99,99,99,99,399,399,449,67,67,100,114,144,163,68,80,178,178,178,188,201,214,214,214,214,214,214,214],"floor_reached":25,"language":"ENG","playtime":1109,"items_purged":["Regret","downfall:Icky"],"score":270,"play_id":"7d64f323-48cd-4245-a011-df1effd38ad2","local_time":"20210223192901","is_ascension_mode":true,"campfire_choices":[{"data":"hexamod:Float","floor":1,"key":"SMITH"},{"data":"hexamod:Incineration","floor":9,"key":"SMITH"},{"data":"hexamod:HexaLevel","floor":18,"key":"SMITH"}],"circlet_count":0,"master_deck":["hexamod:Strike","hexamod:Strike","hexamod:Strike","hexamod:Strike","hexamod:Defend","hexamod:Defend","hexamod:Defend","hexamod:Defend","hexamod:Sear","hexamod:Float+1","hexamod:FlamesFromBeyond","hexamod:RainOfEmbers","downfall:Icky","hexamod:Hexaguard","hexamod:Incineration+1","hexamod:Hexaguard","hexamod:ApocalypseNow","hexamod:InspiringFlames","hexamod:ParanormalForm","hexamod:Hexaguard","hexamod:HexaLevel+1","hexamod:PhantomFireball+1"],"relics":["hexamod:UnbrokenSoul","downfall:HeartsMalice","Vajra","Singing Bowl","Matryoshka","The Courier","downfall:RedIOU","Akabeko","Toy Ornithopter"],"acts_visited":["Exordium","TheCity"],"potions_floor_usage":[12,13,13,13,21,21,25],"damage_taken":[{"damage":0,"enemies":"Cultist","floor":2,"turns":1},{"damage":0,"enemies":"Small Slimes","floor":3,"turns":1},{"damage":0,"enemies":"Jaw Worm","floor":6,"turns":1},{"damage":5,"enemies":"downfall:FleeingMerchant","floor":8,"turns":4},{"damage":0,"enemies":"Gremlin Nob","floor":10,"turns":3},{"damage":0,"enemies":"Large Slime","floor":11,"turns":5},{"damage":0,"enemies":"Lagavulin","floor":12,"turns":4},{"damage":2,"enemies":"Exordium Thugs","floor":13,"turns":4},{"damage":0,"enemies":"downfall:FleeingMerchant","floor":14,"turns":4},{"damage":20,"enemies":"Gremlin Gang","floor":15,"turns":4},{"damage":20,"enemies":"IC_STATUS_ARCHETYPE","floor":16,"turns":6},{"damage":20,"enemies":"3 Byrds","floor":19,"turns":4},{"damage":0,"enemies":"Chosen","floor":20,"turns":3},{"damage":23,"enemies":"Centurion and Healer","floor":21,"turns":7},{"damage":60,"enemies":"Slavers","floor":25,"turns":4}],"seed_played":"3361974853548143404","potions_obtained":[{"floor":10,"key":"BlessingOfTheForge"},{"floor":11,"key":"PowerPotion"},{"floor":12,"key":"EntropicBrew"},{"floor":15,"key":"Energy Potion"}],"is_trial":false,"path_per_floor":["R","M","M","?","?","M","T","$","R","E","M","E","M","$","M","B",null,"R","M","M","M","?","?","T","E"],"character_chosen":"THE_SPIRIT","items_purchased":["Singing Bowl","hexamod:Hexaguard"],"campfire_rested":0,"item_purchase_floors":[8,8],"current_hp_per_floor":[70,70,70,70,70,70,70,65,65,65,65,65,63,65,47,27,74,74,56,56,50,50,50,50,0,0,0],"gold":214,"neow_bonus":"THREE_ENEMY_KILL","is_daily":false,"chose_seed":false,"campfire_upgraded":3,"win_rate":0.0,"timestamp":1614068941,"path_taken":["R","M","M","?","?","M","T","$","R","E","M","E","M","$","M","BOSS","R","M","M","M","?","?","T","E"],"items_purchased_type":["Relic","Card"],"build_version":"2020-12-22","purchased_purges":2,"victory":false,"max_hp_per_floor":[70,70,70,70,70,70,70,70,70,70,70,70,70,72,74,74,74,74,76,76,78,78,78,78,78,78,78],"card_choices":[{"not_picked":["hexamod:GhostLash","hexamod:SwordOfDarkness"],"picked":"hexamod:FlamesFromBeyond","floor":2},{"not_picked":["hexamod:ChargedBarrage","hexamod:SwordOfDarkness"],"picked":"hexamod:RainOfEmbers","floor":3},{"not_picked":["hexamod:NightmareStrike","hexamod:ShieldOfDarkness"],"picked":"hexamod:Hexaguard","floor":6},{"not_picked":["hexamod:NightmareGuise","hexamod:NightmareStrike"],"picked":"hexamod:Incineration","floor":8},{"not_picked":["hexamod:ThermalTransfer","hexamod:FlamesFromBeyond"],"picked":"hexamod:ApocalypseNow","floor":10},{"not_picked":["hexamod:NightmareGuise","hexamod:GhostLash"],"picked":"hexamod:InspiringFlames","floor":11},{"not_picked":["hexamod:BurningTouch","hexamod:SwordOfDarkness"],"picked":"hexamod:ParanormalForm","floor":12},{"not_picked":["hexamod:InspiringFlames","hexamod:DynamicBlow"],"picked":"hexamod:Hexaguard","floor":13},{"not_picked":["hexamod:SuperheatedStrike","hexamod:FlamesFromBeyond","hexamod:InspiringFlames"],"picked":"Singing Bowl","floor":14},{"not_picked":["hexamod:PowerFromBeyond","hexamod:HeatShield","hexamod:ApocalypseNow"],"picked":"Singing Bowl","floor":15},{"not_picked":["hexamod:ApocalypseNow","hexamod:FifthSeal"],"picked":"hexamod:HexaLevel","floor":16},{"not_picked":["hexamod:HauntingEcho+1","hexamod:EtherealExpedition","hexamod:ShieldOfDarkness"],"picked":"Singing Bowl","floor":19},{"not_picked":["hexamod:StepThrough","hexamod:GhostflameBarrier"],"picked":"hexamod:PhantomFireball+1","floor":20},{"not_picked":["hexamod:FlamesFromBeyond","hexamod:BurningTouch","hexamod:RainOfEmbers"],"picked":"Singing Bowl","floor":21}],"player_experience":416283,"relics_obtained":[{"floor":7,"key":"Centennial Puzzle"},{"floor":10,"key":"Matryoshka"},{"floor":12,"key":"The Courier"},{"floor":24,"key":"Akabeko"},{"floor":24,"key":"Toy Ornithopter"}],"event_choices":[{"damage_healed":0,"gold_gain":0,"player_choice":"Box","damage_taken":0,"relics_obtained":["Vajra"],"max_hp_gain":0,"max_hp_loss":0,"event_name":"Big Fish","floor":4,"gold_loss":0,"cards_obtained":["Regret"]},{"damage_healed":0,"gold_gain":0,"player_choice":"Ignored","damage_taken":0,"max_hp_gain":0,"max_hp_loss":0,"event_name":"Vampires","floor":22,"gold_loss":0}],"is_beta":false,"boss_relics":[{"not_picked":["Runic Pyramid","SacredBark"],"picked":"hexamod:UnbrokenSoul"}],"items_purged_floors":[8,14],"is_endless":false,"potions_floor_spawned":[10,11,12,15,16,19],"killed_by":"Slavers","ascension_level":1}}