{"host":"a1eatafr7pisesky","time":1614058154,"event":{"mods":["AchievementEnabler","BaseMod","Colored Map","Keyboard Shortcuts","Minty Spire (QoL Compilation)","Say the Spire","StSLib","SuperFastMode","everything is the same but u backflip on backflip"],"gold_per_floor":[119,129,148,158,158,158,183,183,209,227,255,265,296,316,316,388,388,407,419,261,186,186,186],"floor_reached":22,"language":"KOR","playtime":492,"items_purged":["Strike_P"],"score":585,"play_id":"655466b6-084e-4e49-bf01-95fc9c614667","local_time":"20210223142914","is_ascension_mode":true,"campfire_choices":[{"data":"Eruption","floor":6.0,"key":"SMITH"},{"floor":8.0,"key":"REST"},{"data":"Ragnarok","floor":15.0,"key":"SMITH"}],"circlet_count":0,"master_deck":["AscendersBane","Strike_P","Strike_P","Strike_P","Defend_P","Defend_P","Eruption+1","Vigilance","EmptyFist","Pray","MentalFortress","Ragnarok+1","FlurryOfBlows","LessonLearned","Adaptation"],"relics":["PureWater","NeowsBlessing","Bag of Preparation","PreservedInsect","Nunchaku","Strawberry","Philosopher\u0027s Stone"],"acts_visited":["Exordium","TheCity"],"potions_floor_usage":[],"damage_taken":[{"damage":0.0,"enemies":"Cultist","floor":1.0,"turns":1.0},{"damage":0.0,"enemies":"Jaw Worm","floor":2.0,"turns":1.0},{"damage":0.0,"enemies":"2 Louse","floor":3.0,"turns":1.0},{"damage":14.0,"enemies":"Looter","floor":4.0,"turns":4.0},{"damage":28.0,"enemies":"Gremlin Nob","floor":7.0,"turns":4.0},{"damage":16.0,"enemies":"Lots of Slimes","floor":10.0,"turns":3.0},{"damage":0.0,"enemies":"Lagavulin","floor":11.0,"turns":3.0},{"damage":0.0,"enemies":"2 Fungi Beasts","floor":12.0,"turns":3.0},{"damage":0.0,"enemies":"Gremlin Nob","floor":13.0,"turns":3.0},{"damage":0.0,"enemies":"Large Slime","floor":14.0,"turns":3.0},{"damage":0.0,"enemies":"Slime Boss","floor":16.0,"turns":4.0},{"damage":0.0,"enemies":"Chosen","floor":18.0,"turns":3.0},{"damage":33,"enemies":"Shell Parasite","floor":19,"turns":6},{"damage":28,"enemies":"Snecko","floor":22,"turns":5}],"seed_played":"5611443051445485424","potions_obtained":[{"floor":1.0,"key":"Swift Potion"},{"floor":4.0,"key":"Explosive Potion"},{"floor":7.0,"key":"SkillPotion"},{"floor":12.0,"key":"Weak Potion"},{"floor":14.0,"key":"Explosive Potion"},{"floor":16.0,"key":"SteroidPotion"}],"is_trial":false,"path_per_floor":["M","M","M","M","?","R","E","R","T","M","E","M","E","M","R","B",null,"M","M","$","?","M"],"character_chosen":"WATCHER","items_purchased":["Adaptation"],"campfire_rested":1,"item_purchase_floors":[20],"current_hp_per_floor":[61,61,61,47,40,40,12,32,32,16,16,16,23,23,23,23,62,62,29,29,29,1,1],"gold":186,"neow_bonus":"THREE_ENEMY_KILL","is_daily":false,"chose_seed":false,"campfire_upgraded":2,"win_rate":0.0,"timestamp":1614058154,"path_taken":["M","M","M","M","?","R","E","R","T","M","E","M","E","M","R","BOSS","M","M","$","?","M"],"items_purchased_type":["Card"],"build_version":"2020-12-22","purchased_purges":1,"victory":false,"max_hp_per_floor":[68,68,68,68,68,68,68,68,68,68,68,68,75,75,75,75,75,75,75,75,75,75,75],"card_choices":[{"not_picked":["Wireheading","Protect"],"picked":"EmptyFist","floor":1.0},{"not_picked":["SashWhip","SignatureMove"],"picked":"Pray","floor":2.0},{"not_picked":["EmptyFist","CrushJoints"],"picked":"MentalFortress","floor":3.0},{"not_picked":["Fasting2","Devotion","ThirdEye"],"picked":"SKIP","floor":4.0},{"not_picked":["JustLucky","SashWhip"],"picked":"Ragnarok","floor":7.0},{"not_picked":["EmptyBody","BattleHymn","EmptyFist"],"picked":"SKIP","floor":10.0},{"not_picked":["WreathOfFlame","Consecrate","Evaluate"],"picked":"SKIP","floor":11.0},{"not_picked":["BowlingBash","Crescendo","Sanctity"],"picked":"SKIP","floor":12.0},{"not_picked":["MasterReality","SignatureMove","WreathOfFlame"],"picked":"SKIP","floor":13.0},{"not_picked":["Weave","Halt"],"picked":"FlurryOfBlows","floor":14.0},{"not_picked":["Scrawl","DevaForm"],"picked":"LessonLearned","floor":16.0},{"not_picked":["WreathOfFlame","WheelKick","Crescendo"],"picked":"SKIP","floor":18.0},{"not_picked":["Wireheading","WaveOfTheHand","Sanctity"],"picked":"SKIP","floor":19}],"player_experience":488893,"relics_obtained":[{"floor":7.0,"key":"Bag of Preparation"},{"floor":9.0,"key":"PreservedInsect"},{"floor":11.0,"key":"Nunchaku"},{"floor":13.0,"key":"Strawberry"}],"event_choices":[{"cards_removed":["Defend_P"],"damage_healed":0.0,"max_hp_gain":0.0,"max_hp_loss":0.0,"gold_gain":0.0,"event_name":"Golden Wing","player_choice":"Card Removal","floor":5.0,"gold_loss":0.0,"damage_taken":7.0},{"cards_removed":["Defend_P"],"damage_healed":0,"gold_gain":0,"player_choice":"Gave Gold","damage_taken":0,"max_hp_gain":0,"max_hp_loss":0,"event_name":"Beggar","floor":21,"gold_loss":75}],"is_beta":false,"boss_relics":[{"not_picked":["SlaversCollar","Velvet Choker"],"picked":"Philosopher\u0027s Stone"}],"items_purged_floors":[20],"is_endless":false,"potions_floor_spawned":[1,4,7,12,14,16,18],"killed_by":"Snecko","ascension_level":18}}