{"host":"5dhwd44u3dydylwe","time":1614075162,"event":{"mods":["AchievementEnabler","BaseMod","BetterRewards","Dota2Spire","Duelist Mod","GifTheSpireLib","Hubris","Minty Spire (QoL Compilation)","Shop Mod","StSLib","Wandering Minibosses"],"gold_per_floor":[142,156,168,168,183,215,215,249,249,249,294,305,305,334,12,32,66,66,138,138,154,5,5,25,43,78,78,106,117,117,134,134,160,160,192,202,0,32,32,107,107,124,124,136,157,210,210,241,66,99,99,525,556,571,571,584,584,584,584,584,584,119,150,150],"floor_reached":65,"language":"ENG","playtime":10387,"items_purged":["theDuelist:OjamaBlack","theDuelist:OjamaBlack","theDuelist:OjamaCountry","theDuelist:OjamaYellow","theDuelist:OjamaTrio"],"score":4567,"play_id":"c2195a67-359a-488a-acb1-f82a25e008bf","local_time":"20210223181242","is_ascension_mode":true,"campfire_choices":[{"data":"theDuelist:IcyCrevasse","floor":7,"key":"SMITH"},{"data":"theDuelist:IrisEarthMother","floor":10,"key":"SMITH"},{"data":"theDuelist:OjamaPajama","floor":13,"key":"SMITH"},{"data":"theDuelist:OjamaGreen","floor":18,"key":"SMITH"},{"data":"theDuelist:TimeSeal","floor":27,"key":"SMITH"},{"data":"theDuelist:Ojamuscle","floor":30,"key":"SMITH"},{"data":"theDuelist:Polymerization","floor":34,"key":"SMITH"},{"data":"theDuelist:OjamaGreen","floor":39,"key":"SMITH"},{"floor":47,"key":"RECALL"},{"data":"theDuelist:MillenniumShield","floor":57,"key":"SMITH"},{"data":"Mayhem","floor":61,"key":"SMITH"}],"circlet_count":0,"master_deck":["AscendersBane","theDuelist:OjamaCountry","theDuelist:OjamaGreen+1","theDuelist:Ojamuscle+1","theDuelist:Eva","theDuelist:IcyCrevasse+1","theDuelist:FutureFusion","theDuelist:OjamaPajama+1","theDuelist:WingedKuriboh","theDuelist:IrisEarthMother+1","theDuelist:TimeSeal+1","theDuelist:OjamaGreen+1","theDuelist:Polymerization+1","theDuelist:MillenniumShield+1","theDuelist:OjamaKing+1","Mayhem+1","theDuelist:PotGreed","theDuelist:RainbowRuins"],"relics":["theDuelist:MillenniumPuzzle","theDuelist:CardPoolRelic","theDuelist:CardPoolBasicRelic","theDuelist:BoosterPackPoolRelic","theDuelist:CardPoolAddRelic","theDuelist:CardPoolMinusRelic","theDuelist:CardPoolSaveRelic","theDuelist:CardPoolOptionsRelic","Letter Opener","Turnip","Lee\u0027s Waffle","Paper Crane","hubris:TenFootPole","Lantern","Vajra","Sundial","TheAbacus","Dota2Spire:ArmletOfMordiggian","Blue Candle","hubris:RGBLights","Anchor","Ice Cream","hubris:SlimyHat","hubris:GlazedTorus","Dota2Spire:RefresherOrb","wanderingMiniBosses:Inkheart","Anchor","theDuelist:MillenniumPeriapt","Boot","Dream Catcher","Omamori","Dota2Spire:DivineRapier","Dota2Spire:ArcaneBoots","Busted Crown","theDuelist:MillenniumRod","Bag of Marbles","Dota2Spire:CrimsonGuard","hubris:SoftwareUpdate","theDuelist:MillenniumRing","Happy Flower","Toy Ornithopter","theDuelist:BoosterPackTrapEgg"],"acts_visited":["Exordium","TheCity","TheBeyond","TheEnding"],"potions_floor_usage":[0,64],"damage_taken":[{"damage":0,"enemies":"2 Louse","floor":1,"turns":4},{"damage":0,"enemies":"Small Slimes","floor":2,"turns":3},{"damage":0,"enemies":"Cultist","floor":3,"turns":5},{"damage":2,"enemies":"3 Louse","floor":5,"turns":2},{"damage":11,"enemies":"Gremlin Nob","floor":6,"turns":3},{"damage":0,"enemies":"Lagavulin","floor":8,"turns":9},{"damage":0,"enemies":"2 Fungi Beasts","floor":12,"turns":4},{"damage":0,"enemies":"3 Sentries","floor":14,"turns":2},{"damage":0,"enemies":"Gremlin Gang","floor":16,"turns":2},{"damage":0,"enemies":"Lagavulin","floor":17,"turns":5},{"damage":0,"enemies":"Slime Boss","floor":19,"turns":6},{"damage":11,"enemies":"Shell Parasite","floor":21,"turns":6},{"damage":0,"enemies":"Chosen","floor":24,"turns":3},{"damage":0,"enemies":"Snake Plant","floor":25,"turns":2},{"damage":0,"enemies":"Slavers","floor":26,"turns":2},{"damage":0,"enemies":"Book of Stabbing","floor":28,"turns":3},{"damage":0,"enemies":"Cultist and Chosen","floor":29,"turns":5},{"damage":18,"enemies":"Centurion and Healer","floor":31,"turns":4},{"damage":4,"enemies":"Gremlin Leader","floor":35,"turns":6},{"damage":0,"enemies":"Snecko","floor":36,"turns":1},{"damage":0,"enemies":"Book of Stabbing","floor":38,"turns":4},{"damage":0,"enemies":"Champ","floor":40,"turns":7},{"damage":0,"enemies":"Orb Walker","floor":42,"turns":2},{"damage":0,"enemies":"3 Darklings","floor":44,"turns":3},{"damage":22,"enemies":"4 Shapes","floor":45,"turns":5},{"damage":0,"enemies":"Nemesis","floor":48,"turns":3},{"damage":0,"enemies":"Giant Head","floor":50,"turns":4},{"damage":0,"enemies":"Spire Growth","floor":52,"turns":5},{"damage":0,"enemies":"Reptomancer","floor":53,"turns":3},{"damage":0,"enemies":"Transient","floor":54,"turns":2},{"damage":0,"enemies":"Sphere and 2 Shapes","floor":56,"turns":2},{"damage":30,"enemies":"Awakened One","floor":58,"turns":5},{"damage":0,"enemies":"Donu and Deca","floor":59,"turns":3},{"damage":0,"enemies":"Shield and Spear","floor":63,"turns":3},{"damage":0,"enemies":"The Heart","floor":64,"turns":6}],"seed_played":"-4841717809258303404","potions_obtained":[{"floor":2,"key":"LiquidMemories"},{"floor":3,"key":"theDuelist:SummonFuryPotion"},{"floor":63,"key":"theDuelist:BottledKuriboh"}],"is_trial":false,"path_per_floor":["M","M","M","?","M","E","R","E","?","R","T","M","R","E","$","M","E","R","B",null,"M","?","?","M","M","E","R","E","M","R","M","T","T","R","E","M","$","E","R","B",null,"M","?","M","M","T","R","E","$","E","T","M","E","M","?","M","R","B","B",null,"R","$","E","B",null],"character_chosen":"THE_DUELIST","items_purchased":["Letter Opener","Turnip","theDuelist:Eva","Lee\u0027s Waffle","Paper Crane","theDuelist:IcyCrevasse","hubris:TenFootPole","Lantern","theDuelist:FutureFusion","Vajra","theDuelist:OjamaPajama","Sundial","TheAbacus","Fruit Juice","hubris:SlimyHat","theDuelist:MillenniumShield","Happy Flower","Toy Ornithopter","theDuelist:PotGreed","theDuelist:RainbowRuins"],"campfire_rested":0,"item_purchase_floors":[0,0,0,0,0,0,0,0,0,0,0,0,0,0,15,37,62,62,62,62],"current_hp_per_floor":[82,82,82,82,80,69,69,70,70,70,70,70,70,70,70,70,70,70,70,79,68,68,64,64,64,64,64,64,64,64,46,46,46,46,42,42,42,42,42,42,72,72,77,77,55,55,55,55,55,55,55,82,82,82,82,82,82,70,70,79,79,79,82,82],"gold":150,"neow_bonus":"","is_daily":false,"chose_seed":false,"campfire_upgraded":10,"win_rate":0.0,"timestamp":1614075162,"path_taken":["M","M","M","?","M","E","R","E","?","R","T","?","R","E","$","M","E","R","BOSS","M","?","?","M","M","E","R","E","M","R","?","T","T","R","E","?","$","E","R","BOSS","M","?","?","M","?","R","E","$","E","T","M","E","M","?","M","R","BOSS","BOSS","R","$","E","BOSS"],"items_purchased_type":["Relic","Relic","Card","Relic","Relic","Card","Relic","Relic","Card","Relic","Card","Relic","Relic","Potion","Relic","Card","Relic","Relic","Card","Card"],"build_version":"2020-12-22","purchased_purges":5,"victory":true,"max_hp_per_floor":[82,82,82,82,82,82,82,82,82,82,82,82,82,82,82,82,82,82,82,82,82,82,82,82,82,82,82,82,82,82,82,82,82,82,82,82,82,82,82,82,82,82,82,82,82,82,82,82,82,82,82,82,82,82,82,82,82,82,82,82,82,82,82,82],"card_choices":[{"not_picked":["theDuelist:BattleguardKing","theDuelist:RainbowOverdragon","theDuelist:ClearKuriboh","theDuelist:EvilswarmHeliotrope"],"picked":"theDuelist:WingedKuriboh","floor":1},{"not_picked":["theDuelist:IceQueen","theDuelist:QueenDragunDjinn"],"picked":"theDuelist:IrisEarthMother","floor":2},{"not_picked":["theDuelist:Zombyra","theDuelist:DarkTinker","theDuelist:FiendMegacyber","theDuelist:Illusionist","theDuelist:CircleFireKings"],"picked":"SKIP","floor":3},{"not_picked":["theDuelist:DarkTinker","theDuelist:Illusionist","theDuelist:RainbowFlower","theDuelist:OnslaughtFireKings","theDuelist:OjamaBlack"],"picked":"SKIP","floor":5},{"not_picked":["theDuelist:RainbowNeos","theDuelist:SummonedSkull","theDuelist:Pumpking","theDuelist:NeoMagic","theDuelist:DarkTinker"],"picked":"SKIP","floor":6},{"not_picked":["theDuelist:RainbowFlower","theDuelist:RainbowDragon","theDuelist:NeoMagic","theDuelist:DarkTinker","theDuelist:FabledAshenveil"],"picked":"SKIP","floor":8},{"not_picked":["theDuelist:SummonedSkull","theDuelist:Mudballman","theDuelist:DarkMagicianGirl","theDuelist:Pumpking","theDuelist:WhiteHowling"],"picked":"SKIP","floor":12},{"not_picked":["theDuelist:FuryFire","theDuelist:WeepingIdol","theDuelist:FeatherPho","theDuelist:GolemSentry"],"picked":"theDuelist:TimeSeal","floor":14},{"not_picked":["theDuelist:RainbowFlower","theDuelist:RainbowNeos","theDuelist:RainbowDragon","theDuelist:KingYami","theDuelist:Pumpking"],"picked":"SKIP","floor":16},{"not_picked":["theDuelist:BigFire","theDuelist:BlockGolem","theDuelist:LabyrinthWall","theDuelist:OneForOne","theDuelist:PurplePainOni"],"picked":"SKIP","floor":17},{"not_picked":["theDuelist:BattleguardKing+1","theDuelist:DummyGolem","theDuelist:MagicHoleGolem","theDuelist:BigFire","theDuelist:LightningDarts"],"picked":"SKIP","floor":21},{"not_picked":["theDuelist:Tierra","theDuelist:DarkBlade","theDuelist:GarbageLord"],"picked":"SKIP","floor":24},{"not_picked":["theDuelist:BattleguardKing+1","theDuelist:ClearKuriboh","theDuelist:WingedKuriboh","theDuelist:WormWarlord","theDuelist:GauntletWarrior"],"picked":"SKIP","floor":25},{"not_picked":["theDuelist:Zombyra","theDuelist:Pumpking","theDuelist:NeoMagic","theDuelist:DarkTinker","theDuelist:EvilswarmNightmare"],"picked":"SKIP","floor":26},{"not_picked":["theDuelist:SummonedSkull","theDuelist:DarkHorizon","theDuelist:Illusionist","theDuelist:CosmoBrain"],"picked":"theDuelist:OjamaGreen","floor":28},{"not_picked":["theDuelist:SummonedSkull","theDuelist:DarkMagicianGirl","theDuelist:DarkTinker","theDuelist:OjamaCountry","theDuelist:Zombyra"],"picked":"SKIP","floor":29},{"not_picked":["theDuelist:EarthquakeGiant","theDuelist:MirrorForce","theDuelist:DokiDoki","theDuelist:BigKoala"],"picked":"theDuelist:Polymerization","floor":31},{"not_picked":["theDuelist:RainbowNeos","theDuelist:DunamesDarkWitch","theDuelist:HappyLover","theDuelist:Eva+1","theDuelist:RainbowDragon"],"picked":"SKIP","floor":35},{"not_picked":["theDuelist:RainbowFlower","theDuelist:RainbowDragon","theDuelist:GiantOrc+1","theDuelist:DarkTinker","theDuelist:KingYami+1"],"picked":"SKIP","floor":36},{"not_picked":["theDuelist:RainbowNeos","theDuelist:SummonedSkull","theDuelist:Mudballman","theDuelist:OjamaYellow","theDuelist:CrystalRaigeki"],"picked":"SKIP","floor":38},{"not_picked":["theDuelist:Tierra+1","theDuelist:OjamaGreen"],"picked":"theDuelist:OjamaKing+1","floor":42},{"not_picked":["theDuelist:OjamaYellow+1","theDuelist:OjamaKnight","theDuelist:OnslaughtFireKings+1"],"picked":"SKIP","floor":44},{"not_picked":["theDuelist:Hinotama+1","theDuelist:LightningDarts","theDuelist:WingedKuriboh+1"],"picked":"SKIP","floor":45},{"not_picked":["theDuelist:RainbowFlower","theDuelist:GiantOrc+1","theDuelist:NeoMagic"],"picked":"SKIP","floor":48},{"not_picked":["theDuelist:Tierra+1","theDuelist:IceQueen","theDuelist:QueenDragunDjinn"],"picked":"SKIP","floor":50},{"not_picked":["theDuelist:Pumprincess+1","theDuelist:DarkHorizon","theDuelist:OjamaBlue"],"picked":"SKIP","floor":52},{"not_picked":["Flash of Steel"],"picked":"Mayhem","floor":53},{"not_picked":["theDuelist:NeoMagic","theDuelist:OjamaKnight","theDuelist:SpiralSpearStrike"],"picked":"SKIP","floor":54},{"not_picked":["theDuelist:RainbowNeos+1","theDuelist:Eva","theDuelist:RainbowDragon"],"picked":"SKIP","floor":56},{"not_picked":["theDuelist:FiendMegacyber+1","theDuelist:DarkHorizon+1","theDuelist:Relinquished+1"],"picked":"SKIP","floor":63}],"player_experience":296329,"relics_obtained":[{"floor":6,"key":"Dota2Spire:ArmletOfMordiggian"},{"floor":8,"key":"Blue Candle"},{"floor":11,"key":"Anchor"},{"floor":14,"key":"Ice Cream"},{"floor":17,"key":"hubris:GlazedTorus"},{"floor":21,"key":"wanderingMiniBosses:Inkheart"},{"floor":26,"key":"Boot"},{"floor":28,"key":"Dream Catcher"},{"floor":33,"key":"Omamori"},{"floor":35,"key":"Dota2Spire:DivineRapier"},{"floor":38,"key":"Dota2Spire:ArcaneBoots"},{"floor":46,"key":"theDuelist:MillenniumRod"},{"floor":48,"key":"Bag of Marbles"},{"floor":50,"key":"Dota2Spire:CrimsonGuard"},{"floor":51,"key":"hubris:SoftwareUpdate"},{"floor":53,"key":"theDuelist:MillenniumRing"},{"floor":63,"key":"theDuelist:BoosterPackTrapEgg"}],"event_choices":[{"damage_healed":0,"gold_gain":0,"player_choice":"Leave","duelist":true,"damage_taken":0,"max_hp_gain":0,"max_hp_loss":0,"event_name":"Egyptian Village","floor":4,"gold_loss":0},{"cards_removed":["theDuelist:OjamaGreen"],"damage_healed":0,"gold_gain":0,"player_choice":"Gave Card","damage_taken":0,"relics_obtained":["hubris:RGBLights"],"max_hp_gain":0,"max_hp_loss":0,"event_name":"WeMeetAgain","floor":9,"gold_loss":0},{"damage_healed":0,"gold_gain":0,"player_choice":"Duplicated Relic - Anchor","duelist":true,"damage_taken":0,"max_hp_gain":0,"max_hp_loss":0,"event_name":"Relic Duplicator","floor":22,"gold_loss":0},{"damage_healed":0,"gold_gain":0,"player_choice":"Dig - random Duelist relic","duelist":true,"damage_taken":0,"max_hp_gain":0,"max_hp_loss":0,"event_name":"Aknamkanon\u0027s Tomb","floor":23,"gold_loss":0},{"cards_removed":["theDuelist:OjamaYellow"],"damage_healed":5,"gold_gain":0,"player_choice":"Offered Common","damage_taken":0,"max_hp_gain":0,"max_hp_loss":0,"event_name":"Bonfire Elementals","floor":43,"gold_loss":0},{"cards_removed":["theDuelist:OjamaYellow"],"damage_healed":5,"gold_gain":0,"player_choice":"Offered Special","damage_taken":0,"max_hp_gain":0,"max_hp_loss":0,"event_name":"Bonfire Elementals","floor":43,"gold_loss":0},{"damage_healed":0,"gold_gain":0,"player_choice":"Memory 1","damage_taken":0,"max_hp_gain":0,"max_hp_loss":0,"event_name":"SensoryStone","floor":55,"gold_loss":0}],"is_beta":false,"boss_relics":[{"not_picked":["Coffee Dripper","hubris:VirtuousBlindfold"],"picked":"Dota2Spire:RefresherOrb"},{"not_picked":["theDuelist:HauntedRelic","hubris:CrackedHourglass"],"picked":"Busted Crown"}],"items_purged_floors":[0,0,0,15,49],"is_endless":false,"potions_floor_spawned":[2,3,14,16,17,24,25,26,29,35,40,44,45,50,63],"ascension_level":20}}