{"host":"iv24d026eac8pm4e","time":1614101434,"event":{"mods":["BaseMod","Minty Spire (QoL Compilation)"],"gold_per_floor":[116,130,147,166,166,166,186,205,205,205,216,216,216,226,226,300,300,279,290,40,59,75,75,104,104,130,130,150,162,179,179,179],"floor_reached":31,"language":"ENG","playtime":1161,"items_purged":[],"score":472,"play_id":"dc2956e2-0424-4310-bf31-12a9abee119d","local_time":"20210223093034","is_ascension_mode":true,"campfire_choices":[{"data":"Biased Cognition","floor":6,"key":"SMITH"},{"data":"Coolheaded","floor":10,"key":"SMITH"},{"data":"Beam Cell","floor":12,"key":"SMITH"},{"floor":15,"key":"REST"},{"floor":23,"key":"REST"},{"data":"Buffer","floor":27,"key":"SMITH"}],"circlet_count":0,"master_deck":["AscendersBane","Strike_B","Strike_B","Strike_B","Defend_B","Defend_B","Defend_B","Defend_B","Zap+1","Dualcast","Cold Snap+1","Cold Snap+1","Lockon","Biased Cognition+1","Auto Shields","Coolheaded+1","Beam Cell+1","Barrage","Reboot","Beam Cell","Beam Cell","Capacitor","Conserve Battery","Ball Lightning","Buffer+1","Turbo","Go for the Eyes"],"relics":["Cracked Core","Shuriken","Runic Pyramid","Lantern","Smiling Mask","Dead Branch","Bronze Scales"],"acts_visited":["Exordium","TheCity"],"potions_floor_usage":[16,16,21,21,24,29,31],"damage_taken":[{"damage":4,"enemies":"Small Slimes","floor":1,"turns":3},{"damage":0,"enemies":"2 Louse","floor":2,"turns":3},{"damage":0,"enemies":"Jaw Worm","floor":3,"turns":3},{"damage":2,"enemies":"Red Slaver","floor":4,"turns":3},{"damage":9,"enemies":"Exordium Thugs","floor":7,"turns":4},{"damage":7,"enemies":"Exordium Wildlife","floor":8,"turns":5},{"damage":1,"enemies":"Blue Slaver","floor":11,"turns":2},{"damage":0,"enemies":"3 Louse","floor":14,"turns":2},{"damage":6,"enemies":"Slime Boss","floor":16,"turns":7},{"damage":19,"enemies":"2 Thieves","floor":18,"turns":4},{"damage":18,"enemies":"Spheric Guardian","floor":19,"turns":4},{"damage":13,"enemies":"Shelled Parasite and Fungi","floor":21,"turns":3},{"damage":2,"enemies":"Sentry and Sphere","floor":22,"turns":6},{"damage":9,"enemies":"Book of Stabbing","floor":24,"turns":4},{"damage":0,"enemies":"3 Cultists","floor":28,"turns":4},{"damage":16,"enemies":"Centurion and Healer","floor":29,"turns":6},{"damage":1,"enemies":"Cultist and Chosen","floor":30,"turns":4},{"damage":15,"enemies":"Sentry and Sphere","floor":31,"turns":3}],"seed_played":"5415032692418764650","potions_obtained":[{"floor":7,"key":"FearPotion"},{"floor":8,"key":"ColorlessPotion"},{"floor":11,"key":"SkillPotion"},{"floor":16,"key":"PowerPotion"},{"floor":19,"key":"EntropicBrew"},{"floor":22,"key":"AttackPotion"},{"floor":29,"key":"Ancient Potion"},{"floor":30,"key":"Regen Potion"}],"is_trial":false,"path_per_floor":["M","M","M","M","?","R","M","M","T","R","M","R","?","M","R","B",null,"M","M","$","M","M","R","E","?","T","R","M","M","M","M"],"character_chosen":"DEFECT","items_purchased":["Lantern","Capacitor"],"campfire_rested":2,"item_purchase_floors":[20,20],"current_hp_per_floor":[60,60,60,58,51,51,42,35,35,35,34,34,13,13,34,28,60,41,23,23,10,8,29,20,20,20,20,20,4,3,0,0],"gold":179,"neow_bonus":"UPGRADE_CARD","is_daily":false,"chose_seed":false,"campfire_upgraded":4,"win_rate":0.0,"timestamp":1614101434,"path_taken":["M","M","M","M","?","R","M","M","T","R","M","R","?","M","R","BOSS","M","M","$","M","M","R","E","?","T","R","M","M","?","M"],"items_purchased_type":["Relic","Card"],"build_version":"2020-12-22","purchased_purges":0,"victory":false,"max_hp_per_floor":[71,71,71,71,71,71,71,71,71,71,71,71,71,71,71,71,71,71,71,71,71,71,71,71,71,71,71,71,71,71,71,71],"card_choices":[{"not_picked":["Go for the Eyes","Barrage"],"picked":"Cold Snap","floor":1},{"not_picked":["Compile Driver","Go for the Eyes"],"picked":"Cold Snap","floor":2},{"not_picked":["Cold Snap","Rebound"],"picked":"Lockon","floor":3},{"not_picked":["Redo","Steam"],"picked":"Biased Cognition","floor":4},{"not_picked":["Beam Cell","Stack"],"picked":"Auto Shields","floor":7},{"not_picked":["Redo","Stack"],"picked":"Coolheaded","floor":8},{"not_picked":["Barrage","Steam"],"picked":"Beam Cell","floor":11},{"not_picked":["Redo","Hologram"],"picked":"Barrage","floor":14},{"not_picked":["Hyperbeam","Amplify"],"picked":"Reboot","floor":16},{"not_picked":["Compile Driver","Conserve Battery"],"picked":"Beam Cell","floor":18},{"not_picked":["Ball Lightning","Steam Power"],"picked":"Beam Cell","floor":19},{"not_picked":["Sweeping Beam","Cold Snap"],"picked":"Conserve Battery","floor":21},{"not_picked":["Leap","Self Repair"],"picked":"Ball Lightning","floor":22},{"not_picked":["Doom and Gloom","Leap"],"picked":"Buffer","floor":24},{"not_picked":["Ball Lightning","Cold Snap"],"picked":"Turbo","floor":28},{"not_picked":["Steam","Coolheaded","Compile Driver"],"picked":"SKIP","floor":29},{"not_picked":["Stack","Compile Driver"],"picked":"Go for the Eyes","floor":30}],"player_experience":2601993,"relics_obtained":[{"floor":9,"key":"Shuriken"},{"floor":24,"key":"Smiling Mask"},{"floor":25,"key":"Dead Branch"},{"floor":26,"key":"Bronze Scales"}],"event_choices":[{"cards_removed":["Strike_B"],"damage_healed":0,"gold_gain":0,"player_choice":"Card Removal","damage_taken":7,"max_hp_gain":0,"max_hp_loss":0,"event_name":"Golden Wing","floor":5,"gold_loss":0},{"damage_healed":0,"gold_gain":0,"player_choice":"Entered Light","damage_taken":21,"max_hp_gain":0,"max_hp_loss":0,"event_name":"Shining Light","floor":13,"gold_loss":0,"cards_upgraded":["Cold Snap","Cold Snap"]},{"damage_healed":0,"gold_gain":0,"player_choice":"Relic","damage_taken":0,"max_hp_gain":0,"max_hp_loss":0,"event_name":"Wheel of Change","floor":25,"gold_loss":0}],"is_beta":false,"boss_relics":[{"not_picked":["Sozu","Coffee Dripper"],"picked":"Runic Pyramid"}],"items_purged_floors":[],"is_endless":false,"potions_floor_spawned":[7,8,11,16,19,22,29,30],"killed_by":"Sentry and Sphere","ascension_level":17}}