{"host":"d52brwsy6af8zvaq","time":1614045658,"event":{"mods":["AchievementEnabler","BaseMod","Bestiary","Highlight Path","Minty Spire (QoL Compilation)","Quick Restart","Relic Stats","ojb\u0027s Better Paths Mod"],"gold_per_floor":[116,116,136,151,163,163,195,195,195,39,39,10,27,37,37,112,112,122,133,133,151,0,0,0],"floor_reached":23,"language":"ENG","playtime":541,"items_purged":["Strike_B"],"score":386,"play_id":"13c0d25f-4dbe-45e6-b06a-408d707d99b7","local_time":"20210222190058","is_ascension_mode":true,"campfire_choices":[{"floor":6.0,"key":"REST"},{"floor":11.0,"key":"REST"},{"data":"Zap","floor":15.0,"key":"SMITH"}],"circlet_count":0,"master_deck":["AscendersBane","Strike_B","Strike_B","Strike_B","Defend_B","Defend_B","Defend_B","Defend_B","Zap+1","Dualcast","Gash","Ball Lightning","FTL","Steam","Static Discharge","Electrodynamics+1","Stack","Turbo","Gash","All For One","Genetic Algorithm","Conserve Battery","Ghostly","Ghostly","Ghostly","Scrape+1","Gash","Steam"],"relics":["Cracked Core","Bag of Marbles","Frozen Egg 2","Nuclear Battery"],"acts_visited":["Exordium","TheCity"],"potions_floor_usage":[16,23],"damage_taken":[{"damage":12.0,"enemies":"Jaw Worm","floor":1.0,"turns":3.0},{"damage":6.0,"enemies":"2 Louse","floor":3.0,"turns":2.0},{"damage":0.0,"enemies":"Small Slimes","floor":4.0,"turns":2.0},{"damage":6.0,"enemies":"2 Fungi Beasts","floor":5.0,"turns":4.0},{"damage":39.0,"enemies":"Gremlin Nob","floor":7.0,"turns":4.0},{"damage":6.0,"enemies":"Blue Slaver","floor":13.0,"turns":4.0},{"damage":0.0,"enemies":"3 Louse","floor":14.0,"turns":1.0},{"damage":19,"enemies":"Slime Boss","floor":16,"turns":6},{"damage":1,"enemies":"3 Byrds","floor":18,"turns":2},{"damage":32,"enemies":"Shell Parasite","floor":19,"turns":5},{"damage":4,"enemies":"Centurion and Healer","floor":21,"turns":7},{"damage":29,"enemies":"Slavers","floor":23,"turns":1}],"seed_played":"-4310136442109873152","potions_obtained":[{"floor":4.0,"key":"Energy Potion"},{"floor":7.0,"key":"AttackPotion"},{"floor":16,"key":"LiquidMemories"}],"is_trial":false,"path_per_floor":["M","?","M","M","M","R","E","?","T","$","R","$","M","M","R","B",null,"M","M","?","M","$","E"],"character_chosen":"DEFECT","items_purchased":["Electrodynamics+1","Stack","Gash","Steam"],"campfire_rested":2,"item_purchase_floors":[10,12,22,22],"current_hp_per_floor":[52,45,39,39,33,54,15,20,20,20,42,42,36,36,36,17,61,60,28,28,24,24,0,0],"gold":0,"neow_bonus":"ONE_RANDOM_RARE_CARD","is_daily":false,"chose_seed":false,"campfire_upgraded":1,"win_rate":0.0,"timestamp":1614045658,"path_taken":["M","?","M","M","M","R","E","?","T","?","R","?","M","M","R","BOSS","M","M","?","M","$","E"],"items_purchased_type":["Card","Card","Card","Card"],"build_version":"2020-12-22","purchased_purges":1,"victory":false,"max_hp_per_floor":[71,71,71,71,71,71,71,76,76,76,76,76,76,76,76,76,76,76,76,38,38,38,38,38],"relic_stats":{"counters":[12,41],"obtain_stats":[{"Bag of Marbles":7,"Frozen Egg 2":9,"Cracked Core":0,"Nuclear Battery":17},{"Bag of Marbles":5,"Frozen Egg 2":5,"Cracked Core":0,"Nuclear Battery":8},{"Bag of Marbles":15,"Frozen Egg 2":15,"Cracked Core":0,"Nuclear Battery":26}]},"card_choices":[{"not_picked":["Self Repair","Beam Cell"],"picked":"Gash","floor":1.0},{"not_picked":["Blizzard","Streamline"],"picked":"Ball Lightning","floor":3.0},{"not_picked":["Rebound","Ball Lightning"],"picked":"FTL","floor":4.0},{"not_picked":["Skim","Tempest"],"picked":"Steam","floor":5.0},{"not_picked":["Ball Lightning","Core Surge"],"picked":"Static Discharge","floor":7.0},{"not_picked":["Barrage","Rebound"],"picked":"Turbo","floor":13.0},{"not_picked":["Leap","Hologram"],"picked":"Gash","floor":14.0},{"not_picked":["Hyperbeam","Rainbow"],"picked":"All For One","floor":16},{"not_picked":["Compile Driver","Ball Lightning"],"picked":"Genetic Algorithm","floor":18},{"not_picked":["Gash","Coolheaded"],"picked":"Conserve Battery","floor":19},{"not_picked":["Genetic Algorithm","Sweeping Beam"],"picked":"Scrape+1","floor":21}],"player_experience":2340837,"relics_obtained":[{"floor":7.0,"key":"Bag of Marbles"},{"floor":9.0,"key":"Frozen Egg 2"}],"event_choices":[{"cards_removed":["Creative AI"],"damage_healed":0.0,"max_hp_gain":0.0,"max_hp_loss":0.0,"gold_gain":0.0,"event_name":"Golden Wing","player_choice":"Card Removal","floor":2.0,"gold_loss":0.0,"damage_taken":7.0},{"damage_healed":0.0,"max_hp_gain":5.0,"max_hp_loss":0.0,"gold_gain":0.0,"event_name":"Big Fish","player_choice":"Donut","floor":8.0,"gold_loss":0.0,"damage_taken":0.0},{"damage_healed":0,"gold_gain":0,"player_choice":"Became a Ghost","damage_taken":0,"max_hp_gain":0,"max_hp_loss":38,"event_name":"Ghosts","floor":20,"gold_loss":0,"cards_obtained":["Ghostly","Ghostly","Ghostly"]}],"is_beta":false,"boss_relics":[{"not_picked":["Fusion Hammer","Empty Cage"],"picked":"Nuclear Battery"}],"items_purged_floors":[22],"is_endless":false,"potions_floor_spawned":[4,7,13,16,18,19,21],"killed_by":"Slavers","ascension_level":20}}