{"host":"oehe2dxjvdgux73m","time":1614087809,"event":{"mods":["AchievementEnabler","BaseMod","Colored Map","Colored Powertips","DeckTracker","Keyboard Shortcuts","Minty Spire (QoL Compilation)","Permanent Neow","Quick Restart","StSLib","SuperFastMode"],"gold_per_floor":[110,120,132,132,156,156,174,502,581,581,615,632,632,645,645,716,716,727,140,140,140],"floor_reached":20,"language":"KOR","playtime":595,"items_purged":["Strike_G"],"score":368,"play_id":"51f5a8b5-097d-499e-9484-abc9c1362d13","local_time":"20210223224329","is_ascension_mode":true,"campfire_choices":[{"data":"Cloak And Dagger","floor":6.0,"key":"SMITH"},{"floor":10.0,"key":"REST"},{"floor":13.0,"key":"REST"},{"data":"Deadly Poison","floor":15.0,"key":"SMITH"}],"circlet_count":0,"master_deck":["AscendersBane","Strike_G","Strike_G","Strike_G","Strike_G","Defend_G","Defend_G","Defend_G","Defend_G","Defend_G","Survivor","Neutralize","Unload","Deadly Poison+1","Cloak And Dagger+1","Concentrate","Predator","PiercingWail","Calculated Gamble","Flying Knee","Flechettes","Acrobatics","Crippling Poison","Dodge and Roll","Finesse"],"relics":["Ring of the Snake","Vajra","Old Coin","CaptainsWheel","Black Star","Orrery","Oddly Smooth Stone"],"acts_visited":["Exordium","TheCity"],"potions_floor_usage":[20],"damage_taken":[{"damage":1.0,"enemies":"Cultist","floor":1.0,"turns":4.0},{"damage":2.0,"enemies":"Jaw Worm","floor":2.0,"turns":4.0},{"damage":5.0,"enemies":"2 Louse","floor":3.0,"turns":3.0},{"damage":5.0,"enemies":"Blue Slaver","floor":7.0,"turns":4.0},{"damage":21.0,"enemies":"Lagavulin","floor":8.0,"turns":7.0},{"damage":33.0,"enemies":"Gremlin Nob","floor":11.0,"turns":4.0},{"damage":6.0,"enemies":"Exordium Thugs","floor":12.0,"turns":5.0},{"damage":7.0,"enemies":"Gremlin Gang","floor":14.0,"turns":6.0},{"damage":14.0,"enemies":"Hexaghost","floor":16.0,"turns":12.0},{"damage":35.0,"enemies":"3 Byrds","floor":18.0,"turns":11.0},{"damage":4,"enemies":"Masked Bandits","floor":20,"turns":3}],"seed_played":"6406012360079555457","potions_obtained":[{"floor":7.0,"key":"Dexterity Potion"},{"floor":11.0,"key":"DistilledChaos"},{"floor":12.0,"key":"SneckoOil"},{"floor":16.0,"key":"Poison Potion"}],"is_trial":false,"path_per_floor":["M","M","M","?","T","R","M","E","T","R","E","M","R","M","R","B",null,"M","$","?"],"character_chosen":"THE_SILENT","items_purchased":["Orrery","Dodge and Roll","Oddly Smooth Stone","Block Potion","Finesse"],"campfire_rested":2,"item_purchase_floors":[19,19,19,19,19],"current_hp_per_floor":[58,56,51,51,51,51,46,25,25,44,11,5,24,17,17,3,50,15,15,11,11],"gold":140,"neow_bonus":"ONE_RANDOM_RARE_CARD","is_daily":false,"chose_seed":false,"campfire_upgraded":2,"win_rate":0.0,"timestamp":1614087809,"path_taken":["M","M","M","?","?","R","M","E","T","R","E","M","R","M","R","BOSS","M","$","?"],"items_purchased_type":["Relic","Card","Relic","Potion","Card"],"build_version":"2020-12-22","purchased_purges":1,"victory":false,"max_hp_per_floor":[66,66,66,66,66,66,66,66,66,66,66,66,66,66,66,66,66,66,66,66,66],"card_choices":[{"not_picked":["Sucker Punch","Expertise"],"picked":"Deadly Poison","floor":1.0},{"not_picked":["Slice","Bane"],"picked":"Cloak And Dagger","floor":2.0},{"not_picked":["Dagger Spray","Deflect"],"picked":"Concentrate","floor":3.0},{"not_picked":["Dagger Spray","Crippling Poison"],"picked":"Predator","floor":7.0},{"not_picked":["Choke","Eviscerate"],"picked":"PiercingWail","floor":8.0},{"not_picked":["Deadly Poison","Dagger Throw","Unload"],"picked":"SKIP","floor":11.0},{"not_picked":["Deflect","Flechettes"],"picked":"Calculated Gamble","floor":12.0},{"not_picked":["Quick Slash","Tactician"],"picked":"Flying Knee","floor":14.0},{"not_picked":["Deflect","Poisoned Stab"],"picked":"Flechettes","floor":18.0},{"not_picked":["Slice","Accuracy"],"picked":"Acrobatics","floor":19},{"not_picked":["Masterful Stab","Dagger Spray"],"picked":"Crippling Poison","floor":19}],"player_experience":495417,"relics_obtained":[{"floor":5.0,"key":"Vajra"},{"floor":8.0,"key":"Old Coin"},{"floor":11.0,"key":"CaptainsWheel"}],"event_choices":[{"damage_healed":0.0,"max_hp_gain":0.0,"max_hp_loss":0.0,"gold_gain":0.0,"event_name":"Liars Game","player_choice":"Ignored","floor":4.0,"gold_loss":0.0,"damage_taken":0.0},{"damage_healed":0,"gold_gain":0,"player_choice":"Fought Bandits","damage_taken":0,"max_hp_gain":0,"max_hp_loss":0,"event_name":"Masked Bandits","floor":20,"gold_loss":0}],"is_beta":false,"boss_relics":[{"not_picked":["Tiny House","HoveringKite"],"picked":"Black Star"}],"items_purged_floors":[19],"is_endless":false,"potions_floor_spawned":[7,11,12,16],"killed_by":"Masked Bandits","ascension_level":20}}