{"host":"ydujlihd8f5px9gp","time":1614118215,"event":{"mods":["AchievementEnabler","BaseMod","Block Reminder","Colored Map","Minty Spire (QoL Compilation)","StSLib","ojb\u0027s Info Mod"],"gold_per_floor":[110,127,0,68,88,114,114,30,82,82,182,201,221,241,241,241,241],"floor_reached":16,"language":"ENG","playtime":380,"items_purged":[],"score":122,"play_id":"7c4aef8c-9278-41c9-8422-eb444197abce","local_time":"20210223191015","is_ascension_mode":true,"campfire_choices":[{"data":"Defragment","floor":7,"key":"SMITH"},{"data":"Zap","floor":10,"key":"SMITH"},{"floor":15,"key":"REST"}],"circlet_count":0,"master_deck":["Strike_B","Strike_B","Strike_B","Strike_B","Defend_B","Defend_B","Defend_B","Defend_B","Zap+1","Dualcast","All For One","Swift Strike","Storm","Loop","Defragment+1","Capacitor","Gash","FTL","Scrape","Gash"],"relics":["Cracked Core","Happy Flower","Tiny Chest"],"acts_visited":["Exordium"],"potions_floor_usage":[6],"damage_taken":[{"damage":8,"enemies":"2 Louse","floor":1,"turns":3},{"damage":8,"enemies":"Jaw Worm","floor":2,"turns":4},{"damage":16,"enemies":"Small Slimes","floor":5,"turns":3},{"damage":25,"enemies":"Lagavulin","floor":6,"turns":7},{"damage":9,"enemies":"Red Slaver","floor":12,"turns":2},{"damage":0,"enemies":"2 Fungi Beasts","floor":13,"turns":3},{"damage":8,"enemies":"Exordium Wildlife","floor":14,"turns":4},{"damage":27,"enemies":"Hexaghost","floor":16,"turns":7}],"seed_played":"6136358702073614029","potions_obtained":[{"floor":5,"key":"PowerPotion"},{"floor":6,"key":"Ancient Potion"},{"floor":12,"key":"PotionOfCapacity"}],"is_trial":false,"path_per_floor":["M","M","$","?","M","E","R","$","T","R","?","M","M","M","R","B"],"character_chosen":"DEFECT","items_purchased":["Swift Strike","Storm","Capacitor","Gash"],"campfire_rested":1,"item_purchase_floors":[3,3,8,8],"current_hp_per_floor":[67,59,59,59,43,18,18,18,18,18,18,9,9,1,23,0,0],"gold":241,"neow_bonus":"ONE_RANDOM_RARE_CARD","is_daily":false,"chose_seed":false,"campfire_upgraded":2,"win_rate":0.0,"timestamp":1614118215,"path_taken":["M","M","$","?","M","E","R","?","T","R","?","?","M","M","R","BOSS"],"items_purchased_type":["Card","Card","Card","Card"],"build_version":"2020-12-22","purchased_purges":0,"victory":false,"max_hp_per_floor":[75,75,75,75,75,75,75,75,75,75,75,75,75,75,75,75,75],"card_choices":[{"not_picked":["Redo","Hologram","Blizzard"],"picked":"SKIP","floor":1},{"not_picked":["Ball Lightning","Buffer","Coolheaded"],"picked":"SKIP","floor":2},{"not_picked":["Recycle","Turbo"],"picked":"Loop","floor":5},{"not_picked":["Chill","Redo"],"picked":"Defragment","floor":6},{"not_picked":["Melter","Hologram"],"picked":"FTL","floor":12},{"not_picked":["Rebound","Chaos"],"picked":"Scrape","floor":13},{"not_picked":["Reboot","Chill"],"picked":"Gash","floor":14}],"player_experience":169356,"relics_obtained":[{"floor":6,"key":"Happy Flower"},{"floor":9,"key":"Tiny Chest"}],"event_choices":[{"damage_healed":0,"gold_gain":68,"player_choice":"Gained Gold","damage_taken":0,"max_hp_gain":0,"max_hp_loss":0,"event_name":"Golden Wing","floor":4,"gold_loss":0},{"damage_healed":0,"gold_gain":100,"player_choice":"Pray","damage_taken":0,"max_hp_gain":0,"max_hp_loss":0,"event_name":"Golden Shrine","floor":11,"gold_loss":0}],"is_beta":false,"boss_relics":[],"items_purged_floors":[],"is_endless":false,"potions_floor_spawned":[5,6,12],"killed_by":"Hexaghost","ascension_level":4}}