{"host":"1mv6gj0zv8k9e9tz","time":1614074535,"event":{"mods":["AchievementEnabler","BaseMod","Better Third Choice","Colored Map","DeckTracker","Highlight Path","KOR Keyword Fix","Keyboard Shortcuts","Minty Spire (QoL Compilation)","Permanent Neow","Quick Restart","Rare Cards Sparkle","StSLib","SuperFastMode","everything is the same but u backflip on backflip"],"gold_per_floor":[114,134,134,153,163,163,192,192,245,277,277,2,19,39,39,39,39],"floor_reached":16,"language":"KOR","playtime":418,"items_purged":[],"score":218,"play_id":"6a69c987-604e-41b3-8572-1b1ea8a549d9","local_time":"20210223190215","is_ascension_mode":true,"campfire_choices":[{"data":"Dualcast","floor":6.0,"key":"SMITH"},{"data":"Go for the Eyes","floor":8.0,"key":"SMITH"},{"floor":15,"key":"REST"}],"circlet_count":0,"master_deck":["AscendersBane","Strike_B","Strike_B","Strike_B","Strike_B","Defend_B","Defend_B","Defend_B","Defend_B","Zap+1","Dualcast+1","Biased Cognition","Coolheaded","Hologram","Go for the Eyes+1","Capacitor","Capacitor","Capacitor","FTL"],"relics":["Cracked Core","The Courier","Lantern","Art of War"],"acts_visited":["Exordium"],"potions_floor_usage":[],"damage_taken":[{"damage":1.0,"enemies":"Cultist","floor":1.0,"turns":3.0},{"damage":2.0,"enemies":"Jaw Worm","floor":2.0,"turns":3.0},{"damage":0.0,"enemies":"2 Louse","floor":4.0,"turns":2.0},{"damage":21.0,"enemies":"Exordium Thugs","floor":5.0,"turns":5.0},{"damage":1.0,"enemies":"Lagavulin","floor":7.0,"turns":6.0},{"damage":26.0,"enemies":"Gremlin Nob","floor":10.0,"turns":4.0},{"damage":20,"enemies":"3 Louse","floor":13,"turns":2},{"damage":0,"enemies":"Exordium Wildlife","floor":14,"turns":3},{"damage":29,"enemies":"Hexaghost","floor":16,"turns":9}],"seed_played":"3336942540379335572","potions_obtained":[{"floor":2.0,"key":"FocusPotion"},{"floor":4.0,"key":"AttackPotion"}],"is_trial":false,"path_per_floor":["M","M","?","M","M","R","E","R","T","E","?","$","M","M","R","B"],"character_chosen":"DEFECT","items_purchased":["Capacitor","Capacitor","FairyPotion","Capacitor"],"campfire_rested":1,"item_purchase_floors":[12,12,12,12],"current_hp_per_floor":[63,61,61,61,40,40,39,39,39,13,2,2,8,8,29,0,0],"gold":39,"neow_bonus":"ONE_RANDOM_RARE_CARD","is_daily":false,"chose_seed":false,"campfire_upgraded":2,"win_rate":0.0,"timestamp":1614074535,"path_taken":["M","?","?","M","M","R","E","R","T","E","?","$","M","M","R","BOSS"],"items_purchased_type":["Card","Card","Potion","Card"],"build_version":"2020-12-22","purchased_purges":0,"victory":false,"max_hp_per_floor":[71,71,71,71,71,71,71,71,71,71,71,71,71,71,71,71,71],"card_choices":[{"not_picked":["Barrage","Leap"],"picked":"Coolheaded","floor":1.0},{"not_picked":["Chaos","Blizzard"],"picked":"Hologram","floor":2.0},{"not_picked":["Cold Snap","Streamline"],"picked":"Go for the Eyes","floor":4.0},{"not_picked":["Go for the Eyes","Leap","Hologram"],"picked":"SKIP","floor":5.0},{"not_picked":["Genetic Algorithm","Rebound","Scrape"],"picked":"SKIP","floor":7.0},{"not_picked":["Genetic Algorithm","Rebound","Scrape"],"picked":"SKIP","floor":7.0},{"not_picked":["Steam","Compile Driver","Amplify"],"picked":"SKIP","floor":10.0},{"not_picked":["Streamline","Hologram"],"picked":"FTL","floor":13},{"not_picked":["Reprogram","Steam","Compile Driver"],"picked":"SKIP","floor":14}],"player_experience":660001,"relics_obtained":[{"floor":7.0,"key":"The Courier"},{"floor":10.0,"key":"Lantern"}],"event_choices":[{"damage_healed":0.0,"max_hp_gain":0.0,"max_hp_loss":0.0,"gold_gain":0.0,"event_name":"Living Wall","player_choice":"Grow","floor":3.0,"gold_loss":0.0,"damage_taken":0.0,"cards_upgraded":["Zap"]},{"damage_healed":0.0,"max_hp_gain":0.0,"max_hp_loss":0.0,"gold_gain":0.0,"event_name":"betterThird:BetterScrap","player_choice":"Relic ","floor":11.0,"gold_loss":0.0,"damage_taken":11.0,"cards_obtained":["Double Tap"]}],"is_beta":false,"boss_relics":[],"items_purged_floors":[],"is_endless":false,"potions_floor_spawned":[2,4],"killed_by":"Hexaghost","ascension_level":19}}