{"host":"2fgwwnzqc97k7iys","time":1614112399,"event":{"mods":["BaseMod","Colored Map","Minty Spire (QoL Compilation)","Quick Restart","Relic Stats"],"gold_per_floor":[110,128,147,127,141,141,153,188,188,204,215,215,230,244,244,244,244],"floor_reached":16,"language":"ENG","playtime":1071,"items_purged":[],"score":162,"play_id":"859477c1-954f-451b-a196-3e723605c6c1","local_time":"20210223143319","is_ascension_mode":true,"campfire_choices":[{"data":"EmptyFist","floor":6.0,"key":"SMITH"},{"data":"Protect","floor":12,"key":"SMITH"},{"data":"ThirdEye","floor":15,"key":"SMITH"}],"circlet_count":0,"master_deck":["AscendersBane","Strike_P","Strike_P","Strike_P","Strike_P","Defend_P","Defend_P","Defend_P","Defend_P","Eruption+1","Vigilance","CarveReality","EmptyFist+1","DeusExMachina","Consecrate","CarveReality","ThirdEye+1","Protect+1","ThirdEye"],"relics":["PureWater","Lantern","Calipers"],"acts_visited":["Exordium"],"potions_floor_usage":[13],"damage_taken":[{"damage":1.0,"enemies":"Small Slimes","floor":1.0,"turns":4.0},{"damage":0.0,"enemies":"Cultist","floor":2.0,"turns":2.0},{"damage":1.0,"enemies":"2 Louse","floor":3.0,"turns":2.0},{"damage":9.0,"enemies":"Red Slaver","floor":5.0,"turns":2.0},{"damage":16.0,"enemies":"Gremlin Gang","floor":7.0,"turns":4.0},{"damage":27,"enemies":"3 Sentries","floor":8,"turns":7},{"damage":3,"enemies":"Blue Slaver","floor":10,"turns":3},{"damage":2,"enemies":"3 Louse","floor":11,"turns":2},{"damage":0,"enemies":"Looter","floor":13,"turns":2},{"damage":0,"enemies":"Red Slaver","floor":14,"turns":4},{"damage":8,"enemies":"Hexaghost","floor":16,"turns":9}],"seed_played":"-906967652450700802","potions_obtained":[{"floor":1.0,"key":"Ancient Potion"},{"floor":4.0,"key":"Weak Potion"},{"floor":8,"key":"CultistPotion"}],"is_trial":false,"path_per_floor":["M","M","M","?","M","R","M","E","T","M","M","R","M","M","R","B"],"character_chosen":"WATCHER","items_purchased":[],"campfire_rested":0,"item_purchase_floors":[],"current_hp_per_floor":[64,64,63,63,54,54,38,11,11,8,6,6,6,6,6,0,0],"gold":244,"neow_bonus":"UPGRADE_CARD","is_daily":false,"chose_seed":false,"campfire_upgraded":3,"win_rate":0.0,"timestamp":1614112399,"path_taken":["M","M","M","?","M","R","M","E","T","?","M","R","?","?","R","BOSS"],"items_purchased_type":[],"build_version":"2020-12-22","purchased_purges":0,"victory":false,"max_hp_per_floor":[72,72,72,72,72,72,72,72,72,72,72,72,72,72,72,72,72],"relic_stats":{"counters":[11,41],"obtain_stats":[{"Lantern":8,"Calipers":9,"PureWater":0},{"Lantern":6,"Calipers":6,"PureWater":0},{"Lantern":21,"Calipers":21,"PureWater":0}]},"card_choices":[{"not_picked":["WheelKick","ClearTheMind"],"picked":"CarveReality","floor":1.0},{"not_picked":["EmptyBody","Crescendo","Indignation"],"picked":"SKIP","floor":2.0},{"not_picked":["Crescendo","ClearTheMind"],"picked":"EmptyFist","floor":3.0},{"not_picked":["ReachHeaven","Halt"],"picked":"DeusExMachina","floor":5.0},{"not_picked":["Meditate","WindmillStrike"],"picked":"Consecrate","floor":7.0},{"not_picked":["JustLucky","Prostrate"],"picked":"CarveReality","floor":8},{"not_picked":["CutThroughFate","EmptyFist"],"picked":"ThirdEye","floor":10},{"not_picked":["CrushJoints","SashWhip"],"picked":"Protect","floor":11},{"not_picked":["JustLucky","EmptyBody","Consecrate"],"picked":"SKIP","floor":13},{"not_picked":["Alpha","Study"],"picked":"ThirdEye","floor":14}],"player_experience":643812,"relics_obtained":[{"floor":8,"key":"Lantern"},{"floor":9,"key":"Calipers"}],"event_choices":[{"damage_healed":0.0,"max_hp_gain":0.0,"max_hp_loss":0.0,"gold_gain":0.0,"event_name":"The Woman in Blue","player_choice":"Bought 1 Potion","floor":4.0,"gold_loss":0.0,"damage_taken":0.0}],"is_beta":false,"boss_relics":[],"items_purged_floors":[],"is_endless":false,"potions_floor_spawned":[1,8,11],"killed_by":"Hexaghost","ascension_level":10}}