{"host":"qiddgr1lyn3b7c88","time":1614115790,"event":{"mods":["Aspiration","BaseMod","Colored Map","Highlight Path","Minty Spire (QoL Compilation)","Replay The Spire","Shop Mod","StSLib","Synergy Search","The Alterego","egg"],"gold_per_floor":[114,128,148,148,162,162,189,2,28,28,48,78,88,112,112,208,208,223,243,256,270,270,270,270],"floor_reached":23,"language":"ENG","playtime":1177,"items_purged":[],"score":297,"play_id":"d7cc8115-f5b2-4233-87b8-13fc639d287a","local_time":"20210223162950","is_ascension_mode":true,"campfire_choices":[{"data":"Loop","floor":6,"key":"SMITH"},{"data":"Machine Learning","floor":10,"key":"SMITH"},{"data":"Rainbow","floor":15,"key":"SMITH"}],"circlet_count":0,"master_deck":["Strike_B","Strike_B","Strike_B","Defend_B","Defend_B","Defend_B","Defend_B","Zap","Dualcast","Cold Snap","Loop+1","Coolheaded","Undo","Machine Learning+1","Cold Snap+1","Ball Lightning+1","Sunder+1","Rainbow+1","Go for the Eyes+1","Barrage+1","ReplayTheSpireMod:Calculation Training+1","Fusion+1","Machine Learning","ReplayTheSpireMod:System Scan","Turbo","Cold Snap+1"],"relics":["Cracked Core","aspiration:Nostalgia","Ring of the Snake","Bronze Scales","TheAbacus","Potion Belt","Molten Egg 2","Odd Mushroom","aspiration:PoetsPen_weak","Prayer Wheel","NlothsMask"],"acts_visited":["Exordium","TheCity"],"potions_floor_usage":[11,12,16,16,16],"damage_taken":[{"damage":2,"enemies":"Jaw Worm","floor":1,"turns":5},{"damage":0,"enemies":"Cultist","floor":2,"turns":3},{"damage":5,"enemies":"2 Louse","floor":3,"turns":3},{"damage":9,"enemies":"Blue Slaver","floor":5,"turns":5},{"damage":10,"enemies":"Replay:BlueRogue","floor":7,"turns":9},{"damage":0,"enemies":"Gremlin Gang","floor":11,"turns":3},{"damage":15,"enemies":"3 Sentries","floor":12,"turns":8},{"damage":1,"enemies":"Exordium Thugs","floor":13,"turns":5},{"damage":2,"enemies":"The Mushroom Lair","floor":14,"turns":2},{"damage":8,"enemies":"Slime Boss","floor":16,"turns":6},{"damage":15,"enemies":"Shell Parasite","floor":18,"turns":5},{"damage":22,"enemies":"2 Thieves","floor":19,"turns":3},{"damage":10,"enemies":"Sentry and Sphere","floor":20,"turns":4},{"damage":0,"enemies":"3 Cultists","floor":21,"turns":4},{"damage":14,"enemies":"Book of Stabbing","floor":23,"turns":2}],"seed_played":"-2131187197024413928","potions_obtained":[{"floor":2,"key":"ColorlessPotion"},{"floor":5,"key":"Explosive Potion"},{"floor":7,"key":"FearPotion"},{"floor":12,"key":"SteroidPotion"},{"floor":13,"key":"AttackPotion"},{"floor":20,"key":"Venom Potion"}],"is_trial":false,"path_per_floor":["M","M","M","?","M","R","E","$","T","R","M","E","M","?","R","B",null,"M","M","M","M","?","E"],"character_chosen":"DEFECT","items_purchased":["TheAbacus","Cold Snap+1"],"campfire_rested":0,"item_purchase_floors":[8,8],"current_hp_per_floor":[66,66,61,61,52,52,42,42,42,42,42,27,26,24,24,16,60,45,23,13,13,13,0,0],"gold":270,"neow_bonus":"NOSTALGIA","is_daily":false,"chose_seed":false,"campfire_upgraded":3,"win_rate":0.0,"timestamp":1614115790,"path_taken":["M","M","M","?","?","R","E","$","T","R","M","E","M","?","R","BOSS","M","M","M","M","?","E"],"items_purchased_type":["Relic","Card"],"build_version":"2020-12-22","purchased_purges":0,"victory":false,"max_hp_per_floor":[75,75,75,75,75,75,75,75,75,75,75,75,75,75,75,75,75,75,75,75,75,75,75,75],"card_choices":[{"not_picked":["Coolheaded","Force Field"],"picked":"Cold Snap","floor":1},{"not_picked":["Time Bomb","Redo"],"picked":"Loop","floor":2},{"not_picked":["ReplaySort","Heatsinks"],"picked":"Coolheaded","floor":3},{"not_picked":["ReplayTheSpireMod:Reroute Power","Gash"],"picked":"Undo","floor":5},{"not_picked":["Double Energy","Panic Button"],"picked":"Machine Learning","floor":7},{"not_picked":["Tempest","Rebound","Gash"],"picked":"SKIP","floor":11},{"not_picked":["Barrage+1","Hello World"],"picked":"Ball Lightning+1","floor":12},{"not_picked":["Redo","Aggregate"],"picked":"Sunder+1","floor":13},{"not_picked":["Turbo","Scrape+1"],"picked":"Rainbow","floor":14},{"not_picked":["Thunder Strike+1","ReplayTheSpireMod:Omega Cannon+1"],"picked":"ReplayTheSpireMod:Fabricate Wheel","floor":16},{"not_picked":["Time Bomb","Chill"],"picked":"Go for the Eyes+1","floor":18},{"not_picked":["FTL+1","Skim"],"picked":"Barrage+1","floor":18},{"not_picked":["Sweeping Beam+1","Leap+1"],"picked":"ReplayTheSpireMod:Calculation Training+1","floor":19},{"not_picked":["Beam Cell+1","Go for the Eyes+1"],"picked":"Fusion+1","floor":19},{"not_picked":["Go for the Eyes+1","Leap"],"picked":"Machine Learning","floor":20},{"not_picked":["Aggregate","Hologram"],"picked":"ReplayTheSpireMod:System Scan","floor":20},{"not_picked":["Panic Button+1","Leap"],"picked":"Turbo","floor":21},{"not_picked":["Conserve Battery","Steam"],"picked":"Cold Snap+1","floor":21}],"player_experience":1066673,"relics_obtained":[{"floor":7,"key":"Bronze Scales"},{"floor":9,"key":"Potion Belt"},{"floor":12,"key":"Molten Egg 2"},{"floor":14,"key":"Odd Mushroom"}],"event_choices":[{"cards_removed":["Strike_B"],"damage_healed":0,"gold_gain":0,"player_choice":"Offered Basic","damage_taken":0,"max_hp_gain":0,"max_hp_loss":0,"event_name":"Bonfire Elementals","floor":4,"gold_loss":0},{"damage_healed":0,"gold_gain":0,"player_choice":"Fought Mushrooms","damage_taken":0,"max_hp_gain":0,"max_hp_loss":0,"event_name":"Mushrooms","floor":14,"gold_loss":0},{"damage_healed":0,"gold_gain":0,"player_choice":"Trade","damage_taken":0,"relics_obtained":["NlothsMask"],"max_hp_gain":0,"max_hp_loss":0,"event_name":"FaceTrader","floor":22,"gold_loss":0}],"is_beta":false,"boss_relics":[{"not_picked":["Painkiller Herb","Astrolabe"],"picked":"aspiration:PoetsPen_weak"}],"items_purged_floors":[],"is_endless":false,"potions_floor_spawned":[2,5,7,12,13,20],"killed_by":"Book of Stabbing","ascension_level":9}}