{"host":"lsq35p0sdkx2xifo","time":1614082420,"event":{"mods":["AchievementEnabler","BaseMod","Highlight Path","Minty Spire (QoL Compilation)","StSLib"],"gold_per_floor":[115,127,22,41,60,93,109,25,74,108,10,25,25,40,40,117,117,129,146,46,46,96,96,124,124,124],"floor_reached":25,"language":"ENG","playtime":1188,"items_purged":["Strike_R","Strike_R"],"score":466,"play_id":"6c6bdaa0-be6a-43a3-9fa8-6a05c9b43c51","local_time":"20210223041340","is_ascension_mode":true,"campfire_choices":[{"floor":13,"key":"REST"},{"data":"Battle Trance","floor":15,"key":"SMITH"},{"floor":23,"key":"REST"}],"circlet_count":0,"master_deck":["AscendersBane","Strike_R","Strike_R","Strike_R","Defend_R","Defend_R","Defend_R","Defend_R","Bash","Anger","Inflame","Clash","Shrug It Off","Evolve","Rage","Thunderclap","Battle Trance+1","Intimidate","Trip","Anger","Rage","Limit Break","Uppercut"],"relics":["Burning Blood","Regal Pillow","Potion Belt","StrikeDummy","Runic Pyramid","Anchor"],"acts_visited":["Exordium","TheCity"],"potions_floor_usage":[10,10,16,18,19],"damage_taken":[{"damage":6,"enemies":"Cultist","floor":1,"turns":3},{"damage":7,"enemies":"Small Slimes","floor":2,"turns":3},{"damage":2,"enemies":"2 Louse","floor":4,"turns":3},{"damage":5,"enemies":"Gremlin Gang","floor":5,"turns":4},{"damage":19,"enemies":"3 Sentries","floor":6,"turns":8},{"damage":15,"enemies":"Exordium Wildlife","floor":7,"turns":6},{"damage":36,"enemies":"Gremlin Nob","floor":10,"turns":4},{"damage":15,"enemies":"Red Slaver","floor":12,"turns":5},{"damage":14,"enemies":"Blue Slaver","floor":14,"turns":3},{"damage":38,"enemies":"The Guardian","floor":16,"turns":10},{"damage":29,"enemies":"Shell Parasite","floor":18,"turns":5},{"damage":10,"enemies":"3 Byrds","floor":19,"turns":6},{"damage":61,"enemies":"Book of Stabbing","floor":24,"turns":6},{"damage":32,"enemies":"Snake Plant","floor":25,"turns":4}],"seed_played":"868014368908995743","potions_obtained":[{"floor":4,"key":"Ancient Potion"},{"floor":6,"key":"BloodPotion"},{"floor":14,"key":"FearPotion"},{"floor":16,"key":"AttackPotion"},{"floor":18,"key":"Fire Potion"}],"is_trial":false,"path_per_floor":["M","M","$","M","M","E","M","$","T","E","$","M","R","M","R","B",null,"M","M","$","?","?","R","E","M"],"character_chosen":"IRONCLAD","items_purchased":["Clash","Battle Trance","Trip"],"campfire_rested":2,"item_purchase_floors":[3,8,11],"current_hp_per_floor":[75,74,74,78,79,66,57,57,57,43,43,34,73,65,65,33,70,47,43,43,43,43,82,27,0,0],"gold":124,"neow_bonus":"TEN_PERCENT_HP_BONUS","is_daily":false,"chose_seed":false,"campfire_upgraded":1,"win_rate":0.0,"timestamp":1614082420,"path_taken":["M","M","$","M","M","E","M","$","T","E","$","M","R","?","R","BOSS","M","M","$","?","?","R","E","M"],"items_purchased_type":["Card","Card","Card"],"build_version":"2020-12-22","purchased_purges":2,"victory":false,"max_hp_per_floor":[82,82,82,82,82,82,82,82,82,82,82,82,82,82,82,82,82,82,82,82,82,82,82,82,82,82],"card_choices":[{"not_picked":["True Grit","Shockwave"],"picked":"Anger","floor":1},{"not_picked":["Infernal Blade","Metallicize"],"picked":"Inflame","floor":2},{"not_picked":["Sword Boomerang","Searing Blow"],"picked":"Shrug It Off","floor":4},{"not_picked":["Flex","Reckless Charge"],"picked":"Evolve","floor":5},{"not_picked":["Evolve","Twin Strike"],"picked":"Rage","floor":6},{"not_picked":["Bloodletting","Cleave"],"picked":"Thunderclap","floor":7},{"not_picked":["Wild Strike","Feel No Pain"],"picked":"Intimidate","floor":10},{"not_picked":["Cleave","Juggernaut"],"picked":"Anger","floor":12},{"not_picked":["Headbutt","Perfected Strike"],"picked":"Rage","floor":14},{"not_picked":["Immolate","Fiend Fire"],"picked":"Limit Break","floor":16},{"not_picked":["Pommel Strike","Clothesline"],"picked":"Uppercut","floor":18},{"not_picked":["Dark Embrace","Headbutt","Shrug It Off"],"picked":"SKIP","floor":19},{"not_picked":["Anger+1","Iron Wave","Rupture"],"picked":"SKIP","floor":24}],"player_experience":1305503,"relics_obtained":[{"floor":6,"key":"Regal Pillow"},{"floor":9,"key":"Potion Belt"},{"floor":10,"key":"StrikeDummy"},{"floor":24,"key":"Anchor"}],"event_choices":[{"damage_healed":0,"gold_gain":0,"player_choice":"Ignored","damage_taken":0,"max_hp_gain":0,"max_hp_loss":0,"event_name":"The Mausoleum","floor":21,"gold_loss":0},{"damage_healed":0,"gold_gain":50,"player_choice":"Stole From Cult","damage_taken":0,"max_hp_gain":0,"max_hp_loss":0,"event_name":"Nest","floor":22,"gold_loss":0}],"is_beta":false,"boss_relics":[{"not_picked":["Philosopher\u0027s Stone","Snecko Eye"],"picked":"Runic Pyramid"}],"items_purged_floors":[3,20],"is_endless":false,"potions_floor_spawned":[4,6,14,16,18],"killed_by":"Snake Plant","ascension_level":20}}