{"host":"dkr0dog13pegamnp","time":1614086261,"event":{"mods":["AchievementEnabler","BaseMod","Minty Spire (QoL Compilation)","Rare Cards Sparkle","StSLib","SuperFastMode","everything is the same but u backflip on backflip"],"gold_per_floor":[215,215,63,82,95,95,45,45,45,55,55,69,95,105,105,105,105],"floor_reached":16,"language":"KOR","playtime":351,"items_purged":["Strike_G"],"score":173,"play_id":"0dbf0825-d1c9-4d3e-bbef-485d5899bf30","local_time":"20210223221741","is_ascension_mode":true,"campfire_choices":[{"data":"Cloak And Dagger","floor":6,"key":"SMITH"},{"data":"Cloak And Dagger","floor":8,"key":"SMITH"},{"floor":15,"key":"REST"}],"circlet_count":0,"master_deck":["AscendersBane","Strike_G","Strike_G","Strike_G","Strike_G","Defend_G+1","Defend_G","Defend_G","Defend_G","Defend_G","Survivor+1","Neutralize","Backflip","Accuracy","Poisoned Stab","Cloak And Dagger+1","Cloak And Dagger+1","Dash"],"relics":["Ring of the Snake","Matryoshka","Bronze Scales","Mummified Hand"],"acts_visited":["Exordium"],"potions_floor_usage":[13,13],"damage_taken":[{"damage":0,"enemies":"2 Louse","floor":1,"turns":4},{"damage":0,"enemies":"Jaw Worm","floor":4,"turns":6},{"damage":0,"enemies":"Cultist","floor":5,"turns":4},{"damage":0,"enemies":"Blue Slaver","floor":10,"turns":3},{"damage":0,"enemies":"Exordium Wildlife","floor":12,"turns":3},{"damage":11,"enemies":"Lagavulin","floor":13,"turns":6},{"damage":1,"enemies":"Large Slime","floor":14,"turns":6},{"damage":23,"enemies":"Slime Boss","floor":16,"turns":7}],"seed_played":"8223241217373962593","potions_obtained":[{"floor":4,"key":"Swift Potion"},{"floor":12,"key":"SneckoOil"},{"floor":13,"key":"SmokeBomb"}],"is_trial":false,"path_per_floor":["M","?","$","M","M","R","$","R","T","M","?","M","E","M","R","B"],"character_chosen":"THE_SILENT","items_purchased":["Accuracy","Cloak And Dagger"],"campfire_rested":1,"item_purchase_floors":[3,7],"current_hp_per_floor":[59,46,46,46,46,46,46,46,46,46,13,13,2,1,20,0,0],"gold":105,"neow_bonus":"HUNDRED_GOLD","is_daily":false,"chose_seed":false,"campfire_upgraded":2,"win_rate":0.0,"timestamp":1614086261,"path_taken":["M","?","$","M","M","R","$","R","T","M","?","M","E","?","R","BOSS"],"items_purchased_type":["Card","Card"],"build_version":"2020-12-22","purchased_purges":1,"victory":false,"max_hp_per_floor":[66,66,66,66,66,66,66,66,66,66,66,66,66,66,66,66,66],"card_choices":[{"not_picked":["Poisoned Stab","Acrobatics"],"picked":"Backflip","floor":1},{"not_picked":["Bane","Backflip"],"picked":"Poisoned Stab","floor":4},{"not_picked":["Acrobatics","Underhanded Strike"],"picked":"Cloak And Dagger","floor":5},{"not_picked":["Acrobatics","Reflex"],"picked":"Dash","floor":10},{"not_picked":["Backstab","Flechettes","Underhanded Strike"],"picked":"SKIP","floor":12},{"not_picked":["Glass Knife","Dagger Throw","Sucker Punch"],"picked":"SKIP","floor":13},{"not_picked":["Choke","Dagger Throw","Endless Agony"],"picked":"SKIP","floor":14}],"player_experience":102196,"relics_obtained":[{"floor":9,"key":"Matryoshka"},{"floor":13,"key":"Mummified Hand"}],"event_choices":[{"damage_healed":0,"gold_gain":0,"player_choice":"Entered Light","damage_taken":13,"max_hp_gain":0,"max_hp_loss":0,"event_name":"Shining Light","floor":2,"gold_loss":0,"cards_upgraded":["Defend_G","Survivor"]},{"damage_healed":0,"gold_gain":0,"player_choice":"Success","damage_taken":33,"relics_obtained":["Bronze Scales"],"max_hp_gain":0,"max_hp_loss":0,"event_name":"Scrap Ooze","floor":11,"gold_loss":0}],"is_beta":false,"boss_relics":[],"items_purged_floors":[3],"is_endless":false,"potions_floor_spawned":[4,12,13],"killed_by":"Slime Boss","ascension_level":14}}