{"host":"jzhosqkmc1ht3q4y","time":1614063565,"event":{"mods":["100% Spire Juice","2.2 Compatiblity","Act Like it!","Arknights","BaseMod","Better Third Choice","Colored Map","Marisa£¨Ùöéë¡¡Øª×âÞÞ£©","Minty Spire (QoL Compilation)","Rare Cards Sparkle","StSLib","SuperFastMode"],"gold_per_floor":[116,135,150,150,150,150,185,185,185,185,214,139,149,165,165,243,243,253,253,266,266,266],"floor_reached":21,"language":"ENG","playtime":2219,"items_purged":["Strike_MRS"],"score":375,"play_id":"fa7932e5-9130-4d3a-a229-3ab149d1ce87","local_time":"20210223155925","is_ascension_mode":true,"campfire_choices":[{"data":"StarBarrage","floor":6.0,"key":"SMITH"},{"data":"ManaConvection","floor":8.0,"key":"SMITH"},{"data":"UpSweep","floor":10.0,"key":"SMITH"},{"floor":15.0,"key":"REST"}],"circlet_count":0,"master_deck":["AscendersBane","Strike_MRS","Strike_MRS","Strike_MRS","Defend_MRS","Defend_MRS","Defend_MRS","Defend_MRS","MasterSpark","UpSweep+1","GalacticHalo+1","StarBarrage+1","ManaConvection+1","EnergyFlow+1","TreasureHunter","Acceleration"],"relics":["MiniHakkero","Incense Burner","Frozen Egg 2","Torii","Black Star","Bag of Marbles"],"acts_visited":["Exordium","TheCity"],"potions_floor_usage":[],"damage_taken":[{"damage":3.0,"enemies":"ats:Genji","floor":1.0,"turns":3.0},{"damage":1.0,"enemies":"Cultist","floor":2.0,"turns":3.0},{"damage":9.0,"enemies":"Jaw Worm","floor":3.0,"turns":4.0},{"damage":21.0,"enemies":"Lagavulin","floor":7.0,"turns":7.0},{"damage":35.0,"enemies":"3 Sentries","floor":11.0,"turns":7.0},{"damage":0.0,"enemies":"Blue Slaver","floor":13.0,"turns":4.0},{"damage":0.0,"enemies":"Large Slime","floor":14.0,"turns":3.0},{"damage":19.0,"enemies":"Slime Boss","floor":16.0,"turns":7.0},{"damage":20.0,"enemies":"Chosen","floor":18.0,"turns":6.0},{"damage":20.0,"enemies":"3 Byrds","floor":20.0,"turns":6.0},{"damage":0,"enemies":"Centurion and Healer","floor":21,"turns":2}],"seed_played":"-997143084324578522","potions_obtained":[{"floor":2.0,"key":"DuplicationPotion"},{"floor":16.0,"key":"Energy Potion"}],"is_trial":false,"path_per_floor":["M","M","M","?","?","R","E","R","T","R","E","$","M","M","R","B",null,"M","T","M","M"],"character_chosen":"MARISA","items_purchased":[],"campfire_rested":1,"item_purchase_floors":[],"current_hp_per_floor":[67,66,57,57,57,57,36,36,36,36,1,1,1,1,24,5,59,39,39,19,19,19],"gold":266,"neow_bonus":"TEN_PERCENT_HP_BONUS","is_daily":false,"chose_seed":false,"campfire_upgraded":3,"win_rate":0.0,"timestamp":1614063565,"path_taken":["M","M","M","?","?","R","E","R","T","R","E","$","M","M","R","BOSS","M","?","?","M"],"items_purchased_type":[],"build_version":"2020-12-22","purchased_purges":1,"victory":false,"max_hp_per_floor":[77,77,77,77,77,77,77,77,77,77,77,77,77,77,77,77,77,77,77,77,77,77],"card_choices":[{"not_picked":["AsteroidBelt","LuminesStrike","UnstableBomb"],"picked":"SKIP","floor":1.0},{"not_picked":["DragonMeteor","GrandCross"],"picked":"GalacticHalo","floor":2.0},{"not_picked":["MilkyWay","AsteroidBelt"],"picked":"StarBarrage","floor":3.0},{"not_picked":["NonDirectionalLaser","GravityBeat"],"picked":"ManaConvection","floor":7.0},{"not_picked":["StarlightTyphoon","GrandCross","DC"],"picked":"SKIP","floor":11.0},{"not_picked":["MysteriousBeam","WitchOfGreed+1","SporeBomb"],"picked":"SKIP","floor":13.0},{"not_picked":["AsteroidBelt","MeteoricShower"],"picked":"EnergyFlow+1","floor":14.0},{"not_picked":["AbsoluteMagnitude","JA"],"picked":"TreasureHunter","floor":16.0},{"not_picked":["Occultation+1","MilkyWay"],"picked":"Acceleration","floor":18.0},{"not_picked":["OpenUniverse","PowerUp","GravityBeat"],"picked":"SKIP","floor":20.0}],"player_experience":932390,"relics_obtained":[{"floor":7.0,"key":"Incense Burner"},{"floor":9.0,"key":"Frozen Egg 2"},{"floor":11.0,"key":"Torii"},{"floor":19.0,"key":"Bag of Marbles"}],"event_choices":[{"damage_healed":0.0,"max_hp_gain":0.0,"max_hp_loss":0.0,"gold_gain":0.0,"event_name":"betterThird:BetterSerpent","player_choice":"Ignored","floor":4.0,"gold_loss":0.0,"damage_taken":150.0},{"damage_healed":0.0,"max_hp_gain":0.0,"max_hp_loss":0.0,"gold_gain":0.0,"event_name":"Upgrade Shrine","player_choice":"Upgraded","floor":5.0,"gold_loss":0.0,"damage_taken":0.0,"cards_upgraded":["GalacticHalo"]}],"is_beta":false,"boss_relics":[{"not_picked":["Fusion Hammer","SlaversCollar"],"picked":"Black Star"}],"items_purged_floors":[12],"is_endless":false,"potions_floor_spawned":[2,16],"killed_by":"Centurion and Healer","ascension_level":15}}