{"host":"sav7uxregyirlf69","time":1614043881,"event":{"mods":["AchievementEnabler","BaseMod","Colored Map","DeckTracker","Keyboard Shortcuts","Minty Spire (QoL Compilation)","READ ME - Guardian Mod","StSLib","SuperFastMode"],"gold_per_floor":[112,131,131,131,143,176,190,205,229,30,56,56,72,87,87,87,87],"floor_reached":16,"language":"KOR","playtime":291,"items_purged":["Strike_R"],"score":228,"play_id":"003ac55e-0709-4843-b3ea-dd29a3d20b5d","local_time":"20210223103121","is_ascension_mode":true,"campfire_choices":[{"floor":15,"key":"REST"}],"circlet_count":0,"master_deck":["AscendersBane","Strike_R","Strike_R","Strike_R","Strike_R","Defend_R","Defend_R","Defend_R+1","Defend_R","Bash","Feel No Pain+1","Sword Boomerang","Wild Strike","Seeing Red","Infernal Blade","Perfected Strike"],"relics":["Burning Blood","NeowsBlessing","Singing Bowl","MealTicket","Membership Card","Dream Catcher"],"acts_visited":["Exordium"],"potions_floor_usage":[6,8,16,16],"damage_taken":[{"damage":0.0,"enemies":"2 Louse","floor":1.0,"turns":1.0},{"damage":0.0,"enemies":"Small Slimes","floor":2.0,"turns":1.0},{"damage":0.0,"enemies":"Cultist","floor":5.0,"turns":1.0},{"damage":22,"enemies":"3 Sentries","floor":6,"turns":11},{"damage":11,"enemies":"Blue Slaver","floor":7,"turns":7},{"damage":13,"enemies":"3 Louse","floor":8,"turns":4},{"damage":32,"enemies":"Gremlin Nob","floor":11,"turns":4},{"damage":4,"enemies":"2 Fungi Beasts","floor":13,"turns":4},{"damage":5,"enemies":"Looter","floor":14,"turns":3},{"damage":57,"enemies":"Slime Boss","floor":16,"turns":9}],"seed_played":"7116123354060254555","potions_obtained":[{"floor":1.0,"key":"LiquidBronze"},{"floor":4.0,"key":"SpeedPotion"},{"floor":4.0,"key":"CultistPotion"},{"floor":7,"key":"SpeedPotion"},{"floor":13,"key":"ColorlessPotion"},{"floor":14,"key":"EntropicBrew"}],"is_trial":false,"path_per_floor":["M","M","?","?","M","E","M","M","T","$","E","?","M","M","R","B"],"character_chosen":"IRONCLAD","items_purchased":["Membership Card"],"campfire_rested":1,"item_purchase_floors":[10],"current_hp_per_floor":[74,75,52,52,58,44,41,34,34,49,23,23,25,28,52,0,0],"gold":87,"neow_bonus":"THREE_ENEMY_KILL","is_daily":false,"chose_seed":false,"campfire_upgraded":0,"win_rate":0.0,"timestamp":1614043881,"path_taken":["M","M","?","?","?","E","M","M","T","$","E","?","M","M","R","BOSS"],"items_purchased_type":["Relic"],"build_version":"2020-12-22","purchased_purges":1,"victory":false,"max_hp_per_floor":[75,75,75,75,75,77,79,79,79,79,79,79,79,81,81,81,81],"card_choices":[{"not_picked":["Dual Wield","Sword Boomerang"],"picked":"Feel No Pain","floor":1.0},{"not_picked":["Havoc","Iron Wave","True Grit"],"picked":"SKIP","floor":2.0},{"not_picked":["Shockwave","Shrug It Off"],"picked":"Sword Boomerang","floor":5.0},{"not_picked":["Perfected Strike","Rampage","Warcry"],"picked":"Singing Bowl","floor":6},{"not_picked":["Havoc","Thunderclap","Flame Barrier"],"picked":"Singing Bowl","floor":7},{"not_picked":["Double Tap","Perfected Strike"],"picked":"Wild Strike","floor":8},{"not_picked":["Cleave","Anger"],"picked":"Seeing Red","floor":11},{"not_picked":["Cleave","Rupture"],"picked":"Infernal Blade","floor":13},{"not_picked":["Pummel","Armaments","Seeing Red"],"picked":"Singing Bowl","floor":14},{"not_picked":["Flex","Wild Strike"],"picked":"Perfected Strike","floor":15}],"player_experience":1662764,"relics_obtained":[{"floor":6,"key":"Singing Bowl"},{"floor":9,"key":"MealTicket"},{"floor":11,"key":"Dream Catcher"}],"event_choices":[{"damage_healed":0.0,"max_hp_gain":0.0,"max_hp_loss":0.0,"gold_gain":0.0,"event_name":"Shining Light","player_choice":"Entered Light","floor":3.0,"gold_loss":0.0,"damage_taken":23.0,"cards_upgraded":["Feel No Pain","Defend_R"]},{"damage_healed":0.0,"max_hp_gain":0.0,"max_hp_loss":0.0,"gold_gain":0.0,"event_name":"Lab","player_choice":"Got Potions","floor":4.0,"gold_loss":0.0,"damage_taken":0.0},{"damage_healed":0,"gold_gain":0,"player_choice":"Fled","damage_taken":0,"max_hp_gain":0,"max_hp_loss":0,"event_name":"Scrap Ooze","floor":12,"gold_loss":0}],"is_beta":false,"boss_relics":[],"items_purged_floors":[10],"is_endless":false,"potions_floor_spawned":[1,7,13,14],"killed_by":"Slime Boss","ascension_level":20}}