{"host":"8ztb9kwpjc2zof9s","time":1614052958,"event":{"mods":["BaseMod","Block Reminder","Curses Come First","Minty Spire (QoL Compilation)","Relic Stats","StSLib"],"gold_per_floor":[118,193,193,208,1,1,28,28,52,65,77,111,111,124,124,124,124],"floor_reached":16,"language":"ENG","playtime":574,"items_purged":["Strike_G"],"score":243,"play_id":"cde60cfd-8ea6-449e-a758-11921190dcd0","local_time":"20210222200238","is_ascension_mode":true,"campfire_choices":[{"data":"Flechettes","floor":6,"key":"SMITH"},{"data":"Wraith Form v2","floor":13,"key":"SMITH"},{"floor":15,"key":"REST"}],"circlet_count":0,"master_deck":["AscendersBane","Strike_G","Strike_G","Strike_G","Defend_G","Defend_G","Defend_G","Defend_G","Defend_G","Survivor","Neutralize","Dash","Flechettes+1","Escape Plan","Deflect","Slice","Wraith Form v2+1","Well Laid Plans","Blade Dance","Blur"],"relics":["Ring of the Snake","NeowsBlessing","Ancient Tea Set","Snake Skull","Tiny Chest"],"acts_visited":["Exordium"],"potions_floor_usage":[11,12,16],"damage_taken":[{"damage":0,"enemies":"2 Louse","floor":1,"turns":1},{"damage":0,"enemies":"Jaw Worm","floor":4,"turns":1},{"damage":0,"enemies":"Gremlin Nob","floor":7,"turns":1},{"damage":0,"enemies":"Cultist","floor":10,"turns":3},{"damage":4,"enemies":"Large Slime","floor":11,"turns":6},{"damage":22,"enemies":"Lagavulin","floor":12,"turns":8},{"damage":3,"enemies":"Lots of Slimes","floor":14,"turns":5},{"damage":59,"enemies":"Slime Boss","floor":16,"turns":14}],"seed_played":"8378122646055464926","potions_obtained":[{"floor":4,"key":"FearPotion"},{"floor":7,"key":"AttackPotion"},{"floor":12,"key":"Fire Potion"}],"is_trial":false,"path_per_floor":["M","?","?","M","$","R","E","$","T","M","M","E","R","M","R","B"],"character_chosen":"THE_SILENT","items_purchased":["Escape Plan","Deflect"],"campfire_rested":1,"item_purchase_floors":[5,5],"current_hp_per_floor":[59,59,59,59,59,59,59,59,59,59,55,33,33,30,49,0,0],"gold":124,"neow_bonus":"THREE_ENEMY_KILL","is_daily":false,"chose_seed":false,"campfire_upgraded":2,"win_rate":0.0,"timestamp":1614052958,"path_taken":["M","?","?","M","$","R","E","$","T","M","M","E","R","?","R","BOSS"],"items_purchased_type":["Card","Card"],"build_version":"2020-12-22","purchased_purges":1,"victory":false,"max_hp_per_floor":[66,66,66,66,66,66,66,66,66,66,66,66,66,66,66,66,66],"relic_stats":{"counters":[8,39],"Tiny Chest":0,"Snake Skull":[0],"obtain_stats":[{"NeowsBlessing":0,"Tiny Chest":12,"Snake Skull":9,"Ancient Tea Set":7,"Ring of the Snake":0},{"NeowsBlessing":0,"Tiny Chest":6,"Snake Skull":3,"Ancient Tea Set":3,"Ring of the Snake":0},{"NeowsBlessing":0,"Tiny Chest":20,"Snake Skull":3,"Ancient Tea Set":3,"Ring of the Snake":0}],"Ring of the Snake":[16]},"card_choices":[{"not_picked":["Dagger Throw","Skewer"],"picked":"Dash","floor":1},{"not_picked":["Sucker Punch","Heel Hook","Finisher"],"picked":"SKIP","floor":4},{"not_picked":["Eviscerate","Prepared"],"picked":"Slice","floor":7},{"not_picked":["Deadly Poison","Tactician"],"picked":"Wraith Form v2","floor":10},{"not_picked":["Backflip","Backstab"],"picked":"Well Laid Plans","floor":11},{"not_picked":["Well Laid Plans","Choke"],"picked":"Blade Dance","floor":12},{"not_picked":["Calculated Gamble","Deflect"],"picked":"Blur","floor":14}],"player_experience":382700,"relics_obtained":[{"floor":7,"key":"Ancient Tea Set"},{"floor":9,"key":"Snake Skull"},{"floor":12,"key":"Tiny Chest"}],"event_choices":[{"damage_healed":0,"gold_gain":75,"player_choice":"Gained Gold","damage_taken":0,"max_hp_gain":0,"max_hp_loss":0,"event_name":"Golden Wing","floor":2,"gold_loss":0},{"damage_healed":0,"gold_gain":0,"cards_transformed":["Strike_G"],"player_choice":"Transformed","damage_taken":0,"max_hp_gain":0,"max_hp_loss":0,"event_name":"Transmorgrifier","floor":3,"gold_loss":0,"cards_obtained":["Flechettes"]}],"is_beta":false,"boss_relics":[],"items_purged_floors":[5],"is_endless":false,"potions_floor_spawned":[4,7,12],"killed_by":"Slime Boss","ascension_level":16}}