{"host":"4w9vompg42n13q24","time":1614114798,"event":{"mods":["Act Like it!","Aspiration","BaseMod","Better Third Choice","BetterRewards","Colored Map","Colored Powertips","Conspire","Downfall","Hermit","Highlight Path","Hubris","Minty Spire (QoL Compilation)","Replay The Spire","Ruina","StSLib","The Druid","The Necromancer","Trackpad"],"gold_per_floor":[117,117,42,42,42,69,84,109,133,147,147,47,94,104,104,104,104],"floor_reached":16,"language":"ENG","playtime":952,"items_purged":["hermit:Strike_Hermit","hermit:Strike_Hermit"],"score":133,"play_id":"334679d3-efc1-48da-9432-901102afe29c","local_time":"20210223221318","is_ascension_mode":false,"campfire_choices":[{"data":"hermit:EyeOfTheStorm","floor":11,"key":"SMITH"},{"data":"hermit:Virtue","floor":15,"key":"SMITH"}],"circlet_count":0,"master_deck":["hermit:Strike_Hermit","hermit:Defend_Hermit","hermit:Defend_Hermit","hermit:Defend_Hermit","hermit:Snapshot","hermit:Covet","hermit:Horror","hermit:Snipe+1","hermit:Virtue+1","hermit:Quickdraw","hermit:Deadeye","hermit:TakeAim","hermit:EyeOfTheStorm+1","hermit:EyeOfTheStorm"],"relics":["hermit:Momento","NeowsBlessing","Bird Faced Urn","trackpad:CultistFigurine","Replay:Mystery Machine","trackpad:IceCube"],"acts_visited":["Exordium"],"potions_floor_usage":[16],"damage_taken":[{"damage":0,"enemies":"Jaw Worm","floor":1,"turns":1},{"damage":0,"enemies":"Gremlin Nob","floor":6,"turns":1},{"damage":0,"enemies":"conspire:RoseBush","floor":7,"turns":1},{"damage":6,"enemies":"Replay:BlueRogue","floor":8,"turns":5},{"damage":0,"enemies":"Cultist","floor":10,"turns":3},{"damage":5,"enemies":"Lots of Slimes","floor":14,"turns":3},{"damage":75,"enemies":"Fading Forest","floor":16,"turns":11}],"seed_played":"-2619010734078645911","potions_obtained":[{"floor":1,"key":"SpeedPotion"},{"floor":8,"key":"hexamod:SoulburnPotion"},{"floor":10,"key":"Weak Potion"}],"is_trial":false,"path_per_floor":["M","?","$","?","?","E","M","E","T","M","R","$","T","M","R","B"],"character_chosen":"HERMIT","items_purchased":[],"campfire_rested":0,"item_purchase_floors":[],"current_hp_per_floor":[75,68,68,68,68,68,68,62,62,62,62,62,62,59,59,0,0],"gold":104,"neow_bonus":"THREE_ENEMY_KILL","is_daily":false,"chose_seed":false,"campfire_upgraded":2,"win_rate":0.0,"timestamp":1614114798,"path_taken":["M","?","$","?","?","E","M","E","T","?","R","?","?","M","R","BOSS"],"items_purchased_type":[],"build_version":"2020-12-22","purchased_purges":2,"victory":false,"max_hp_per_floor":[75,75,75,75,75,75,75,75,75,75,75,75,75,75,75,75,75],"card_choices":[{"not_picked":["hermit:Combo","hermit:CalledShot"],"picked":"hermit:Horror","floor":1},{"not_picked":["hermit:Coalescence","hermit:TrackingShot"],"picked":"hermit:Quickdraw","floor":6},{"not_picked":["hermit:ShadowCloak","hermit:BodyArmor"],"picked":"hermit:Deadeye","floor":7},{"not_picked":["hermit:ItchyTrigger","hermit:Roulette"],"picked":"hermit:TakeAim","floor":8},{"not_picked":["hermit:FullyLoaded","hermit:HoleUp"],"picked":"hermit:EyeOfTheStorm","floor":10},{"not_picked":["hermit:HoleUp","hermit:ItchyTrigger"],"picked":"hermit:EyeOfTheStorm","floor":14}],"player_experience":682458,"relics_obtained":[{"floor":6,"key":"Bird Faced Urn"},{"floor":8,"key":"trackpad:CultistFigurine"},{"floor":9,"key":"Replay:Mystery Machine"},{"floor":13,"key":"trackpad:IceCube"}],"event_choices":[{"cards_removed":["hermit:Defend_Hermit"],"damage_healed":0,"gold_gain":0,"player_choice":"Card Removal","damage_taken":7,"max_hp_gain":0,"max_hp_loss":0,"event_name":"Golden Wing","floor":2,"gold_loss":0},{"damage_healed":0,"gold_gain":0,"player_choice":"1 cards matched","damage_taken":0,"max_hp_gain":0,"max_hp_loss":0,"event_name":"Match and Keep!","floor":5,"gold_loss":0,"cards_obtained":["hermit:Virtue"]}],"is_beta":false,"boss_relics":[],"items_purged_floors":[3,12],"is_endless":false,"potions_floor_spawned":[1,8,10,14],"killed_by":"Fading Forest","ascension_level":0}}