{"host":"snd6571rw3150vxe","time":1614115771,"event":{"mods":["AchievementEnabler","BaseMod","Bestiary","Colored Powertips","Highlight Path","Minty Spire (QoL Compilation)","Quick Restart","Random Character Button","Relic Stats","StSLib","slay the spire mod where everything is the same but ironclad has a cowboy hat"],"gold_per_floor":[117,117,117,138,138,172,172,208,208,208,224,244,244,16,16,16,16],"floor_reached":16,"language":"ENG","playtime":337,"items_purged":["Injury"],"score":186,"play_id":"98c878b5-cc87-415a-a0c9-4b67374ac49f","local_time":"20210223232931","is_ascension_mode":true,"campfire_choices":[{"data":"Zap","floor":7,"key":"SMITH"},{"floor":10,"key":"REST"},{"floor":13,"key":"REST"},{"data":"Genetic Algorithm","floor":15,"key":"SMITH"}],"circlet_count":0,"master_deck":["Strike_B","Strike_B","Strike_B","Strike_B","Defend_B","Defend_B","Defend_B+1","Defend_B+1","Zap+1","Dualcast","Genetic Algorithm+1","Self Repair","Beam Cell+1","Electrodynamics"],"relics":["Cracked Core","NeowsBlessing","Golden Idol","Molten Egg 2","Pen Nib","Juzu Bracelet","War Paint","Bag of Marbles"],"acts_visited":["Exordium"],"potions_floor_usage":[16],"damage_taken":[{"damage":0,"enemies":"Jaw Worm","floor":1,"turns":1},{"damage":0,"enemies":"2 Louse","floor":4,"turns":1},{"damage":0,"enemies":"3 Sentries","floor":6,"turns":1},{"damage":62,"enemies":"Gremlin Nob","floor":8,"turns":5},{"damage":4,"enemies":"Small Slimes","floor":11,"turns":3},{"damage":6,"enemies":"3 Louse","floor":12,"turns":3},{"damage":57,"enemies":"Hexaghost","floor":16,"turns":9}],"seed_played":"-4840054918273618798","potions_obtained":[{"floor":1,"key":"DistilledChaos"},{"floor":4,"key":"Strength Potion"}],"is_trial":false,"path_per_floor":["M","?","?","M","?","E","R","E","T","R","M","M","R","$","R","B"],"character_chosen":"DEFECT","items_purchased":["Bag of Marbles"],"campfire_rested":2,"item_purchase_floors":[14],"current_hp_per_floor":[68,68,61,61,66,66,66,4,4,28,31,32,56,56,56,0,0],"gold":16,"neow_bonus":"THREE_ENEMY_KILL","is_daily":false,"chose_seed":false,"campfire_upgraded":2,"win_rate":0.0,"timestamp":1614115771,"path_taken":["M","?","?","M","?","E","R","E","T","R","M","M","R","$","R","BOSS"],"items_purchased_type":["Relic"],"build_version":"2020-12-22","purchased_purges":1,"victory":false,"max_hp_per_floor":[75,75,75,75,80,80,80,80,80,80,80,80,80,80,80,80,80],"relic_stats":{"counters":[7,23],"Golden Idol":25,"Pen Nib":[3],"Juzu Bracelet":0,"War Paint":["Defend_B","Defend_B"],"obtain_stats":[{"NeowsBlessing":0,"Golden Idol":2,"Molten Egg 2":3,"Pen Nib":6,"Juzu Bracelet":8,"Bag of Marbles":14,"War Paint":9,"Cracked Core":0},{"NeowsBlessing":0,"Golden Idol":1,"Molten Egg 2":1,"Pen Nib":3,"Juzu Bracelet":4,"Bag of Marbles":6,"War Paint":4,"Cracked Core":0},{"NeowsBlessing":0,"Golden Idol":1,"Molten Egg 2":1,"Pen Nib":3,"Juzu Bracelet":8,"Bag of Marbles":14,"War Paint":8,"Cracked Core":0}]},"card_choices":[{"not_picked":["Darkness","Stack","Steam"],"picked":"SKIP","floor":1},{"not_picked":["Streamline+1","Stack","Compile Driver+1"],"picked":"SKIP","floor":4},{"not_picked":["Hologram","Biased Cognition"],"picked":"Genetic Algorithm","floor":6},{"not_picked":["Cold Snap+1","Streamline+1"],"picked":"Self Repair","floor":8},{"not_picked":["Redo","Stack"],"picked":"Beam Cell+1","floor":11},{"not_picked":["Rip and Tear+1","Leap"],"picked":"Electrodynamics","floor":12}],"player_experience":401512,"relics_obtained":[{"floor":6,"key":"Pen Nib"},{"floor":8,"key":"Juzu Bracelet"},{"floor":9,"key":"War Paint"}],"event_choices":[{"damage_healed":0,"gold_gain":0,"player_choice":"Take Wound","damage_taken":0,"relics_obtained":["Golden Idol"],"max_hp_gain":0,"max_hp_loss":0,"event_name":"Golden Idol","floor":2,"gold_loss":0,"cards_obtained":["Injury"]},{"damage_healed":0,"gold_gain":0,"player_choice":"Success","damage_taken":7,"relics_obtained":["Molten Egg 2"],"max_hp_gain":0,"max_hp_loss":0,"event_name":"Scrap Ooze","floor":3,"gold_loss":0},{"damage_healed":0,"gold_gain":0,"player_choice":"Donut","damage_taken":0,"max_hp_gain":5,"max_hp_loss":0,"event_name":"Big Fish","floor":5,"gold_loss":0}],"is_beta":false,"boss_relics":[],"items_purged_floors":[14],"is_endless":false,"potions_floor_spawned":[1,4],"killed_by":"Hexaghost","ascension_level":8}}