{"host":"dz5pb68w9r4hdro8","time":1614081474,"event":{"mods":["AchievementEnabler","BaseMod","Better Skull","Better Third Choice","Challenge The Spire","Colored Map","Colored Powertips","DeckTracker","Googly Eyes","Highlight Path","Minty Spire (QoL Compilation)","Permanent Neow","Quick Restart","StSLib","SuperFastMode"],"gold_per_floor":[114,43,43,0,12,43,43,57,83,116,116,135,170,187,187,290,290,305,305,20,20,38,38,68,78,78,78,109,128,159,177,177,281,281,291,302,152,166,181,181,213,213,213,213,213],"floor_reached":44,"language":"ENG","playtime":1683,"items_purged":["Regret"],"score":619,"play_id":"99ace7fa-e773-45a4-85f9-f6fea034149c","local_time":"20210223035754","is_ascension_mode":true,"campfire_choices":[{"data":"Tempest","floor":7,"key":"SMITH"},{"data":"Dualcast","floor":11,"key":"SMITH"},{"floor":15,"key":"REST"},{"floor":23,"key":"DIG"},{"floor":27,"key":"DIG"},{"floor":32,"key":"DIG"},{"floor":40,"key":"DIG"},{"floor":42,"key":"DIG"}],"circlet_count":0,"master_deck":["Strike_B","Strike_B","Strike_B","Strike_B","Defend_B","Defend_B","Defend_B","Defend_B+1","Zap+1","Dualcast+1","Lockon","Tempest+1","Enlightenment","Beam Cell","Chill","Conserve Battery","Sweeping Beam","Coolheaded","Electrodynamics","Tempest+1","Double Energy","Self Repair","Biased Cognition","Redo+1","Creative AI","Static Discharge","Capacitor+1"],"relics":["Black Star","War Paint","DataDisk","Blood Vial","Vajra","Pocketwatch","Matryoshka","InkBottle","Bottled Flame","SlaversCollar","Shovel","Lizard Tail","Centennial Puzzle","Sundial","MealTicket","Ornamental Fan","Pear","Thread and Needle","Boot","Nunchaku","Toy Ornithopter","Question Card","Sozu","Cables","Torii","Bag of Marbles","Frozen Egg 2","Bottled Lightning","Kunai"],"acts_visited":["Exordium","TheCity","TheBeyond"],"potions_floor_usage":[28,33,33],"damage_taken":[{"damage":3,"enemies":"2 Louse","floor":1,"turns":3},{"damage":15,"enemies":"Small Slimes","floor":5,"turns":3},{"damage":25,"enemies":"3 Sentries","floor":6,"turns":7},{"damage":1,"enemies":"Jaw Worm","floor":8,"turns":3},{"damage":11,"enemies":"Lagavulin","floor":10,"turns":4},{"damage":0,"enemies":"Large Slime","floor":12,"turns":2},{"damage":16,"enemies":"Gremlin Nob","floor":13,"turns":3},{"damage":6,"enemies":"Exordium Thugs","floor":14,"turns":4},{"damage":28,"enemies":"The Guardian","floor":16,"turns":9},{"damage":8,"enemies":"3 Byrds","floor":18,"turns":2},{"damage":12,"enemies":"Shell Parasite","floor":22,"turns":2},{"damage":19,"enemies":"Gremlin Leader","floor":24,"turns":5},{"damage":17,"enemies":"Centurion and Healer","floor":25,"turns":4},{"damage":24,"enemies":"Slavers","floor":28,"turns":3},{"damage":11,"enemies":"3 Cultists","floor":29,"turns":3},{"damage":21,"enemies":"Book of Stabbing","floor":30,"turns":5},{"damage":16,"enemies":"Snake Plant","floor":31,"turns":3},{"damage":35,"enemies":"Automaton","floor":33,"turns":7},{"damage":15,"enemies":"3 Darklings","floor":35,"turns":3},{"damage":13,"enemies":"Orb Walker","floor":36,"turns":2},{"damage":14,"enemies":"4 Shapes","floor":38,"turns":3},{"damage":13,"enemies":"3 Darklings","floor":39,"turns":3},{"damage":34,"enemies":"Nemesis","floor":41,"turns":5},{"damage":42,"enemies":"Giant Head","floor":44,"turns":6}],"seed_played":"-5269257894803200388","potions_obtained":[{"floor":1,"key":"Explosive Potion"},{"floor":6,"key":"FocusPotion"},{"floor":12,"key":"SpeedPotion"},{"floor":28,"key":"Fire Potion"}],"is_trial":false,"path_per_floor":["M","$","?","?","M","E","R","M","T","E","R","M","E","M","R","B",null,"M","?","$","?","M","R","E","M","T","R","E","M","E","M","R","B",null,"M","M","$","M","M","R","E","R","T","E"],"character_chosen":"DEFECT","items_purchased":["Tempest","Shovel","Static Discharge"],"campfire_rested":1,"item_purchase_floors":[2,20,37],"current_hp_per_floor":[72,72,72,78,63,38,38,39,39,30,30,32,18,14,38,12,81,73,73,73,73,63,63,53,45,45,55,40,31,19,12,12,52,91,76,65,80,68,57,57,32,32,32,0,0],"gold":213,"neow_bonus":"BOSS_RELIC","is_daily":false,"chose_seed":false,"campfire_upgraded":2,"win_rate":0.0,"timestamp":1614081474,"path_taken":["M","$","?","?","M","E","R","M","T","E","R","?","E","M","R","BOSS","M","?","?","?","M","R","E","M","T","R","E","M","E","M","R","BOSS","M","M","$","M","M","R","E","R","T","E"],"items_purchased_type":["Card","Relic","Card"],"build_version":"2020-12-22","purchased_purges":1,"victory":false,"max_hp_per_floor":[75,75,75,81,81,81,81,81,81,81,81,81,81,81,81,81,81,81,81,81,81,81,81,81,81,81,91,91,91,91,91,91,91,91,91,91,91,91,91,91,91,91,91,91,91],"card_choices":[{"not_picked":["Doom and Gloom","Reprogram"],"picked":"Lockon","floor":1},{"not_picked":["Turbo","Steam"],"picked":"Beam Cell","floor":5},{"not_picked":["Coolheaded","Go for the Eyes"],"picked":"Chill","floor":6},{"not_picked":["Force Field","Steam"],"picked":"Conserve Battery","floor":8},{"not_picked":["Seek","Leap","Fusion"],"picked":"SKIP","floor":10},{"not_picked":["Blizzard","Beam Cell"],"picked":"Sweeping Beam","floor":12},{"not_picked":["Conserve Battery","Go for the Eyes"],"picked":"Coolheaded","floor":13},{"not_picked":["Stack","Go for the Eyes","Sunder"],"picked":"SKIP","floor":14},{"not_picked":["Core Surge","Fission"],"picked":"Electrodynamics","floor":16},{"not_picked":["Doom and Gloom","Glacier","Sunder+1"],"picked":"SKIP","floor":18},{"not_picked":["Compile Driver","Stack"],"picked":"Self Repair","floor":22},{"not_picked":["Hologram","Beam Cell","Compile Driver+1"],"picked":"SKIP","floor":24},{"not_picked":["Barrage+1","Rebound","Glacier"],"picked":"SKIP","floor":25},{"not_picked":["Gash+1","Cold Snap"],"picked":"Biased Cognition","floor":28},{"not_picked":["Turbo","Compile Driver","Darkness"],"picked":"SKIP","floor":29},{"not_picked":["Barrage","Rebound"],"picked":"Redo+1","floor":30},{"not_picked":["Force Field+1","Leap","Biased Cognition"],"picked":"SKIP","floor":31},{"not_picked":["Core Surge","Biased Cognition","Meteor Strike"],"picked":"Creative AI","floor":33},{"not_picked":["Aggregate+1","Melter+1","Coolheaded","Blizzard+1"],"picked":"SKIP","floor":35},{"not_picked":["Compile Driver","Streamline","FTL","Beam Cell+1"],"picked":"SKIP","floor":36},{"not_picked":["Recycle","Turbo","Glacier+1"],"picked":"Capacitor+1","floor":38},{"not_picked":["Skim+1","Loop","Leap","Tempest"],"picked":"SKIP","floor":39},{"not_picked":["White Noise","Creative AI","Hologram","Genetic Algorithm"],"picked":"SKIP","floor":41}],"player_experience":459012,"relics_obtained":[{"floor":6,"key":"DataDisk"},{"floor":6,"key":"Blood Vial"},{"floor":9,"key":"Vajra"},{"floor":10,"key":"Pocketwatch"},{"floor":10,"key":"Matryoshka"},{"floor":13,"key":"InkBottle"},{"floor":13,"key":"Bottled Flame"},{"floor":23,"key":"Lizard Tail"},{"floor":24,"key":"Centennial Puzzle"},{"floor":24,"key":"Sundial"},{"floor":26,"key":"MealTicket"},{"floor":26,"key":"Ornamental Fan"},{"floor":27,"key":"Pear"},{"floor":28,"key":"Thread and Needle"},{"floor":28,"key":"Boot"},{"floor":30,"key":"Nunchaku"},{"floor":30,"key":"Toy Ornithopter"},{"floor":32,"key":"Question Card"},{"floor":40,"key":"Cables"},{"floor":41,"key":"Torii"},{"floor":41,"key":"Bag of Marbles"},{"floor":42,"key":"Frozen Egg 2"},{"floor":43,"key":"Bottled Lightning"},{"floor":43,"key":"Kunai"}],"event_choices":[{"damage_healed":0,"gold_gain":0,"player_choice":"Box","damage_taken":0,"relics_obtained":["War Paint"],"max_hp_gain":0,"max_hp_loss":0,"event_name":"Big Fish","floor":3,"gold_loss":0,"cards_obtained":["Regret"]},{"damage_healed":0,"gold_gain":0,"player_choice":"RENOUNCE","damage_taken":43,"max_hp_gain":0,"max_hp_loss":0,"event_name":"betterThird:BetterSerpent","floor":4,"gold_loss":43,"cards_obtained":["Enlightenment"]},{"damage_healed":0,"gold_gain":0,"player_choice":"Copied","damage_taken":0,"max_hp_gain":0,"max_hp_loss":0,"event_name":"Duplicator","floor":19,"gold_loss":0,"cards_obtained":["Tempest"]},{"damage_healed":0,"gold_gain":0,"player_choice":"Read","damage_taken":0,"max_hp_gain":0,"max_hp_loss":0,"event_name":"The Library","floor":21,"gold_loss":0,"cards_obtained":["Double Energy"]}],"is_beta":false,"boss_relics":[{"not_picked":["Tiny House","Snecko Eye"],"picked":"SlaversCollar"},{"not_picked":["Inserter","SacredBark"],"picked":"Sozu"}],"items_purged_floors":[37],"is_endless":false,"potions_floor_spawned":[1,6,12,14,18,22,24,28,31,35,41],"killed_by":"Giant Head","ascension_level":1}}