{"host":"sav7uxregyirlf69","time":1614042782,"event":{"mods":["AchievementEnabler","BaseMod","Colored Map","DeckTracker","Keyboard Shortcuts","Minty Spire (QoL Compilation)","READ ME - Guardian Mod","StSLib","SuperFastMode"],"gold_per_floor":[117,117,129,142,153,153,166,200,200,219,219,90,90,90,90,167,167,167,167,4,0,0,0,0,0,0,0,0,0,0,0,0,0,0,0,0,0,0,0,0,0,0,0,0,0],"floor_reached":44,"language":"KOR","playtime":980,"items_purged":["Strike_R"],"score":908,"play_id":"5161208f-8a92-4a05-b0f9-759b439d2585","local_time":"20210223101302","is_ascension_mode":true,"campfire_choices":[{"data":"Clothesline","floor":6,"key":"SMITH"},{"data":"Pummel","floor":11,"key":"SMITH"},{"data":"Sword Boomerang","floor":15,"key":"SMITH"},{"data":"Rage","floor":23,"key":"SMITH"},{"data":"Blood for Blood","floor":25,"key":"SMITH"},{"floor":27,"key":"REST"},{"data":"Double Tap","floor":32,"key":"SMITH"},{"data":"Corruption","floor":41,"key":"SMITH"},{"floor":42,"key":"REST"}],"circlet_count":0,"master_deck":["AscendersBane","Bash","Clothesline+1","Pummel+1","Sentinel","Sword Boomerang+1","Dropkick","Reaper","Rage+1","Blood for Blood+1","Pommel Strike+1","Double Tap+1","Seeing Red","Second Wind","Shrug It Off","Shrug It Off","Corruption+1","Impervious","Uppercut","Feed","True Grit","Master of Strategy","Sentinel"],"relics":["Burning Blood","Du-Vu Doll","Pantograph","Ectoplasm","Orrery","Nilry\u0027s Codex","Meat on the Bone","Bronze Scales","Toy Ornithopter","Pandora\u0027s Box","Red Mask","WingedGreaves"],"acts_visited":["Exordium","TheCity","TheBeyond"],"potions_floor_usage":[5,8,30,33,39,40],"damage_taken":[{"damage":6,"enemies":"Cultist","floor":1,"turns":3},{"damage":7,"enemies":"Jaw Worm","floor":3,"turns":3},{"damage":4,"enemies":"Small Slimes","floor":4,"turns":4},{"damage":9,"enemies":"Red Slaver","floor":5,"turns":4},{"damage":9,"enemies":"Exordium Thugs","floor":7,"turns":4},{"damage":37,"enemies":"3 Sentries","floor":8,"turns":9},{"damage":4,"enemies":"Looter","floor":10,"turns":3},{"damage":47,"enemies":"Hexaghost","floor":16,"turns":9},{"damage":22,"enemies":"Shell Parasite","floor":18,"turns":4},{"damage":54,"enemies":"Slavers","floor":28,"turns":5},{"damage":2,"enemies":"Chosen","floor":29,"turns":3},{"damage":32,"enemies":"Centurion and Healer","floor":30,"turns":6},{"damage":16,"enemies":"Chosen and Byrds","floor":31,"turns":5},{"damage":49,"enemies":"Collector","floor":33,"turns":11},{"damage":18,"enemies":"3 Shapes","floor":35,"turns":4},{"damage":1,"enemies":"3 Darklings","floor":39,"turns":4},{"damage":73,"enemies":"Giant Head","floor":40,"turns":9},{"damage":62,"enemies":"Spire Growth","floor":44,"turns":4}],"seed_played":"2802787213907621587","potions_obtained":[{"floor":4,"key":"EssenceOfSteel"},{"floor":5,"key":"Fire Potion"},{"floor":8,"key":"BloodPotion"},{"floor":29,"key":"PowerPotion"},{"floor":30,"key":"Ancient Potion"},{"floor":33,"key":"DistilledChaos"},{"floor":35,"key":"Strength Potion"},{"floor":40,"key":"SpeedPotion"}],"is_trial":false,"path_per_floor":["M","?","M","M","M","R","M","E","T","M","R","$","?","?","R","B",null,"M","?","$","?","?","R","T","R","T","R","E","M","M","M","R","B",null,"M","?","?","?","M","E","R","R","T","M"],"character_chosen":"IRONCLAD","items_purchased":["Sword Boomerang","Orrery"],"campfire_rested":2,"item_purchase_floors":[12,20],"current_hp_per_floor":[68,73,72,73,70,70,67,36,36,38,38,38,31,31,31,15,59,50,50,50,50,29,29,29,29,29,50,29,50,65,62,62,42,65,56,56,46,46,56,27,27,49,49,0,0],"gold":0,"neow_bonus":"REMOVE_TWO","is_daily":false,"chose_seed":false,"campfire_upgraded":7,"win_rate":0.0,"timestamp":1614042782,"path_taken":["M","?","M","M","M","R","M","E","T","M","R","$","?","?","R","BOSS","M","?","$","?","?","R","?","R","T","R","E","M","M","?","R","BOSS","M","?","?","?","M","E","R","R","T","M"],"items_purchased_type":["Card","Relic"],"build_version":"2020-12-22","purchased_purges":1,"victory":false,"max_hp_per_floor":[68,73,73,73,73,73,73,73,73,73,73,73,73,73,73,73,73,73,73,73,73,73,73,73,73,73,73,73,73,73,73,73,73,73,76,76,76,76,76,76,76,76,76,76,76],"card_choices":[{"not_picked":["Intimidate","Heavy Blade"],"picked":"Clothesline","floor":1},{"not_picked":["Clash","Dark Embrace"],"picked":"Pummel","floor":3},{"not_picked":["Entrench","Burning Pact","Havoc"],"picked":"SKIP","floor":4},{"not_picked":["Infernal Blade","Battle Trance"],"picked":"Hemokinesis","floor":5},{"not_picked":["Perfected Strike","Reckless Charge"],"picked":"Sentinel","floor":7},{"not_picked":["Body Slam","Demon Form","Heavy Blade"],"picked":"SKIP","floor":8},{"not_picked":["Thunderclap","Cleave","Perfected Strike"],"picked":"SKIP","floor":10},{"not_picked":["Feed","Exhume"],"picked":"Reaper","floor":16},{"not_picked":["Sword Boomerang","Combust+1"],"picked":"Rage","floor":18},{"not_picked":["Intimidate","Infernal Blade"],"picked":"Pommel Strike+1","floor":20},{"not_picked":["Havoc","Flex"],"picked":"Double Tap","floor":20},{"not_picked":["Hemokinesis+1","Sentinel"],"picked":"Seeing Red","floor":28},{"not_picked":["Carnage","Bloodletting"],"picked":"Second Wind","floor":29},{"not_picked":["Iron Wave","Wild Strike"],"picked":"Shrug It Off","floor":30},{"not_picked":["Thunderclap","Perfected Strike","Iron Wave"],"picked":"SKIP","floor":31},{"not_picked":["Sword Boomerang+1","Disarm"],"picked":"True Grit","floor":35},{"not_picked":["Purity","Flash of Steel"],"picked":"Master of Strategy","floor":37},{"not_picked":["Body Slam+1","Seeing Red"],"picked":"Sentinel","floor":39},{"not_picked":["Havoc+1","Sword Boomerang+1","Flex"],"picked":"SKIP","floor":40}],"player_experience":1661131,"relics_obtained":[{"floor":8,"key":"Du-Vu Doll"},{"floor":9,"key":"Pantograph"},{"floor":22,"key":"Nilry\u0027s Codex"},{"floor":24,"key":"Meat on the Bone"},{"floor":26,"key":"Bronze Scales"},{"floor":28,"key":"Toy Ornithopter"},{"floor":40,"key":"WingedGreaves"}],"event_choices":[{"damage_healed":0,"gold_gain":0,"player_choice":"Donut","damage_taken":0,"max_hp_gain":5,"max_hp_loss":0,"event_name":"Big Fish","floor":2,"gold_loss":0},{"cards_removed":["Strike_R"],"damage_healed":0,"gold_gain":0,"player_choice":"Card Removal","damage_taken":7,"max_hp_gain":0,"max_hp_loss":0,"event_name":"Golden Wing","floor":13,"gold_loss":0},{"damage_healed":0,"gold_gain":0,"player_choice":"1 cards matched","damage_taken":0,"max_hp_gain":0,"max_hp_loss":0,"event_name":"Match and Keep!","floor":14,"gold_loss":0,"cards_obtained":["Dropkick"]},{"damage_healed":0,"gold_gain":0,"player_choice":"Read","damage_taken":0,"max_hp_gain":0,"max_hp_loss":0,"event_name":"The Library","floor":19,"gold_loss":0,"cards_obtained":["Blood for Blood"]},{"damage_healed":0,"gold_gain":0,"player_choice":"Paid Fearfully","damage_taken":0,"max_hp_gain":0,"max_hp_loss":0,"event_name":"Masked Bandits","floor":21,"gold_loss":4},{"damage_healed":0,"gold_gain":0,"player_choice":"Obtained Book","damage_taken":21,"max_hp_gain":0,"max_hp_loss":0,"event_name":"Cursed Tome","floor":22,"gold_loss":0},{"damage_healed":0,"gold_gain":0,"player_choice":"Paid","damage_taken":0,"relics_obtained":["Red Mask"],"max_hp_gain":0,"max_hp_loss":0,"event_name":"Tomb of Lord Red Mask","floor":36,"gold_loss":0},{"damage_healed":0,"gold_gain":0,"player_choice":"Memory 3","damage_taken":10,"max_hp_gain":0,"max_hp_loss":0,"event_name":"SensoryStone","floor":37,"gold_loss":0},{"cards_removed":["Hemokinesis"],"damage_healed":0,"gold_gain":0,"player_choice":"Removed Attack","damage_taken":0,"max_hp_gain":0,"max_hp_loss":0,"event_name":"Falling","floor":38,"gold_loss":0}],"is_beta":false,"boss_relics":[{"not_picked":["Black Blood","SlaversCollar"],"picked":"Ectoplasm"},{"not_picked":["Snecko Eye","Cursed Key"],"picked":"Pandora\u0027s Box"}],"items_purged_floors":[12],"is_endless":false,"potions_floor_spawned":[4,5,8,29,30,33,35,40],"killed_by":"Spire Growth","ascension_level":20}}