{"host":"Lincoln","time":1614041117,"event":{"mods":["AchievementEnabler","BaseMod","Better Third Choice","Minty Spire (QoL Compilation)","Reliquary","Robot Space Explorer","StSLib"],"gold_per_floor":[366,366,16,16,29,29,61,61,61,96,96,111,36,53,53,130,130,167,167,150,11,11,11,36,71,143,143,143],"floor_reached":27,"language":"ENG","playtime":991,"items_purged":["Strike_P","Strike_P"],"score":475,"play_id":"5fe3a8c9-a76b-4735-8817-fbf644c82c87","local_time":"20210222194517","is_ascension_mode":true,"campfire_choices":[{"data":"MentalFortress","floor":6.0,"key":"SMITH"},{"data":"EmptyFist","floor":8.0,"key":"SMITH"},{"data":"MentalFortress","floor":11.0,"key":"SMITH"},{"data":"FlurryOfBlows","floor":15.0,"key":"SMITH"},{"floor":23,"key":"REST"}],"circlet_count":0,"master_deck":["AscendersBane","Strike_P","Strike_P","Defend_P","Defend_P","Defend_P","Eruption+1","Vigilance","FollowUp","FlurryOfBlows+1","MentalFortress+1","MentalFortress+1","EmptyFist+1","EmptyBody","Wish","Conclude","BattleHymn","FlurryOfBlows"],"relics":["PureWater","OrangePellets","Eternal Feather","FossilizedHelix","Mummified Hand","Fusion Hammer","betterThird:NestCultRelic","Akabeko","Pear"],"acts_visited":["Exordium","TheCity"],"potions_floor_usage":[20],"damage_taken":[{"damage":3.0,"enemies":"Jaw Worm","floor":1.0,"turns":5.0},{"damage":0.0,"enemies":"Cultist","floor":5.0,"turns":2.0},{"damage":24.0,"enemies":"Lagavulin","floor":7.0,"turns":5.0},{"damage":0.0,"enemies":"Gremlin Nob","floor":10.0,"turns":4.0},{"damage":0.0,"enemies":"Small Slimes","floor":12.0,"turns":2.0},{"damage":0.0,"enemies":"Blue Slaver","floor":14.0,"turns":2.0},{"damage":20.0,"enemies":"Hexaghost","floor":16.0,"turns":9.0},{"damage":6,"enemies":"Chosen","floor":18,"turns":6},{"damage":4,"enemies":"2 Thieves","floor":20,"turns":4},{"damage":72,"enemies":"Gremlin Leader","floor":24,"turns":7},{"damage":13,"enemies":"Shelled Parasite and Fungi","floor":25,"turns":6},{"damage":19,"enemies":"Sentry and Sphere","floor":27,"turns":3}],"seed_played":"4014064400932733443","potions_obtained":[{"floor":5.0,"key":"ColorlessPotion"},{"floor":7.0,"key":"LiquidBronze"},{"floor":14.0,"key":"AttackPotion"},{"floor":16.0,"key":"GamblersBrew"},{"floor":18,"key":"FairyPotion"},{"floor":24,"key":"BlessingOfTheForge"}],"is_trial":false,"path_per_floor":["M","?","$","?","M","R","E","R","T","E","R","M","?","M","R","B",null,"M","?","M","$","?","R","E","M","T","M"],"character_chosen":"WATCHER","items_purchased":["OrangePellets","FlurryOfBlows","MentalFortress","BattleHymn"],"campfire_rested":1,"item_purchase_floors":[3,3,3,21],"current_hp_per_floor":[58,51,51,51,51,51,27,36,36,36,45,45,45,45,54,34,60,54,35,31,31,31,61,21,8,18,0,0],"gold":143,"neow_bonus":"TWO_FIFTY_GOLD","is_daily":false,"chose_seed":false,"campfire_upgraded":4,"win_rate":0.0,"timestamp":1614041117,"path_taken":["M","?","$","?","M","R","E","R","T","E","R","?","?","M","R","BOSS","M","?","M","$","?","R","E","M","T","M"],"items_purchased_type":["Relic","Card","Card","Card"],"build_version":"2020-12-18","purchased_purges":2,"victory":false,"max_hp_per_floor":[68,68,68,68,68,68,68,68,68,68,68,68,68,68,68,68,68,68,73,73,73,73,73,73,73,83,83,83],"card_choices":[{"not_picked":["ThirdEye","Evaluate"],"picked":"FollowUp","floor":1.0},{"not_picked":["FollowUp","Crescendo"],"picked":"MentalFortress","floor":5.0},{"not_picked":["Conclude","ClearTheMind"],"picked":"EmptyFist","floor":7.0},{"not_picked":["Study","Prostrate","Wireheading"],"picked":"SKIP","floor":10.0},{"not_picked":["ClearTheMind","Weave","BattleHymn"],"picked":"SKIP","floor":12.0},{"not_picked":["FlyingSleeves","CutThroughFate"],"picked":"EmptyBody","floor":14.0},{"not_picked":["Ragnarok","DeusExMachina"],"picked":"Wish","floor":16.0},{"not_picked":["SashWhip","Consecrate","SandsOfTime"],"picked":"SKIP","floor":18},{"not_picked":["Wallop","WaveOfTheHand"],"picked":"Conclude","floor":20},{"not_picked":["Collect+1","Vengeance","Weave"],"picked":"SKIP","floor":24},{"not_picked":["PathToVictory","JustLucky"],"picked":"FlurryOfBlows","floor":25}],"player_experience":2199478,"relics_obtained":[{"floor":7.0,"key":"Eternal Feather"},{"floor":9.0,"key":"FossilizedHelix"},{"floor":10.0,"key":"Mummified Hand"},{"floor":24,"key":"Akabeko"},{"floor":26,"key":"Pear"}],"event_choices":[{"cards_removed":["Normality"],"damage_healed":0.0,"max_hp_gain":0.0,"max_hp_loss":0.0,"gold_gain":0.0,"event_name":"Golden Wing","player_choice":"Card Removal","floor":2.0,"gold_loss":0.0,"damage_taken":7.0},{"damage_healed":0.0,"max_hp_gain":0.0,"max_hp_loss":0.0,"gold_gain":0.0,"event_name":"Upgrade Shrine","player_choice":"Upgraded","floor":4.0,"gold_loss":0.0,"damage_taken":0.0,"cards_upgraded":["Eruption"]},{"cards_removed":["Defend_P"],"damage_healed":0.0,"max_hp_gain":0.0,"max_hp_loss":0.0,"gold_gain":0.0,"event_name":"The Cleric","player_choice":"Card Removal","floor":13.0,"gold_loss":75.0,"damage_taken":0.0},{"damage_healed":0,"gold_gain":0,"player_choice":"Shed Blood","damage_taken":24,"max_hp_gain":5,"max_hp_loss":0,"event_name":"Forgotten Altar","floor":19,"gold_loss":0},{"damage_healed":0,"gold_gain":0,"player_choice":"Madness","damage_taken":0,"relics_obtained":["betterThird:NestCultRelic"],"max_hp_gain":0,"max_hp_loss":0,"event_name":"betterThird:BetterNest","floor":22,"gold_loss":0}],"is_beta":true,"boss_relics":[{"not_picked":["Busted Crown","Coffee Dripper"],"picked":"Fusion Hammer"}],"items_purged_floors":[3,21],"is_endless":false,"potions_floor_spawned":[5,7,14,16,18,24],"killed_by":"Sentry and Sphere","ascension_level":16}}