{"host":"d54lcqy5t45er8jx","time":1614082308,"event":{"mods":["2.2 Compatiblity","AchievementEnabler","BaseMod","CapriCore","Colored Powertips","DeckTracker","Defuse TimeMaze Blight","Hermit","Highlight Path","Hubris","Infinite Spire","Marisa£¨Ùöéë¡¡Øª×âÞÞ£©","Minty Spire (QoL Compilation)","Permanent Neow","Quick Restart","Rare Cards Sparkle","Relic Stats","Remilia£¨?Ú·×é?£©","StSLib","The Animator","The Cursed","The Immortal","The Servant 0.9.4","WarShipGirlsR/??á´Ò³R mod","Yakumo Yukari mod"],"gold_per_floor":[134,148,73,223,223,252,283,310,310,351,394,428,466,502,502,592,592,633,633,663,672,97,132,132,173,236,280,280,353,353,407,407,514,514,547,447,416,416,12,61,61,115,124,188,254,318,367,423,435,456,477],"floor_reached":52,"language":"ENG","playtime":4687,"items_purged":["ScarletImprint","DiffusionOfMisfortune","Writhe","hubris:Greed","Doubt"],"score":3919,"play_id":"fd5210b4-62bb-406e-bc6e-42603a7795d9","local_time":"20210223211148","daily_mods":["Draft","Insanity","Heirloom","Flight","DeadlyEvents","Cursed Run","Elite Swarm"],"is_ascension_mode":true,"campfire_choices":[{"data":"1","floor":15,"key":"LIFT"},{"data":"2","floor":24,"key":"LIFT"},{"data":"3","floor":28,"key":"LIFT"},{"data":"QueenOfMidnight","floor":32,"key":"SMITH"},{"data":"ReincarnationDial","floor":41,"key":"SMITH"},{"data":"BlasphemousPunishment","floor":49,"key":"SMITH"}],"circlet_count":0,"master_deck":["AscendersBane","DiffusionOfMisfortune","RedMagic","MastersStateliness","CharismaGuard","VampirishNight","NightDance","BloodyMagicSquare","Septette","DiffusionOfMisfortune","UnstableMagic","MillenniumVampire","DiffusionOfMisfortune","FitfulNightmare","ScarletImprint","UnderTheZenith","ScarletSymphony","StarOfDavid","RedNightlessCastle","ScarletSymphony","Stigmanizer","ScarletDevilSign","BloodHunter","Stigmanizer","BadLadyScramble","ScarletDevilSign","ScarletImprint","BlasphemousPunishment","BloodyTrap","FitfulNightmare","BlasphemousPunishment+1","FavorOfDestiny","ScarletSymphony","VampireKiss+1","BadLadyScramble","BloodyTrap","TwelveNightmare","VampireKiss","BlasphemousPunishment","FavorOfDestiny","BloodHunter","FitfulNightmare","BlasphemousPunishment","UnderTheZenith","SuperhumanBloodyKnife","UnderTheZenith","ScarletImprint","DiffusionOfMisfortune","BlasphemousPunishment","GlobalNightmare","UnstableMagic","ScarletSymphony","UltimateOffering","NightDance","VampireClaw","MastersStateliness","ScarletImprint","FavorOfDestiny","DiffusionOfMisfortune","FitfulNightmare","BlasphemousPunishment","ReincarnationDial+1","VampireKiss","VampireKiss+1","EternalNight","BloodyMagicSquare","BatForm","BatForm","TransientEternity","CeilingFear+1","BloodyCatastrophe+1","BatForm","CurseOfVladTepes","EmergencyRegeneration+1","Shame","BloodyCatastrophe+1","BloodyCatastrophe+1","hubris:Greed","CeilingFear+1","hubris:Greed","QueenOfMidnight+1","EquivalentExchange","Normality","TransientEternity","BlasphemousPunishment+1","BloodyCatastrophe+1","TransientEternity","Injury","ScarletCoffin","BloodyHallows+1","EquivalentExchange+1","Pain","hubris:Lust"],"relics":["Cursed Key","Darkstone Periapt","Du-Vu Doll","Lizard Tail","hubris:Towel","infinitespire:Lychee Nut","Girya","Toxic Egg 2","CeramicFish","Bag of Marbles","TungstenRod","hubris:OldNail","Vajra","hubris:Metronome","SlaversCollar","The Courier","infinitespire:Magic Flask","Akabeko","Strange Spoon","Gungnir","Blood Vial","Smiling Mask","hubris:CuriousFeather","Happy Flower","hubris:FunFungus","Thread and Needle","Spirit Poop","CaptainsWheel","Coffee Dripper","Black Star","PreservedInsect","Bag of Preparation","Matryoshka","Boot","AntiCross","Whetstone","MawBank","Meat on the Bone","Oddly Smooth Stone","Frozen Egg 2","infinitespire:Beetle Shell","Ginger","hubris:PeanutButter","infinitespire:Lucky Rock","TypeBBloodRedTea","Mummified Hand","Centennial Puzzle","Lantern","PreservedInsect"],"acts_visited":["Exordium","TheCity","TheBeyond"],"potions_floor_usage":[12,14,31,48],"damage_taken":[{"damage":0,"enemies":"Cultist","floor":1,"turns":4},{"damage":30,"enemies":"Jaw Worm","floor":2,"turns":1},{"damage":17,"enemies":"3 Sentries","floor":6,"turns":5},{"damage":10,"enemies":"Gremlin Nob","floor":7,"turns":1},{"damage":20,"enemies":"Lagavulin","floor":8,"turns":3},{"damage":0,"enemies":"3 Sentries","floor":10,"turns":3},{"damage":10,"enemies":"Lagavulin","floor":11,"turns":4},{"damage":9,"enemies":"3 Sentries","floor":12,"turns":2},{"damage":3,"enemies":"Gremlin Nob","floor":13,"turns":2},{"damage":4,"enemies":"Lagavulin","floor":14,"turns":4},{"damage":27,"enemies":"Slime Boss","floor":16,"turns":2},{"damage":13,"enemies":"2 Thieves","floor":18,"turns":3},{"damage":47,"enemies":"3 Byrds","floor":20,"turns":5},{"damage":23,"enemies":"Gremlin Leader","floor":23,"turns":6},{"damage":22,"enemies":"Slavers","floor":25,"turns":2},{"damage":0,"enemies":"Gremlin Leader","floor":27,"turns":1},{"damage":16,"enemies":"Slavers","floor":29,"turns":4},{"damage":35,"enemies":"Book of Stabbing","floor":31,"turns":4},{"damage":37,"enemies":"hubris:MusketHawk","floor":33,"turns":3},{"damage":25,"enemies":"3 Darklings","floor":35,"turns":4},{"damage":0,"enemies":"Giant Head","floor":40,"turns":1},{"damage":57,"enemies":"Reptomancer","floor":42,"turns":2},{"damage":49,"enemies":"Giant Head","floor":44,"turns":1},{"damage":98,"enemies":"Reptomancer","floor":45,"turns":2},{"damage":175,"enemies":"Giant Head","floor":46,"turns":1},{"damage":57,"enemies":"Nemesis","floor":47,"turns":1},{"damage":49,"enemies":"Reptomancer","floor":48,"turns":3},{"damage":85,"enemies":"Awakened One","floor":50,"turns":2},{"damage":61,"enemies":"Time Eater","floor":51,"turns":1}],"seed_played":"-6904220180350928588","potions_obtained":[{"floor":2,"key":"ColorlessPotion"},{"floor":7,"key":"GamblersBrew"},{"floor":11,"key":"DistilledChaos"},{"floor":13,"key":"Swift Potion"},{"floor":14,"key":"LiquidMemories"},{"floor":16,"key":"FairyPotion"},{"floor":31,"key":"DestinyDice"},{"floor":48,"key":"DistilledChaos"}],"is_trial":true,"path_per_floor":["M","M","$","?","?","E","E","E","T","E","E","E","E","E","R","B",null,"M","AVR","M","T","$","E","R","E","T","E","R","E","?","E","R","B",null,"M","NS","?","AVR","$","E","R","E","T","E","E","E","E","E","R","B","B",null],"character_chosen":"REMILIA","items_purchased":["Strange Spoon","Gungnir","Blood Vial","Bag of Preparation","Matryoshka"],"campfire_rested":0,"item_purchase_floors":[22,22,22,39,39],"current_hp_per_floor":[65,38,38,44,44,41,37,22,28,35,33,40,40,52,52,39,64,56,56,44,50,50,40,40,24,30,39,39,67,67,79,79,97,105,108,108,108,108,108,108,108,108,114,114,114,114,114,99,99,123,129],"gold":489,"neow_bonus":"","is_daily":false,"chose_seed":false,"campfire_upgraded":3,"win_rate":0.0,"timestamp":1614082308,"path_taken":["M","?","?","?","?","E","E","E","T","E","E","E","?","E","R","BOSS","M","AVR","?","?","$","E","R","E","T","E","R","E","?","?","R","BOSS","M","NS","?","AVR","?","E","R","E","T","E","E","E","E","E","R","BOSS","BOSS"],"items_purchased_type":["Relic","Relic","Relic","Relic","Relic"],"build_version":"2020-12-22","purchased_purges":5,"victory":true,"max_hp_per_floor":[70,70,70,76,76,57,60,60,66,66,66,66,66,66,66,72,72,72,72,72,78,78,78,78,78,84,84,84,99,99,102,102,108,108,108,108,108,108,108,108,108,108,114,114,114,114,114,117,117,123,129],"relic_stats":{"Darkstone Periapt":66,"Happy Flower":[10],"counters":[29,77],"CeramicFish":252,"PreservedInsect":624,"Bag of Preparation":[18],"Whetstone":["VampireKiss","VampireKiss"],"Ginger":[6],"Cursed Key":4,"Smiling Mask":50,"Boot":[0],"MawBank":108,"Blood Vial":16,"Strange Spoon":[49],"Lizard Tail":0,"Centennial Puzzle":[7],"Mummified Hand":[23],"Black Star":7,"obtain_stats":[{"Darkstone Periapt":0,"hubris:Metronome":14,"Lantern":48,"CeramicFish":9,"Vajra":13,"Spirit Poop":30,"Bag of Preparation":39,"Whetstone":42,"Ginger":45,"Cursed Key":0,"Smiling Mask":23,"Boot":40,"Blood Vial":22,"Lizard Tail":0,"Centennial Puzzle":47,"Matryoshka":39,"Mummified Hand":47,"AntiCross":42,"hubris:CuriousFeather":25,"hubris:FunFungus":27,"Toxic Egg 2":8,"Girya":7,"TypeBBloodRedTea":46,"Happy Flower":26,"Oddly Smooth Stone":44,"Thread and Needle":29,"The Courier":18,"PreservedInsect":38,"infinitespire:Beetle Shell":45,"infinitespire:Magic Flask":19,"infinitespire:Lucky Rock":46,"hubris:Towel":5,"Frozen Egg 2":44,"MawBank":43,"Akabeko":21,"Du-Vu Doll":0,"Gungnir":22,"SlaversCollar":17,"Strange Spoon":22,"CaptainsWheel":31,"infinitespire:Lychee Nut":6,"hubris:PeanutButter":45,"Bag of Marbles":10,"Coffee Dripper":34,"Black Star":38,"TungstenRod":11,"hubris:OldNail":12,"Meat on the Bone":43},{"Darkstone Periapt":0,"hubris:Metronome":10,"Lantern":27,"CeramicFish":5,"Vajra":9,"Spirit Poop":17,"Bag of Preparation":20,"Whetstone":22,"Ginger":24,"Cursed Key":0,"Smiling Mask":14,"Boot":21,"Blood Vial":13,"Lizard Tail":0,"Centennial Puzzle":26,"Matryoshka":20,"Mummified Hand":26,"AntiCross":22,"hubris:CuriousFeather":15,"hubris:FunFungus":16,"Toxic Egg 2":5,"Girya":4,"TypeBBloodRedTea":25,"Happy Flower":15,"Oddly Smooth Stone":23,"Thread and Needle":17,"The Courier":12,"PreservedInsect":20,"infinitespire:Beetle Shell":24,"infinitespire:Magic Flask":12,"infinitespire:Lucky Rock":25,"hubris:Towel":2,"Frozen Egg 2":23,"MawBank":22,"Akabeko":13,"Du-Vu Doll":0,"Gungnir":13,"SlaversCollar":11,"Strange Spoon":13,"CaptainsWheel":18,"infinitespire:Lychee Nut":3,"hubris:PeanutButter":24,"Bag of Marbles":6,"Coffee Dripper":19,"Black Star":20,"TungstenRod":7,"hubris:OldNail":8,"Meat on the Bone":22},{"Darkstone Periapt":0,"hubris:Metronome":29,"Lantern":74,"CeramicFish":14,"Vajra":25,"Spirit Poop":52,"Bag of Preparation":63,"Whetstone":66,"Ginger":69,"Cursed Key":0,"Smiling Mask":45,"Boot":64,"Blood Vial":39,"Lizard Tail":0,"Centennial Puzzle":71,"Matryoshka":63,"Mummified Hand":71,"AntiCross":66,"hubris:CuriousFeather":47,"hubris:FunFungus":48,"Toxic Egg 2":14,"Girya":11,"TypeBBloodRedTea":70,"Happy Flower":47,"Oddly Smooth Stone":67,"Thread and Needle":52,"The Courier":34,"PreservedInsect":63,"infinitespire:Beetle Shell":69,"infinitespire:Magic Flask":34,"infinitespire:Lucky Rock":70,"hubris:Towel":5,"Frozen Egg 2":67,"MawBank":66,"Akabeko":39,"Du-Vu Doll":0,"Gungnir":39,"SlaversCollar":31,"Strange Spoon":39,"CaptainsWheel":56,"infinitespire:Lychee Nut":10,"hubris:PeanutButter":69,"Bag of Marbles":17,"Coffee Dripper":59,"Black Star":63,"TungstenRod":21,"hubris:OldNail":23,"Meat on the Bone":66}],"TungstenRod":79,"Meat on the Bone":24},"card_choices":[{"not_picked":["ScarletImprint","RedMagic"],"picked":"GlobalNightmare","floor":0},{"not_picked":["EndlessAdversity","RedRainbow"],"picked":"UnstableMagic","floor":0},{"not_picked":["GlobalNightmare","FavorOfDestiny"],"picked":"ScarletSymphony","floor":0},{"not_picked":["RedRainbow","UnstableMagic"],"picked":"UltimateOffering","floor":0},{"not_picked":["BadLadyScramble","DiffusionOfMisfortune"],"picked":"NightDance","floor":0},{"not_picked":["FavorOfDestiny","ScarletSymphony"],"picked":"VampireClaw","floor":0},{"not_picked":["BloodHunter","DiffusionOfMisfortune"],"picked":"MastersStateliness","floor":0},{"not_picked":["RedRainbow","Septette"],"picked":"ScarletImprint","floor":0},{"not_picked":["ScarletDevil","VampireSweep"],"picked":"FavorOfDestiny","floor":0},{"not_picked":["BloodHunter","UnstableMagic"],"picked":"DiffusionOfMisfortune","floor":0},{"not_picked":["UnstableMagic","FavorOfDestiny"],"picked":"FitfulNightmare","floor":0},{"not_picked":["GlobalNightmare","ScarletImprint"],"picked":"BlasphemousPunishment","floor":0},{"not_picked":["UnstableMagic","NightLord"],"picked":"ReincarnationDial","floor":0},{"not_picked":["VampireSweep","UnstableMagic"],"picked":"VampireKiss","floor":0},{"not_picked":["ScarletImprint","BadLadyScramble"],"picked":"VampireKiss","floor":0},{"not_picked":["Stigmanizer","DiffusionOfMisfortune"],"picked":"EternalNight","floor":1},{"not_picked":["BloodHunter","VampireKiss"],"picked":"BloodyMagicSquare","floor":2},{"not_picked":["ScarletMeister","HeartBreak"],"picked":"BatForm","floor":6},{"not_picked":["HellCatastrophe","ScarletMeister"],"picked":"BatForm","floor":7},{"not_picked":["CeilingFear+1","KillingBlow"],"picked":"TransientEternity","floor":8},{"not_picked":["TricksterDevil","DemonKingCradle"],"picked":"CeilingFear+1","floor":10},{"not_picked":["ChaoticDestiny+1","CurseOfVladTepes"],"picked":"BloodyCatastrophe+1","floor":11},{"not_picked":["DemonKingCradle","KillingBlow"],"picked":"BatForm","floor":12},{"not_picked":["HellCatastrophe","BloodRain+1"],"picked":"CurseOfVladTepes","floor":13},{"not_picked":["HeartBreak","BatForm"],"picked":"BloodyHallows+1","floor":14},{"not_picked":["TricksterDevil","HeartBreak"],"picked":"BloodyHallows+1","floor":16},{"not_picked":["DiffusionOfMisfortune+1","BlasphemousPunishment+1"],"picked":"EmergencyRegeneration+1","floor":18},{"not_picked":["EndlessAdversity","TwelveNightmare","ScarletImprint"],"picked":"SKIP","floor":20},{"not_picked":["CeilingFear+1","TransientEternity"],"picked":"BloodyCatastrophe+1","floor":23},{"not_picked":["BloodyHallows+1","ScarletMeister"],"picked":"BloodyCatastrophe+1","floor":25},{"not_picked":["BloodRain+1","BloodySeventeenLaser"],"picked":"CeilingFear+1","floor":27},{"not_picked":["TransientEternity","CurseOfVladTepes"],"picked":"QueenOfMidnight","floor":29},{"not_picked":["CurseOfVladTepes","BloodyHallows+1"],"picked":"EquivalentExchange","floor":31},{"not_picked":["ScarletMeister","ForecastOfChange"],"picked":"TransientEternity","floor":33},{"not_picked":["BombardNight","MillenniumVampire+1","FavorOfDestiny+1"],"picked":"SKIP","floor":35},{"not_picked":[],"picked":"BlasphemousPunishment","floor":37},{"not_picked":["TricksterDevil","BatForm"],"picked":"BloodyCatastrophe+1","floor":40},{"not_picked":["CeilingFear+1","HeartBreak"],"picked":"TransientEternity","floor":42},{"not_picked":["ChaoticDestiny+1","BloodySeventeenLaser"],"picked":"ScarletCoffin","floor":44},{"not_picked":["BloodRain+1","CeilingFear+1"],"picked":"BloodyHallows+1","floor":45},{"not_picked":["BloodRain+1","BloodySeventeenLaser"],"picked":"EquivalentExchange+1","floor":46},{"not_picked":["TricksterDevil+1","QueenOfMidnight+1","BloodRain+1"],"picked":"SKIP","floor":47},{"not_picked":["TricksterDevil+1","BloodRain+1","EquivalentExchange+1"],"picked":"SKIP","floor":48}],"player_experience":1100254,"relics_obtained":[{"floor":6,"key":"infinitespire:Lychee Nut"},{"floor":7,"key":"Girya"},{"floor":8,"key":"Toxic Egg 2"},{"floor":9,"key":"CeramicFish"},{"floor":10,"key":"Bag of Marbles"},{"floor":11,"key":"TungstenRod"},{"floor":12,"key":"hubris:OldNail"},{"floor":13,"key":"Vajra"},{"floor":14,"key":"hubris:Metronome"},{"floor":18,"key":"The Courier"},{"floor":21,"key":"Akabeko"},{"floor":23,"key":"Smiling Mask"},{"floor":25,"key":"hubris:CuriousFeather"},{"floor":26,"key":"Happy Flower"},{"floor":27,"key":"hubris:FunFungus"},{"floor":29,"key":"Thread and Needle"},{"floor":31,"key":"CaptainsWheel"},{"floor":40,"key":"Boot"},{"floor":42,"key":"AntiCross"},{"floor":42,"key":"Whetstone"},{"floor":43,"key":"MawBank"},{"floor":43,"key":"Meat on the Bone"},{"floor":44,"key":"Oddly Smooth Stone"},{"floor":44,"key":"Frozen Egg 2"},{"floor":45,"key":"infinitespire:Beetle Shell"},{"floor":45,"key":"Ginger"},{"floor":45,"key":"hubris:PeanutButter"},{"floor":46,"key":"infinitespire:Lucky Rock"},{"floor":46,"key":"TypeBBloodRedTea"},{"floor":47,"key":"Mummified Hand"},{"floor":47,"key":"Centennial Puzzle"},{"floor":48,"key":"Lantern"},{"floor":48,"key":"PreservedInsect"}],"event_choices":[{"damage_healed":0,"gold_gain":150,"player_choice":"AGREE","damage_taken":0,"max_hp_gain":0,"max_hp_loss":0,"event_name":"Liars Game","floor":4,"gold_loss":0,"cards_obtained":["Doubt"]},{"cards_removed":["Writhe"],"damage_healed":0,"gold_gain":0,"player_choice":"Offered Curse","damage_taken":0,"relics_obtained":["Spirit Poop"],"max_hp_gain":0,"max_hp_loss":0,"event_name":"Bonfire Elementals","floor":30,"gold_loss":0}],"is_beta":false,"boss_relics":[{"not_picked":["Fusion Hammer","hubris:BlackHole"],"picked":"SlaversCollar"},{"not_picked":["hubris:VirtuousBlindfold","hubris:HollowSoul"],"picked":"Coffee Dripper"}],"items_purged_floors":[3,19,22,38,39],"is_endless":false,"potions_floor_spawned":[2,7,10,11,13,16,20,27,33,35,42,44,45,48],"ascension_level":20}}