{"host":"9poy283te0bas84o","time":1614040370,"event":{"mods":["BaseMod","Downfall","GifTheSpireLib","HexUI Lib","Hubris","Infinite Spire","Minty Spire (QoL Compilation)","Replay The Spire","StSLib","The Disciple"],"gold_per_floor":[109,123,45,62,62,88,88,114,161,161,178,191,202,230,230,332,332,342,342,342,342,353,388,388,388,388,417,434,359,359,373,373,373,373],"floor_reached":33,"language":"ENG","playtime":7522,"items_purged":["Strike_B"],"score":406,"play_id":"e98d9ac3-4e0f-418e-82fd-d2bf37f28b05","local_time":"20210222193250","is_ascension_mode":true,"campfire_choices":[{"floor":7,"key":"REST"},{"floor":15,"key":"REST"},{"floor":24,"key":"REST"},{"floor":30,"key":"REST"},{"floor":32,"key":"REST"}],"circlet_count":0,"master_deck":["Defend_B","Defend_B","Defend_B","Defend_B","Zap","Mirror Shield","Gash","Compile Driver","ReplayGash","Beam Cell","Rebound","Rebound","BootSequence","Steam","Sunder","ReplayTheSpireMod:Calculation Training","Electrodynamics","Gash","Steam","Gash+1","Conserve Battery","Gash"],"relics":["Cracked Core","Gambling Chip","Anchor","Omamori","Vajra","Replay:Bronze Core","Mirror","hubris:Icosahedron","DataDisk","Juzu Bracelet"],"acts_visited":["Exordium","TheCity"],"potions_floor_usage":[16,23,27,27,28],"damage_taken":[{"damage":1,"enemies":"2 Louse","floor":1,"turns":2},{"damage":0,"enemies":"Cultist","floor":2,"turns":3},{"damage":0,"enemies":"Small Slimes","floor":4,"turns":3},{"damage":39,"enemies":"Lagavulin","floor":6,"turns":9},{"damage":20,"enemies":"3 Sentries","floor":8,"turns":6},{"damage":4,"enemies":"Red Slaver","floor":11,"turns":2},{"damage":0,"enemies":"2 Fungi Beasts","floor":12,"turns":2},{"damage":3,"enemies":"Large Slime","floor":13,"turns":4},{"damage":9,"enemies":"Gremlin Nob","floor":14,"turns":3},{"damage":24,"enemies":"Hexaghost","floor":16,"turns":9},{"damage":22,"enemies":"3 Byrds","floor":18,"turns":5},{"damage":3,"enemies":"Shell Parasite","floor":22,"turns":5},{"damage":24,"enemies":"Book of Stabbing","floor":23,"turns":5},{"damage":2,"enemies":"Slavers","floor":27,"turns":3},{"damage":21,"enemies":"Snecko","floor":28,"turns":4},{"damage":17,"enemies":"Shelled Parasite and Fungi","floor":31,"turns":4},{"damage":47,"enemies":"Champ","floor":33,"turns":8}],"seed_played":"-7158541394759984096","potions_obtained":[{"floor":6,"key":"Energy Potion"},{"floor":12,"key":"BlessingOfTheForge"},{"floor":13,"key":"FocusPotion"},{"floor":14,"key":"Regen Potion"},{"floor":22,"key":"PowerPotion"},{"floor":27,"key":"Fruit Juice"}],"is_trial":false,"path_per_floor":["M","M","$","M","?","E","R","E","T","?","M","M","M","E","R","B",null,"M","AVR","?","?","M","E","R","?","T","E","M","?","R","M","R","B"],"character_chosen":"DEFECT","items_purchased":["ReplayGash"],"campfire_rested":5,"item_purchase_floors":[3],"current_hp_per_floor":[67,67,67,67,67,28,48,28,28,28,24,24,21,12,32,23,57,35,35,35,35,32,8,28,22,22,25,4,4,25,8,29,0,0],"gold":373,"neow_bonus":"THREE_RARE_CARDS","is_daily":false,"chose_seed":false,"campfire_upgraded":0,"win_rate":0.0,"timestamp":1614040370,"path_taken":["M","M","$","M","?","E","R","E","T","?","M","M","M","E","R","BOSS","M","AVR","?","?","M","E","R","?","T","E","M","?","R","M","R","BOSS"],"items_purchased_type":["Card"],"build_version":"2020-12-22","purchased_purges":1,"victory":false,"max_hp_per_floor":[68,68,68,68,68,68,68,68,68,68,68,68,68,68,68,68,68,68,68,68,68,68,68,68,68,68,73,73,73,73,73,73,73,73],"card_choices":[{"not_picked":["ReplayRNGCard","Multi-Cast"],"picked":"Mirror Shield","floor":0},{"not_picked":["Sweeping Beam","Beam Cell"],"picked":"Gash","floor":1},{"not_picked":["BasicCrystalCard","Sweeping Beam"],"picked":"Compile Driver","floor":2},{"not_picked":["White Noise","ReplayTheSpireMod:Reroute Power"],"picked":"Beam Cell","floor":4},{"not_picked":["Consume","Steam"],"picked":"Rebound","floor":6},{"not_picked":["Compile Driver","Loop"],"picked":"Rebound","floor":8},{"not_picked":["Sweeping Beam","ReplayTheSpireMod:GoodbyeWorld"],"picked":"BootSequence","floor":11},{"not_picked":["Capacitor","Steam Power"],"picked":"Steam","floor":12},{"not_picked":["Streamline","ReplayRNGCard"],"picked":"Sunder","floor":13},{"not_picked":["Fusion","Panic Button"],"picked":"ReplayTheSpireMod:Calculation Training","floor":14},{"not_picked":["Hyperbeam","Reboot"],"picked":"Electrodynamics","floor":16},{"not_picked":["Capacitor","Streamline"],"picked":"Gash","floor":18},{"not_picked":["Redo+1","Blizzard+1","Barrage"],"picked":"SKIP","floor":22},{"not_picked":["Chill","Lockon"],"picked":"Steam","floor":23},{"not_picked":["Blizzard","ReplayTheSpireMod:Repulse"],"picked":"Gash+1","floor":27},{"not_picked":["Streamline+1","All For One"],"picked":"Conserve Battery","floor":28},{"not_picked":["Conserve Battery","Consume"],"picked":"Gash","floor":31}],"player_experience":880662,"relics_obtained":[{"floor":6,"key":"Gambling Chip"},{"floor":8,"key":"Anchor"},{"floor":9,"key":"Omamori"},{"floor":14,"key":"Vajra"},{"floor":23,"key":"DataDisk"},{"floor":27,"key":"Juzu Bracelet"}],"event_choices":[{"cards_removed":["Strike_B"],"damage_healed":0,"gold_gain":0,"player_choice":"Purged","damage_taken":0,"max_hp_gain":0,"max_hp_loss":0,"event_name":"Purifier","floor":10,"gold_loss":0},{"cards_removed":["Strike_B"],"damage_healed":0,"gold_gain":0,"player_choice":"Elegance","damage_taken":0,"max_hp_gain":0,"max_hp_loss":0,"event_name":"Back to Basics","floor":21,"gold_loss":0},{"damage_healed":0,"gold_gain":0,"player_choice":"","damage_taken":6,"max_hp_gain":0,"max_hp_loss":0,"event_name":"Knowing Skull","floor":25,"potions_obtained":[],"gold_loss":0,"cards_obtained":[]},{"cards_removed":["Dualcast"],"damage_healed":0,"gold_gain":0,"player_choice":"Gave Gold","damage_taken":0,"max_hp_gain":0,"max_hp_loss":0,"event_name":"Beggar","floor":29,"gold_loss":75}],"is_beta":false,"boss_relics":[{"not_picked":["ReplayTheSpireMod:SealedPack","hubris:ScarierMask"],"picked":"Replay:Bronze Core"}],"items_purged_floors":[19],"is_endless":false,"potions_floor_spawned":[6,12,13,14,22,27],"killed_by":"Champ","ascension_level":5}}