{"host":"kj5ejyofr70ax6r3","time":1614060758,"event":{"mods":["BaseMod","BetterRewards","Colored Map","Downfall","GifTheSpireLib","Minty Spire (QoL Compilation)","Replay The Spire","Shop Mod","StSLib"],"gold_per_floor":[99,110,128,143,143,53,53,53,53,53,73,73,73,88,104,201,201,1,11,27,41,53,38,64,87,87,116,116,144,144,244,257,358,358,358,370,380,426,426,426,475,575,592,625,636,650,677,577,596,596,596,624,105,105,105,105],"floor_reached":57,"language":"ENG","playtime":2845,"items_purged":["Regret"],"score":1526,"play_id":"c909e41b-9e41-4a9c-8ed4-c23885ea93e4","local_time":"20210223001238","is_ascension_mode":true,"campfire_choices":[{"floor":1,"key":"RECALL"},{"data":"bronze:DigitalCarnage","floor":8,"key":"SMITH"},{"floor":10,"key":"REST"},{"data":"bronze:Flail","floor":13,"key":"SMITH"},{"data":"bronze:HardenedForm","floor":28,"key":"SMITH"},{"floor":30,"key":"REST"},{"data":"bronze:HardenedForm","floor":35,"key":"SMITH"},{"data":"bronze:OilSpill","floor":40,"key":"SMITH"},{"floor":48,"key":"REST"},{"floor":54,"key":"REST"}],"circlet_count":0,"master_deck":["bronze:Strike","bronze:Strike","bronze:Strike","bronze:Strike","bronze:Defend","bronze:Defend","bronze:Defend","bronze:Defend","bronze:Replicate+1","bronze:Goto","bronze:WildBeam","bronze:DigitalCarnage+1","bronze:Turbo","bronze:WhirlingStrike+1","bronze:Flail+1","bronze:Allocate","bronze:Frontload","bronze:Repair+1","bronze:BugBarrage","bronze:ChosenStrike+1","bronze:Frontload+1","bronze:HardenedForm+1","bronze:OilSpill+1","bronze:FollowUp","bronze:ItsAFeature+1","bronze:HardenedForm+1","bronze:Shield+1","bronze:Separator","bronze:ChildClass+1","bronze:ItsAFeature+1","bronze:BuggyMess+1","bronze:BronzeOrb","bronze:MaxOutput","bronze:AlphaBuild","bronze:CutThrough+1","Magnetism"],"relics":["bronze:BronzeCore","Replay:Bottled Steam","Ring of Panic","ReplayTheSpireMod:Ring of Collecting","SlaversCollar","downfall:HeartBlessingRed","downfall:HeartBlessingBlue","Replay:Towering Pillar of Hats","Ring of Searing","Orichalcum","Ring of Fangs","Omamori","Enchiridion","BranchBurnRelic","Vajra","bronze:MakeshiftBattery","Ice Cream","Ring of Misfortune","Bag of Preparation","Happy Flower","Garlic","downfall:HeartBlessingGreen","Toy Ornithopter","Bottled Lightning"],"acts_visited":["Exordium","TheCity","TheBeyond","TheEnding"],"potions_floor_usage":[16,20,38,50,52,56],"damage_taken":[{"damage":1,"enemies":"Cultist","floor":2,"turns":3},{"damage":10,"enemies":"Small Slimes","floor":3,"turns":3},{"damage":2,"enemies":"Jaw Worm","floor":4,"turns":3},{"damage":5,"enemies":"downfall:FleeingMerchant","floor":6,"turns":4},{"damage":0,"enemies":"3 Louse","floor":11,"turns":2},{"damage":0,"enemies":"Large Slime","floor":14,"turns":2},{"damage":5,"enemies":"Gremlin Gang","floor":15,"turns":2},{"damage":0,"enemies":"WA_ARCHETYPE_RETAIN","floor":16,"turns":3},{"damage":9,"enemies":"3 Byrds","floor":19,"turns":5},{"damage":0,"enemies":"downfall:LooterAlt2","floor":20,"turns":3},{"damage":0,"enemies":"Sentry and Sphere","floor":21,"turns":2},{"damage":1,"enemies":"Snecko","floor":22,"turns":3},{"damage":0,"enemies":"downfall:FleeingMerchant","floor":23,"turns":4},{"damage":14,"enemies":"Gremlin Leader","floor":27,"turns":4},{"damage":23,"enemies":"Slavers","floor":29,"turns":4},{"damage":21,"enemies":"Centurion and Healer","floor":32,"turns":3},{"damage":27,"enemies":"IC_MUSHROOM_ARCHETYPE","floor":33,"turns":5},{"damage":23,"enemies":"Orb Walker","floor":36,"turns":3},{"damage":11,"enemies":"3 Shapes","floor":37,"turns":3},{"damage":46,"enemies":"2 Orb Walkers","floor":38,"turns":4},{"damage":10,"enemies":"Spire Growth","floor":43,"turns":3},{"damage":17,"enemies":"R_Hoarder","floor":44,"turns":5},{"damage":15,"enemies":"Transient","floor":45,"turns":5},{"damage":15,"enemies":"Maw","floor":46,"turns":4},{"damage":9,"enemies":"Reptomancer","floor":47,"turns":5},{"damage":45,"enemies":"Spire Growth","floor":49,"turns":4},{"damage":4,"enemies":"SI_POISON_ARCHETYPE","floor":50,"turns":7},{"damage":37,"enemies":"downfall:CharBossMerchant","floor":52,"turns":5},{"damage":33,"enemies":"downfall:NeowBoss","floor":55,"turns":12},{"damage":36,"enemies":"downfall:NeowBossFinal","floor":56,"turns":6}],"seed_played":"817818113664278314","potions_obtained":[{"floor":3,"key":"LiquidMemories"},{"floor":11,"key":"Strength Potion"},{"floor":16,"key":"BlessingOfTheForge"},{"floor":19,"key":"DistilledChaos"},{"floor":22,"key":"BlessingOfTheForge"},{"floor":27,"key":"Strength Potion"},{"floor":38,"key":"Death Potion"}],"is_trial":false,"path_per_floor":["R","M","M","M","?","$","T","R","?","R","M","?","R","M","M","B",null,"R_BF","M","M","M","M","$","T","T","?","E","R","E","R","?","M","B",null,"R","M","M","?","?","R","T","?","M","E","M","M","E","R","M","B",null,"E","$","R","B","B",null],"character_chosen":"THE_AUTOMATON","items_purchased":["Bottled Lightning","bronze:CutThrough+1","AttackPotion","Magnetism"],"campfire_rested":4,"item_purchase_floors":[53,53,53,53],"current_hp_per_floor":[70,69,59,57,57,52,52,52,52,70,70,70,70,70,65,65,70,80,71,80,80,79,80,80,80,64,60,60,49,73,73,61,44,80,80,61,60,24,90,90,90,90,84,74,69,64,65,90,52,48,90,63,63,90,75,54],"gold":105,"neow_bonus":"UPGRADE_CARD","is_daily":false,"chose_seed":false,"campfire_upgraded":5,"win_rate":0.0,"timestamp":1614060758,"path_taken":["R","M","?","M","?","$","T","R","?","R","M","?","R","M","M","BOSS","R_BF","M","?","M","M","$","T","?","?","E","R","E","R","?","M","BOSS","R","M","M","?","?","R","T","?","?","E","M","M","E","R","M","BOSS","E","$","R","BOSS","BOSS"],"items_purchased_type":["Relic","Card","Potion","Card"],"build_version":"2020-12-22","purchased_purges":1,"victory":true,"max_hp_per_floor":[70,70,70,70,70,70,70,70,70,70,70,70,70,70,70,70,70,80,80,80,80,80,80,80,80,80,80,80,80,80,80,80,80,80,80,80,80,80,90,90,90,90,90,90,90,90,90,90,90,90,90,90,90,90,90,90],"card_choices":[{"not_picked":["bronze:Overheat","bronze:BitShift"],"picked":"bronze:WildBeam","floor":2},{"not_picked":["bronze:FollowUp","bronze:CutThrough"],"picked":"bronze:DigitalCarnage","floor":3},{"not_picked":["bronze:Deprecate","bronze:Branch"],"picked":"bronze:Turbo","floor":4},{"not_picked":["bronze:Frontload","bronze:Branch"],"picked":"bronze:WhirlingStrike","floor":6},{"not_picked":["bronze:BuggyMess","bronze:DigitalCarnage"],"picked":"bronze:Flail","floor":11},{"not_picked":["bronze:Frontload","bronze:FineTuning"],"picked":"bronze:Allocate","floor":14},{"not_picked":["bronze:ForLoop","bronze:BronzeArmor"],"picked":"bronze:Frontload","floor":15},{"not_picked":["bronze:Assembly","bronze:Verify"],"picked":"bronze:AlphaBuild","floor":16},{"not_picked":["bronze:Separator","bronze:Frontload"],"picked":"bronze:Repair+1","floor":19},{"not_picked":["bronze:ForceShield","bronze:CutThrough"],"picked":"bronze:BugBarrage","floor":20},{"not_picked":["bronze:Turbo+1","bronze:Overheat"],"picked":"bronze:ChosenStrike+1","floor":21},{"not_picked":["bronze:BitShift","bronze:Overheat"],"picked":"bronze:Frontload+1","floor":22},{"not_picked":["bronze:Frontload","bronze:BuggyMess"],"picked":"bronze:HardenedForm","floor":23},{"not_picked":["bronze:Turbo+1","bronze:Mutator"],"picked":"bronze:OilSpill","floor":27},{"not_picked":["bronze:Philosophize","bronze:WildBeam"],"picked":"bronze:FollowUp","floor":29},{"not_picked":["bronze:Deprecate","bronze:Branch"],"picked":"bronze:ItsAFeature+1","floor":32},{"not_picked":["bronze:TinkerersToolbox","bronze:RecursiveStrike"],"picked":"bronze:HardenedForm","floor":33},{"not_picked":["bronze:FollowUp","bronze:Overheat"],"picked":"bronze:Shield+1","floor":36},{"not_picked":["bronze:FineTuning+1","bronze:DelayedGuard"],"picked":"bronze:Separator","floor":37},{"not_picked":["bronze:ForceShield+1","bronze:Deprecate"],"picked":"bronze:ChildClass+1","floor":38},{"not_picked":["bronze:Safeguard","bronze:ChildClass","bronze:Shield+1"],"picked":"SKIP","floor":43},{"not_picked":["bronze:Overload","bronze:ChosenStrike+1"],"picked":"bronze:ItsAFeature+1","floor":44},{"not_picked":["bronze:Turbo","bronze:ChosenStrike"],"picked":"bronze:BuggyMess+1","floor":45},{"not_picked":["bronze:Overheat","bronze:Return+1","bronze:Frontload"],"picked":"SKIP","floor":46},{"not_picked":["bronze:Constructor+1","bronze:DelayedGuard+1"],"picked":"bronze:BronzeOrb","floor":47},{"not_picked":["bronze:ItsAFeature+1","bronze:Turbo"],"picked":"bronze:MaxOutput","floor":49},{"not_picked":["bronze:ForceShield+1","bronze:Return"],"picked":"bronze:AlphaBuild","floor":52}],"player_experience":201016,"relics_obtained":[{"floor":12,"key":"Ring of Panic"},{"floor":12,"key":"ReplayTheSpireMod:Ring of Collecting"},{"floor":24,"key":"Ring of Searing"},{"floor":24,"key":"Orichalcum"},{"floor":25,"key":"Ring of Fangs"},{"floor":25,"key":"Omamori"},{"floor":26,"key":"Enchiridion"},{"floor":27,"key":"Dead Branch"},{"floor":29,"key":"Vajra"},{"floor":38,"key":"Ice Cream"},{"floor":41,"key":"Ring of Misfortune"},{"floor":41,"key":"Bag of Preparation"},{"floor":44,"key":"Happy Flower"},{"floor":47,"key":"Garlic"},{"floor":52,"key":"Toy Ornithopter"}],"event_choices":[{"damage_healed":0,"gold_gain":0,"player_choice":"Box","damage_taken":0,"relics_obtained":["Replay:Bottled Steam"],"max_hp_gain":0,"max_hp_loss":0,"event_name":"Big Fish","floor":5,"gold_loss":0,"cards_obtained":["Regret"]},{"damage_healed":0,"gold_gain":0,"player_choice":"Grow","damage_taken":0,"max_hp_gain":0,"max_hp_loss":0,"event_name":"Living Wall","floor":9,"gold_loss":0,"cards_upgraded":["bronze:WhirlingStrike"]},{"damage_healed":0,"gold_gain":0,"player_choice":"Fight","damage_taken":0,"max_hp_gain":0,"max_hp_loss":0,"event_name":"Mysterious Sphere","floor":38,"gold_loss":0}],"is_beta":false,"boss_relics":[{"not_picked":["SacredBark","Honey Jar"],"picked":"SlaversCollar"},{"not_picked":["Painkiller Herb","Philosopher\u0027s Stone"],"picked":"bronze:MakeshiftBattery"}],"items_purged_floors":[6],"is_endless":false,"potions_floor_spawned":[3,11,16,19,22,27,33,38,44,45,49],"ascension_level":3}}