{"host":"lw59ann91yhh6pk4","time":1614110923,"event":{"mods":["Act Like it!","BaseMod","Colored Map","Colored Powertips","Downfall","Duelist Mod","GifTheSpireLib","Hermit","MarisaÅiñ∂âJÅ@ñÇóùçπÅj","Minty Spire (QoL Compilation)","StSLib","The Animator","The Bug Knight","The Construct","The Cursed","The Disciple","The Hierophant","The Jungle","The Necromancer","The Runesmith","The Servant 0.9.4","slay the spire mod where everything is the same but ironclad has a cowboy hat"],"gold_per_floor":[99,99,99,99,99,199,245,263,325,325,350,361,29,47,65,166,166,166,216,266,278,344,119,143,158,219,234,259,112,112,176,193,298,298,298,316,415,54,104,135,217,227,241,256,256,285,25,50,68,68],"floor_reached":51,"language":"ENG","playtime":4704,"items_purged":["Slimebound:Strike_Slimebound","Slimebound:SlimeBrawl","Slimebound:Defend_Slimebound","Slimebound:Defend_Slimebound"],"score":909,"play_id":"8a89cb1d-890d-4b56-ae0c-8f4e3ec7f6d7","local_time":"20210223210843","is_ascension_mode":false,"campfire_choices":[{"data":"Slimebound:Split","floor":1,"key":"SMITH"},{"data":"Slimebound:DuplicatedForm","floor":10,"key":"SMITH"},{"data":"Slimebound:OneTwoCombo","floor":18,"key":"SMITH"},{"data":"Slimebound:SlimeBarrage","floor":30,"key":"SMITH"},{"data":"Slimebound:SlimeBrawl","floor":35,"key":"SMITH"},{"floor":45,"key":"RECALL"}],"circlet_count":0,"master_deck":["Slimebound:Strike_Slimebound","Slimebound:Defend_Slimebound","Slimebound:Defend_Slimebound","Slimebound:Split+1","Slimebound:CorrosiveSpit","Slimebound:SamplingLick+1","Slimebound:SplitBruiser","Slimebound:Schlurp","Slimebound:Replication","Slimebound:DuplicatedForm+1","Slimebound:RallyTheTroops","Slimebound:SplitBruiser","Slimebound:LeadByExample","expansioncontent:HyperBeam","Slimebound:GrowthPunch","Slimebound:RejuvenatingLick","Slimebound:OneTwoCombo+1","Slimebound:SplitLeeching","Slimebound:LivingWall","Slimebound:SlimeBrawl+1","Slimebound:Repurpose","Slimebound:SpikyOuterGoop","Slimebound:SlimeBrawl","Slimebound:Repurpose+1","Slimebound:SlimeTap","Slimebound:SlimeBarrage+1","Slimebound:SlimeTap","expansioncontent:QuickStudy","Slimebound:SlimeBrawl+1","expansioncontent:YouAreMine","Slimebound:SplitAcid+1","Slimebound:Overexert","Slimebound:SplitAcid+1","Slimebound:Dissolve+1","Slimebound:OozeBath","Slimebound:ItLooksTasty+1","Slimebound:FormOfPuddle+1","Slimebound:Nibble+1","Slimebound:RainOfGoop+1","Slimebound:ItLooksTasty+1","Slimebound:AcidTongue","Slimebound:Schlurp+1","Slimebound:SlimeBrawl+1","Slimebound:Prepare","Slimebound:SlimeBrawl+1","Slimebound:SplitAcid+1","Slimebound:SplitMire"],"relics":["Slimebound:AbsorbEndCombat","downfall:HeartsMalice","downfall:CloakOfManyFaces","CultistMask","FaceOfCleric","NlothsMask","GremlinMask","SsserpentHead","Slimebound:AggressiveSlimeRelic","Strange Spoon","Runic Pyramid","White Beast Statue","Coffee Dripper","Calipers","Orrery","Mango","Pantograph","Bottled Flame","Potion Belt","DollysMirror","construct:BoolHorns"],"acts_visited":["Exordium","TheCity","TheBeyond"],"potions_floor_usage":[9,11,16,26,32,33,33,42,42,46,50,50,50],"damage_taken":[{"damage":0,"enemies":"2 Louse","floor":2,"turns":1},{"damage":0,"enemies":"Small Slimes","floor":5,"turns":1},{"damage":0,"enemies":"downfall:FaceTrader","floor":6,"turns":1},{"damage":4,"enemies":"Cultist","floor":8,"turns":3},{"damage":6,"enemies":"Blue Slaver","floor":9,"turns":3},{"damage":18,"enemies":"Lagavulin","floor":11,"turns":5},{"damage":32,"enemies":"Gremlin Gang","floor":12,"turns":4},{"damage":15,"enemies":"downfall:FleeingMerchant","floor":13,"turns":4},{"damage":3,"enemies":"2 Fungi Beasts","floor":14,"turns":2},{"damage":5,"enemies":"Red Slaver","floor":15,"turns":3},{"damage":47,"enemies":"WA_ARCHETYPE_RETAIN","floor":16,"turns":6},{"damage":10,"enemies":"Shell Parasite","floor":21,"turns":5},{"damage":14,"enemies":"Sentry and Sphere","floor":22,"turns":4},{"damage":3,"enemies":"downfall:FleeingMerchant","floor":23,"turns":4},{"damage":22,"enemies":"Chosen and Byrds","floor":25,"turns":4},{"damage":32,"enemies":"Snake Plant","floor":26,"turns":2},{"damage":8,"enemies":"Shelled Parasite and Fungi","floor":27,"turns":3},{"damage":13,"enemies":"theDuelist:KaibaA2","floor":28,"turns":4},{"damage":18,"enemies":"downfall:FleeingMerchant","floor":29,"turns":4},{"damage":3,"enemies":"3 Cultists","floor":31,"turns":3},{"damage":15,"enemies":"Centurion and Healer","floor":32,"turns":4},{"damage":28,"enemies":"SI_MIRROR_ARCHETYPE","floor":33,"turns":6},{"damage":0,"enemies":"Orb Walker","floor":36,"turns":3},{"damage":40,"enemies":"2 Orb Walkers","floor":37,"turns":3},{"damage":15,"enemies":"Nemesis","floor":40,"turns":3},{"damage":0,"enemies":"3 Shapes","floor":42,"turns":3},{"damage":0,"enemies":"Maw","floor":43,"turns":5},{"damage":0,"enemies":"Jaw Worm Horde","floor":44,"turns":2},{"damage":0,"enemies":"HollowMod:StalkingDevout","floor":46,"turns":4},{"damage":9,"enemies":"Giant Head","floor":48,"turns":5},{"damage":0,"enemies":"Sphere and 2 Shapes","floor":49,"turns":2},{"damage":23,"enemies":"IC_BLOCK_ARCHETYPE","floor":50,"turns":5}],"seed_played":"-8133522070551911518","potions_obtained":[{"floor":6,"key":"EssenceOfSteel"},{"floor":9,"key":"CultistPotion"},{"floor":15,"key":"PowerPotion"},{"floor":25,"key":"PowerPotion"},{"floor":27,"key":"SpeedPotion"},{"floor":28,"key":"Strength Potion"},{"floor":29,"key":"Slimebound:ThreeZeroPotion"},{"floor":32,"key":"Strength Potion"},{"floor":33,"key":"LiquidMemories"},{"floor":36,"key":"construct:ShiftPotion"},{"floor":42,"key":"Guardian:BlockOnCardUsePotion"},{"floor":43,"key":"SneckoOil"},{"floor":46,"key":"Explosive Potion"}],"is_trial":false,"path_per_floor":["R","M","?","?","M","?","T","M","M","R","E","M","$","M","M","B",null,"R","?","?","M","M","$","T","M","M","M","E","$","R","M","M","B",null,"R","M","?","$","?","E","T","M","M","M","R","E","$","E","M","B",null],"character_chosen":"SLIMEBOUND","items_purchased":["Strange Spoon","expansioncontent:HyperBeam","Slimebound:Repurpose","Slimebound:SpikyOuterGoop","Slimebound:SlimeTap","expansioncontent:QuickStudy","Slimebound:SlimeBrawl","expansioncontent:YouAreMine","Slimebound:OozeBath","Orrery","Strength Potion","Block Potion","DollysMirror"],"campfire_rested":0,"item_purchase_floors":[13,13,23,23,29,29,29,29,38,38,47,47,47],"current_hp_per_floor":[65,65,65,65,65,65,65,66,63,63,65,55,62,60,58,31,73,73,60,60,57,50,54,54,54,44,45,35,41,41,39,48,44,89,89,90,72,72,86,95,95,104,108,109,109,110,110,106,112,107],"gold":68,"neow_bonus":"THREE_ENEMY_KILL","is_daily":false,"chose_seed":false,"campfire_upgraded":5,"win_rate":0.0,"timestamp":1614110923,"path_taken":["R","M","?","?","?","?","T","M","?","R","E","M","$","M","M","BOSS","R","?","?","M","?","$","T","M","?","M","E","?","R","?","M","BOSS","R","M","?","$","?","E","T","M","M","M","R","E","$","E","M","BOSS"],"items_purchased_type":["Relic","Card","Card","Card","Card","Card","Card","Card","Card","Relic","Potion","Potion","Relic"],"build_version":"2020-12-22","purchased_purges":4,"victory":true,"max_hp_per_floor":[65,65,65,65,65,65,65,66,67,67,68,69,70,71,72,73,73,73,78,78,79,80,81,81,82,83,84,85,86,86,87,88,89,89,89,90,91,91,105,106,106,107,108,109,109,110,110,111,112,113],"card_choices":[{"not_picked":["Slimebound:FinishingTackle","Slimebound:RollThrough"],"picked":"Slimebound:SamplingLick","floor":2},{"not_picked":["Slimebound:Gluttony","Slimebound:ForwardTackle"],"picked":"Slimebound:SplitBruiser","floor":5},{"not_picked":["Slimebound:Gluttony","Slimebound:Prepare"],"picked":"Slimebound:Schlurp","floor":6},{"not_picked":["Slimebound:LivingWall","Slimebound:MegaLick"],"picked":"Slimebound:Replication","floor":8},{"not_picked":["Slimebound:FlameTackle","Slimebound:Dissolve"],"picked":"Slimebound:DuplicatedForm","floor":9},{"not_picked":["Slimebound:PressTheAttack","Slimebound:ItLooksTasty"],"picked":"Slimebound:RallyTheTroops","floor":11},{"not_picked":["Slimebound:ItLooksTasty","Slimebound:LeechingTouch"],"picked":"Slimebound:SplitBruiser","floor":12},{"not_picked":["Slimebound:GoopTackle","Slimebound:ViciousTackle"],"picked":"Slimebound:LeadByExample","floor":13},{"not_picked":["Slimebound:Chomp","Slimebound:GoopSpray"],"picked":"Slimebound:GrowthPunch","floor":14},{"not_picked":["Slimebound:Replication","Slimebound:LevelUp"],"picked":"Slimebound:RejuvenatingLick","floor":15},{"not_picked":["Slimebound:CheckThePlaybook","Slimebound:DuplicatedForm"],"picked":"Slimebound:OneTwoCombo","floor":16},{"not_picked":["Slimebound:PressTheAttack","Slimebound:GoopTackle"],"picked":"Slimebound:SplitLeeching","floor":21},{"not_picked":["Slimebound:ComboTackle","Slimebound:SamplingLick"],"picked":"Slimebound:LivingWall","floor":22},{"not_picked":["Slimebound:Prepare+1","Slimebound:DuplicatedForm"],"picked":"Slimebound:SlimeBrawl+1","floor":23},{"not_picked":["Slimebound:FinishingTackle","Slimebound:Prepare","Slimebound:PressTheAttack"],"picked":"SKIP","floor":25},{"not_picked":["Slimebound:GoopSpray","Slimebound:SplitBruiser"],"picked":"Slimebound:SlimeBrawl","floor":26},{"not_picked":["Slimebound:SlimeSpikes+1","Slimebound:Chomp"],"picked":"Slimebound:Repurpose+1","floor":27},{"not_picked":["Slimebound:Repurpose+1","Slimebound:SplitAcid"],"picked":"Slimebound:SlimeTap","floor":28},{"not_picked":["Slimebound:ItLooksTasty","Slimebound:ProtectTheBoss"],"picked":"Slimebound:SlimeBarrage","floor":29},{"not_picked":["Slimebound:LeechEnergy","Slimebound:ComboTackle","Slimebound:ItLooksTasty"],"picked":"SKIP","floor":31},{"not_picked":["Slimebound:LeechingTouch+1","Slimebound:RollThrough"],"picked":"Slimebound:SplitAcid+1","floor":32},{"not_picked":["Slimebound:PrepareCrush","Slimebound:DouseInSlime"],"picked":"Slimebound:Overexert","floor":33},{"not_picked":["Slimebound:Grow","Slimebound:Schlurp"],"picked":"Slimebound:SplitAcid+1","floor":36},{"not_picked":["Slimebound:SplitAcid","Slimebound:FormOfPuddle+1"],"picked":"Slimebound:Dissolve+1","floor":37},{"not_picked":["Slimebound:Grow+1","Slimebound:Dissolve"],"picked":"Slimebound:ItLooksTasty+1","floor":38},{"not_picked":["Slimebound:MegaLick","Slimebound:MassFeed"],"picked":"Slimebound:FormOfPuddle+1","floor":38},{"not_picked":["Slimebound:PressTheAttack","Slimebound:SpikyOuterGoop"],"picked":"Slimebound:Nibble+1","floor":38},{"not_picked":["Slimebound:RallyTheTroops","Slimebound:RollThrough+1"],"picked":"Slimebound:RainOfGoop+1","floor":38},{"not_picked":["Slimebound:HauntingLick","Slimebound:FlameTackle"],"picked":"Slimebound:ItLooksTasty+1","floor":38},{"not_picked":["Slimebound:LeechingTouch","Slimebound:HauntingLick"],"picked":"Slimebound:AcidTongue","floor":40},{"not_picked":["Slimebound:RollThrough","Slimebound:LivingWall+1"],"picked":"Slimebound:Schlurp+1","floor":42},{"not_picked":["Slimebound:GrowthPunch+1","Slimebound:GoopSpray"],"picked":"Slimebound:SlimeBrawl+1","floor":43},{"not_picked":["Slimebound:LivingWall","Slimebound:Replication"],"picked":"Slimebound:Prepare","floor":44},{"not_picked":["Slimebound:RollThrough+1","Slimebound:HauntingLick","Slimebound:Teamwork"],"picked":"SKIP","floor":46},{"not_picked":["Slimebound:HauntingLick","Slimebound:WasteNot"],"picked":"Slimebound:SplitAcid+1","floor":48},{"not_picked":["Slimebound:ComboTackle+1","Slimebound:Schlurp"],"picked":"Slimebound:SplitMire","floor":49}],"player_experience":138087,"relics_obtained":[{"floor":6,"key":"downfall:CloakOfManyFaces"},{"floor":11,"key":"Slimebound:AggressiveSlimeRelic"},{"floor":28,"key":"White Beast Statue"},{"floor":37,"key":"Calipers"},{"floor":39,"key":"Mango"},{"floor":40,"key":"Pantograph"},{"floor":41,"key":"Bottled Flame"},{"floor":46,"key":"Potion Belt"},{"floor":48,"key":"construct:BoolHorns"}],"event_choices":[{"cards_removed":["Slimebound:Strike_Slimebound"],"damage_healed":0,"gold_gain":0,"player_choice":"Card Removal","damage_taken":0,"max_hp_gain":0,"max_hp_loss":0,"event_name":"The Cleric","floor":3,"gold_loss":0},{"damage_healed":0,"gold_gain":0,"player_choice":"Fight","damage_taken":0,"max_hp_gain":0,"max_hp_loss":0,"event_name":"Mysterious Sphere","floor":37,"gold_loss":0}],"is_beta":false,"boss_relics":[{"not_picked":["Runic Dome","bronze:MakeshiftBattery"],"picked":"Runic Pyramid"},{"not_picked":["Astrolabe","Fusion Hammer"],"picked":"Coffee Dripper"}],"items_purged_floors":[13,23,29,38],"is_endless":false,"potions_floor_spawned":[6,9,15,25,27,28,29,31,32,33,36,37,40,42,43,44,46,48,49],"ascension_level":0}}