{"host":"9zznonz1olisd4fd","time":1614053652,"event":{"mods":["BaseMod","Keyboard Shortcuts","Minty Spire (QoL Compilation)","StSLib","SuperFastMode"],"gold_per_floor":[360,378,60,77,77,9,9,21,76,94,94,108,122,135,135,135,135],"floor_reached":16,"language":"KOR","playtime":612,"items_purged":["Strike_B"],"score":168,"play_id":"44f8d2b2-bada-4b69-bd1d-b85d6a6eef56","local_time":"20210223131412","is_ascension_mode":true,"campfire_choices":[{"data":"Dualcast","floor":7,"key":"SMITH"},{"data":"Coolheaded","floor":11,"key":"SMITH"},{"floor":15,"key":"REST"}],"circlet_count":0,"master_deck":["AscendersBane","Strike_B","Strike_B","Defend_B","Defend_B","Defend_B","Defend_B","Zap","Dualcast+1","Coolheaded+1","Conserve Battery","Capacitor","Sunder","Streamline"],"relics":["Cracked Core","Question Card","Blood Vial"],"acts_visited":["Exordium"],"potions_floor_usage":[4,13,16],"damage_taken":[{"damage":3,"enemies":"2 Louse","floor":1,"turns":3},{"damage":0,"enemies":"Cultist","floor":2,"turns":4},{"damage":0,"enemies":"Jaw Worm","floor":4,"turns":3},{"damage":4,"enemies":"Large Slime","floor":8,"turns":7},{"damage":17,"enemies":"3 Louse","floor":10,"turns":4},{"damage":0,"enemies":"2 Fungi Beasts","floor":12,"turns":2},{"damage":17,"enemies":"Large Slime","floor":13,"turns":7},{"damage":14,"enemies":"Blue Slaver","floor":14,"turns":3},{"damage":38,"enemies":"Hexaghost","floor":16,"turns":10}],"seed_played":"6200111620657822040","potions_obtained":[{"floor":1,"key":"Fire Potion"},{"floor":10,"key":"Explosive Potion"},{"floor":12,"key":"Regen Potion"},{"floor":14,"key":"Swift Potion"}],"is_trial":false,"path_per_floor":["M","M","$","M","?","$","R","M","T","M","R","M","M","M","R","B"],"character_chosen":"DEFECT","items_purchased":["Question Card","Capacitor"],"campfire_rested":1,"item_purchase_floors":[3,6],"current_hp_per_floor":[43,43,43,43,43,43,43,39,39,24,24,26,26,14,35,0,0],"gold":135,"neow_bonus":"TWO_FIFTY_GOLD","is_daily":false,"chose_seed":false,"campfire_upgraded":2,"win_rate":0.0,"timestamp":1614053652,"path_taken":["M","M","$","M","?","?","R","M","T","M","R","M","M","M","R","BOSS"],"items_purchased_type":["Relic","Card"],"build_version":"2020-12-22","purchased_purges":1,"victory":false,"max_hp_per_floor":[71,71,71,71,71,71,71,71,71,71,71,71,71,71,71,71,71],"card_choices":[{"not_picked":["Capacitor","Turbo"],"picked":"Coolheaded","floor":1},{"not_picked":["Double Energy","Rebound"],"picked":"Conserve Battery","floor":2},{"not_picked":["Conserve Battery","Gash","Cold Snap","Leap"],"picked":"SKIP","floor":4},{"not_picked":["Turbo","Steam","Double Energy","Consume"],"picked":"SKIP","floor":8},{"not_picked":["Steam Power","Steam","Stack"],"picked":"Sunder","floor":10},{"not_picked":["Go for the Eyes","Sunder","Capacitor","Machine Learning"],"picked":"SKIP","floor":12},{"not_picked":["Rebound","Stack","Leap"],"picked":"Streamline","floor":13},{"not_picked":["Turbo","Sweeping Beam","Beam Cell","Gash"],"picked":"SKIP","floor":14}],"player_experience":564287,"relics_obtained":[{"floor":9,"key":"Blood Vial"}],"event_choices":[{"cards_removed":["Strike_B"],"damage_healed":0,"gold_gain":0,"player_choice":"Offered Basic","damage_taken":0,"max_hp_gain":0,"max_hp_loss":0,"event_name":"Bonfire Elementals","floor":5,"gold_loss":0}],"is_beta":false,"boss_relics":[],"items_purged_floors":[3],"is_endless":false,"potions_floor_spawned":[1,10,12,14],"killed_by":"Hexaghost","ascension_level":15}}