{"host":"ox77rn1xcurm2t5a","time":1614119115,"event":{"mods":["2.2 Compatiblity","AchievementEnabler","Act Like it!","Aspiration","BaseMod","Best Route Mod","Better Match","Better Note","Better Sensory Stone","Block Reminder","Colored Map","Colored Powertips","Conjunction","Conspire","Custom Start","Energized Spire","GifTheSpireLib","Gold Saver","Gremlin Skip","Halation","Highlight Path","Hubris","Infinite Spire","Minty Spire (QoL Compilation)","Pale of the Ancients","Quick Restart","Reliquary","Replay The Spire","Reworked Bosses","ShortenTheSpire","Spire Exporter","StSLib","Stuff the Spire","Wandering Minibosses"],"gold_per_floor":[855,855,855,874,887,887,916,98,98,98,116,116,71,96,96,200,200,219,319,319,335,335,335,367,367,367,383,383,414,141,157,157,157,157],"floor_reached":33,"language":"ENG","playtime":719,"items_purged":["Defend_R","Defend_R"],"score":451,"play_id":"dd9c8f25-d5af-418b-b498-98d9d936462a","local_time":"20210224002515","is_ascension_mode":true,"campfire_choices":[{"data":"Perfected Strike","floor":6,"key":"SMITH"},{"floor":12,"key":"RECALL"},{"data":"Bash","floor":15,"key":"SMITH"},{"data":"Reaper","floor":23,"key":"SMITH"},{"data":"infinitespire:Collect","floor":28,"key":"SMITH"},{"data":"Flex","floor":32,"key":"SMITH"}],"circlet_count":0,"master_deck":["AscendersBane","Strike_R","Strike_R","Strike_R","Strike_R","Strike_R","Defend_R+1","Defend_R+1","Bash+1","Pommel Strike","Perfected Strike+1","Anger+1","Twin Strike","Clash","Clash","Reaper+1","Disarm+1","Cleave","infinitespire:Collect+1","Perfected Strike","Uppercut+1","Flex+1","Pommel Strike","Pommel Strike"],"relics":["Burning Blood","NeowsBlessing","StuffTheSpire:Expresso","aspiration:FrozenJewel","StuffTheSpire:DarkSteelAnvil","reliquary:Bookmark","Simple Rune","Chameleon Ring","Blue Candle","Art of War","Torii","Eternal Feather","Gremlin Food","King of Hearts"],"acts_visited":["Exordium","TheCity"],"potions_floor_usage":[7,14,14,18,21,27,31,33],"damage_taken":[{"damage":0,"enemies":"Small Slimes","floor":1,"turns":1},{"damage":0,"enemies":"Jaw Worm","floor":4,"turns":1},{"damage":0,"enemies":"Cultist","floor":5,"turns":1},{"damage":19,"enemies":"Gremlin Nob","floor":7,"turns":4},{"damage":0,"enemies":"Exordium Wildlife","floor":11,"turns":3},{"damage":2,"enemies":"Lagavulin","floor":14,"turns":3},{"damage":48,"enemies":"The Guardian","floor":16,"turns":9},{"damage":4,"enemies":"3 Byrds","floor":18,"turns":5},{"damage":5,"enemies":"Chosen","floor":21,"turns":2},{"damage":60,"enemies":"Gremlin Leader","floor":24,"turns":10},{"damage":3,"enemies":"Snake Plant","floor":27,"turns":4},{"damage":12,"enemies":"Book of Stabbing","floor":29,"turns":4},{"damage":7,"enemies":"Chosen and Byrds","floor":31,"turns":4},{"damage":85,"enemies":"bossMod:newCollector","floor":33,"turns":6}],"seed_played":"3416978582767096531","potions_obtained":[{"floor":1,"key":"Block Potion"},{"floor":11,"key":"Explosive Potion"},{"floor":14,"key":"FearPotion"},{"floor":18,"key":"Conjunction:LightningMarble"},{"floor":24,"key":"SpeedPotion"},{"floor":31,"key":"Explosive Potion"}],"is_trial":false,"path_per_floor":["M","?","?","M","M","R","E","$","T","$","M","R","$","E","R","B",null,"M","?","?","M","T","R","E","AVR","T","M","R","E","$","M","R","B"],"character_chosen":"IRONCLAD","items_purchased":["aspiration:FrozenJewel","StuffTheSpire:DarkSteelAnvil","reliquary:Bookmark","Energy Potion","Simple Rune","Clash","Flex","Pommel Strike","King of Hearts","Adrenaline Potion"],"campfire_rested":0,"item_purchase_floors":[8,8,8,8,10,13,30,30,30,30],"current_hp_per_floor":[78,78,78,80,80,80,67,67,67,57,63,63,63,67,67,25,66,68,68,68,69,69,69,36,36,36,39,51,45,45,56,68,0,0],"gold":157,"neow_bonus":"THREE_ENEMY_KILL","is_daily":false,"chose_seed":false,"campfire_upgraded":5,"win_rate":0.0,"timestamp":1614119115,"path_taken":["M","?","?","M","M","R","E","$","T","?","M","R","$","E","R","BOSS","M","?","?","M","?","R","E","AVR","T","M","R","E","$","M","R","BOSS"],"items_purchased_type":["Relic","Relic","Relic","Potion","Relic","Card","Card","Card","Relic","Potion"],"build_version":"2020-12-22","purchased_purges":2,"victory":false,"max_hp_per_floor":[80,80,80,80,80,80,80,80,80,80,80,80,80,80,80,80,80,80,80,80,80,80,80,80,80,80,80,80,80,80,80,80,80,80],"card_choices":[{"not_picked":["Warcry","StuffTheSpire:RockThrow","Body Slam"],"picked":"SKIP","floor":1},{"not_picked":["Abandon","ReplayTheSpireMod:Corrosion Curse"],"picked":"Pommel Strike","floor":4},{"not_picked":["Run Through","Rupture"],"picked":"Perfected Strike","floor":5},{"not_picked":["hubris:CleavingFinish","Bludgeon"],"picked":"Anger","floor":7},{"not_picked":["StuffTheSpire:Incineration","ReplayTheSpireMod:Strike From Hell"],"picked":"Twin Strike","floor":11},{"not_picked":["ReplayTheSpireMod:Strike From Hell","Clothesline"],"picked":"Clash","floor":14},{"not_picked":["Immolate","Double Tap"],"picked":"Reaper","floor":16},{"not_picked":["StuffTheSpire:BloodClot","Heavy Blade"],"picked":"Disarm+1","floor":18},{"not_picked":["Dark Embrace","Disarm"],"picked":"Cleave","floor":21},{"not_picked":["conspire:Charge+1","Dark Embrace","Entrench+1"],"picked":"SKIP","floor":24},{"not_picked":["Entrench","Bloodletting"],"picked":"Perfected Strike","floor":27},{"not_picked":["Abandon","Hemokinesis"],"picked":"Uppercut+1","floor":29},{"not_picked":["Flex","Sentinel+1"],"picked":"Pommel Strike","floor":31}],"player_experience":3239699,"relics_obtained":[{"floor":7,"key":"StuffTheSpire:Expresso"},{"floor":14,"key":"Chameleon Ring"},{"floor":22,"key":"Blue Candle"},{"floor":24,"key":"Art of War"},{"floor":26,"key":"Eternal Feather"},{"floor":29,"key":"Gremlin Food"}],"event_choices":[{"damage_healed":0,"gold_gain":100,"player_choice":"Pray","damage_taken":0,"max_hp_gain":0,"max_hp_loss":0,"event_name":"Golden Shrine","floor":19,"gold_loss":0},{"damage_healed":0,"gold_gain":0,"player_choice":"Upgraded","damage_taken":0,"max_hp_gain":0,"max_hp_loss":0,"event_name":"Upgrade Shrine","floor":20,"gold_loss":0,"cards_upgraded":["Anger"]}],"is_beta":false,"boss_relics":[{"not_picked":["Runic Cube","aspiration:DefectSkillbook","halation:SmartPhone"]}],"items_purged_floors":[8,25],"is_endless":false,"potions_floor_spawned":[1,11,14,18,24,31],"killed_by":"bossMod:newCollector","ascension_level":11}}