{"host":"wqwfknj40rilnol1","time":1614091109,"event":{"mods":["AchievementEnabler","Aspiration","BaseMod","BetterRewards","Block Reminder","Colored Map","Conspire","Highlight Path","Hubris","Minty Spire (QoL Compilation)","Permanent Neow","Quick Restart","Relic Stats","Replay The Spire","Shop Mod","StSLib","The Cursed"],"gold_per_floor":[111,36,36,36,49,63,63,63,63,81,106,106,106,122,122,122,122,122,122],"floor_reached":18,"language":"ENG","playtime":523,"items_purged":["hubris:Compulsion"],"score":127,"play_id":"776d7a42-ec35-44ac-9150-9e5ec7611999","local_time":"20210223153829","is_ascension_mode":false,"campfire_choices":[{"data":"Eruption","floor":8,"key":"SMITH"},{"data":"Vault","floor":13,"key":"SMITH"},{"data":"Judgement","floor":15,"key":"SMITH"},{"floor":17,"key":"REST"}],"circlet_count":0,"master_deck":["conspire:GhostlyStrike","conspire:GhostlyStrike","conspire:GhostlyStrike","conspire:GhostlyDefend","conspire:GhostlyDefend","conspire:GhostlyDefend","conspire:GhostlyDefend","Eruption+1","Vigilance","Judgement+1","Evaluate","CutThroughFate","Vault+1"],"relics":["PureWater","ReplayFunnel","hubris:EvacipatedBox"],"acts_visited":["Exordium"],"potions_floor_usage":[7,18],"damage_taken":[{"damage":8,"enemies":"Cultist","floor":1,"turns":5},{"damage":0,"enemies":"2 Louse","floor":5,"turns":3},{"damage":3,"enemies":"Jaw Worm","floor":6,"turns":3},{"damage":8,"enemies":"Exordium Thugs","floor":7,"turns":5},{"damage":5,"enemies":"Red Slaver","floor":10,"turns":3},{"damage":17,"enemies":"Gremlin Gang","floor":14,"turns":5},{"damage":30,"enemies":"The Guardian","floor":18,"turns":6}],"seed_played":"-6793537125506572232","potions_obtained":[{"floor":1,"key":"SmokeBomb"},{"floor":6,"key":"DuplicationPotion"}],"is_trial":false,"path_per_floor":["M","$","PTL","PTL","M","M","M","R","?","M","T","?","R","M","R","$","R","B"],"character_chosen":"WATCHER","items_purchased":["hubris:EvacipatedBox"],"campfire_rested":1,"item_purchase_floors":[16],"current_hp_per_floor":[64,64,64,64,64,61,53,53,46,41,41,41,41,24,24,5,26,0,0],"gold":122,"neow_bonus":"THREE_RARE_CARDS","is_daily":false,"chose_seed":false,"campfire_upgraded":3,"win_rate":0.0,"timestamp":1614091109,"path_taken":["M","$","PTL","PTL","?","M","M","R","?","M","T","?","R","?","R","?","R","BOSS"],"items_purchased_type":["Relic"],"build_version":"2020-12-22","purchased_purges":1,"victory":false,"max_hp_per_floor":[72,72,72,72,72,72,72,72,72,72,72,72,72,72,72,72,72,72,72],"relic_stats":{"counters":[7,30],"obtain_stats":[{"ReplayFunnel":11,"PureWater":0,"hubris:EvacipatedBox":16},{"ReplayFunnel":5,"PureWater":0,"hubris:EvacipatedBox":6},{"ReplayFunnel":19,"PureWater":0,"hubris:EvacipatedBox":24}]},"card_choices":[{"not_picked":["DeusExMachina","Vault"],"picked":"Judgement","floor":0},{"not_picked":["EmptyFist","EmptyMind"],"picked":"Evaluate","floor":1},{"not_picked":["ReachHeaven","Evaluate"],"picked":"CutThroughFate","floor":5},{"not_picked":["CutThroughFate","Replay:Battleflow"],"picked":"Vault","floor":6},{"not_picked":["Pray","CrushJoints","EmptyBody"],"picked":"SKIP","floor":10},{"not_picked":["Meditate","BowlingBash","WheelKick"],"picked":"SKIP","floor":14}],"player_experience":309477,"relics_obtained":[{"floor":11,"key":"ReplayFunnel"}],"event_choices":[{"cards_removed":["Strike_P"],"damage_healed":0,"gold_gain":0,"player_choice":"Card Removal","damage_taken":7,"max_hp_gain":0,"max_hp_loss":0,"event_name":"Golden Wing","floor":9,"gold_loss":0},{"damage_healed":0,"gold_gain":0,"player_choice":"Agree","damage_taken":0,"max_hp_gain":0,"max_hp_loss":0,"event_name":"conspire:LoneGhost","floor":12,"gold_loss":0}],"is_beta":false,"boss_relics":[],"items_purged_floors":[2],"is_endless":false,"potions_floor_spawned":[1,6,7],"killed_by":"The Guardian","ascension_level":0}}