{"host":"ymw71f7rc9ndansy","time":1614081794,"event":{"mods":["100% Spire Juice","ATMod(阿瑾Mod)","Act Like it!","Aspiration","BaseMod","DeckTracker","Energized Spire","Gensokyo","Hubris","Koishi","Library of Ruina","Library of Ruina Extra","Minty Spire (QoL Compilation)","MostiFishMod","Relic Filter Mod","Reliquary","Remove Card Discount Mod","Replay The Spire","RumiaBox-露米娅的神秘盒子","StSLib","TestMod","【功能Mod】精心准备","【遗物卡牌】REMEMod"],"gold_per_floor":[-1287,-887,-887,-867,-854,-827,-827,-797,-771,-759,-759,-725,-725,-725,-725,-627,-627,-611,-611,-596,-579,-579,-549,-549,-533,-533,-533,-521,-521,-521,-488,-488,-392,-392,-382,-382,-382,-364,-346,-318,-318,-290,-290,-279,-263,-235,-235,-222,-222,-222,-222,-222,-222,-222,-194,-194],"floor_reached":57,"language":"ZHS","playtime":2250,"items_purged":[],"score":1708,"play_id":"bc226895-4b1d-4c1e-8bd2-fa65db866ed7","local_time":"20210223200314","is_ascension_mode":true,"campfire_choices":[{"data":"MostiFishMod:IntelligentEquipment","floor":11.0,"key":"SMITH"},{"floor":15.0,"key":"REST"},{"data":"Koishi:Catatonia","floor":24.0,"key":"SMITH"},{"floor":30.0,"key":"RECALL"},{"data":"AT_FamilyPortrait","floor":32.0,"key":"SMITH"},{"data":"Koishi:HeartStoppingHorror","floor":47,"key":"SMITH"},{"data":"Koishi:ImGoingToCallYouNow","floor":49,"key":"SMITH"},{"data":"Gensokyo:ShootingStar","floor":53,"key":"SMITH"}],"circlet_count":0,"master_deck":["Koishi:BasicStrike+1","Koishi:BasicStrike+1","Koishi:BasicStrike+1","Koishi:BasicStrike+1","Koishi:BasicDefend+1","Koishi:BasicDefend+1","Koishi:BasicDefend+1","Koishi:BasicDefend","Koishi:Provoke+1","Koishi:HauntingSlash+1","AT_FamilyPortrait+1","MostiFishMod:IntelligentEquipment+1","Koishi:StingingMind+1","Koishi:FleetingPhantom+1","Koishi:MindNumbingTerror+1","Koishi:StingingMind","Koishi:Catatonia+1","Koishi:StingingMind","Gensokyo:CrescentMoonSlash","Koishi:HeartStoppingHorror+1","Koishi:RacingHeart+1","Koishi:SilentAndRestless+1","Gensokyo:ShootingStar+1","Koishi:ImGoingToCallYouNow+1","Koishi:RacingHeart+1","Koishi:PredatoryInstincts+1"],"relics":["REME_ComplimentaryCards","AT_ATBox","AT_SeraphEmbrace","SynthV:MejaisSoulstealer","SynthV:TestCard","Gensokyo:CelestialsFlawlessClothing","reliquary:RosewoodLute","ReplayTheSpireMod:TigerMarble","hubris:EvacipatedBox","hubris:FruitBowl","Runic Pyramid","hubris:ToyBattleship","ZombieArmy","Gensokyo:RedStar","DaveBox","DSteel32","Omamori","testmod-NegativeEmotionEnhancer","PreservedInsect","reliquary:ExpiredCoupon","Smiling Mask","testmod-Brilliant","SSSystem"],"acts_visited":["Exordium","Gensokyo:Gensokyo","Gensokyo:Gensokyoer","TheEnding"],"potions_floor_usage":[55,56],"damage_taken":[{"damage":0.0,"enemies":"Gensokyo:2_Kodama","floor":1.0,"turns":3.0},{"damage":0.0,"enemies":"Gensokyo:3_Fairies","floor":4.0,"turns":3.0},{"damage":0.0,"enemies":"Gensokyo:Gryphon","floor":5.0,"turns":2.0},{"damage":0.0,"enemies":"Gensokyo:Aya","floor":6.0,"turns":3.0},{"damage":1.0,"enemies":"Gensokyo:Cirno","floor":8.0,"turns":5.0},{"damage":0.0,"enemies":"Gensokyo:Kitsune","floor":10.0,"turns":2.0},{"damage":0.0,"enemies":"Gensokyo:Mamizou","floor":12.0,"turns":3.0},{"damage":0.0,"enemies":"Gensokyo:Kokoro","floor":16.0,"turns":3.0},{"damage":0.0,"enemies":"Gensokyo:Chomper","floor":18.0,"turns":2.0},{"damage":0.0,"enemies":"Gensokyo:AngelMirror","floor":20.0,"turns":3.0},{"damage":0.0,"enemies":"Gensokyo:Wraith","floor":21.0,"turns":2.0},{"damage":3.0,"enemies":"Gensokyo:Koishi","floor":23.0,"turns":3.0},{"damage":0.0,"enemies":"Gensokyo:3_Gloops","floor":25.0,"turns":3.0},{"damage":4.0,"enemies":"Gensokyo:Monolith_and_Dog","floor":28.0,"turns":3.0},{"damage":0.0,"enemies":"Gensokyo:Reisen","floor":31.0,"turns":4.0},{"damage":18.0,"enemies":"Gensokyo:Kaguya","floor":33.0,"turns":4.0},{"damage":0.0,"enemies":"Gensokyo:3_Bats","floor":35.0,"turns":2.0},{"damage":0.0,"enemies":"Gensokyo:3_Boulders","floor":38.0,"turns":4.0},{"damage":0.0,"enemies":"Gensokyo:AtlasGolem","floor":39.0,"turns":2.0},{"damage":13.0,"enemies":"Gensokyo:Kasen","floor":40.0,"turns":2.0},{"damage":7.0,"enemies":"Gensokyo:Marisa","floor":42.0,"turns":2.0},{"damage":20,"enemies":"Gensokyo:Rafflesia","floor":44,"turns":3},{"damage":20,"enemies":"Gensokyo:Sharpion","floor":45,"turns":2},{"damage":0,"enemies":"Gensokyo:Kasen","floor":46,"turns":2},{"damage":0,"enemies":"Gensokyo:SeedOfUnknown","floor":48,"turns":2},{"damage":0,"enemies":"Gensokyo:Scarlet_Devils","floor":50,"turns":2},{"damage":0,"enemies":"Shield and Spear","floor":55,"turns":2},{"damage":0,"enemies":"The Heart","floor":56,"turns":4}],"seed_played":"-1812675226115116331","potions_obtained":[{"floor":0.0,"key":"Reflective Coating"},{"floor":0.0,"key":"Block Potion"},{"floor":0.0,"key":"Block Potion"},{"floor":4.0,"key":"Energy Potion"},{"floor":18.0,"key":"SneckoOil"},{"floor":21.0,"key":"DistilledChaos"},{"floor":23.0,"key":"FearPotion"},{"floor":44,"key":"Adrenaline Potion"},{"floor":46,"key":"ColorlessPotion"}],"is_trial":false,"path_per_floor":["M","?","?","M","M","E","?","E","T","M","R","E","?","$","R","B",null,"M","?","M","M","$","E","R","M","T","?","M","?","R","E","R","B",null,"M","?","$","M","M","E","?","E","T","M","M","E","R","M","R","B",null,null,"R","$","E","B",null],"character_chosen":"KOISHI","items_purchased":["hubris:EvacipatedBox","hubris:FruitBowl"],"campfire_rested":1,"item_purchase_floors":[14,14],"current_hp_per_floor":[60,60,60,60,60,60,45,44,44,45,45,55,46,8,26,34,60,60,60,60,60,60,60,60,60,60,60,60,60,60,60,60,60,60,61,61,61,62,63,56,56,65,65,66,67,68,68,69,69,70,70,70,70,70,71,72],"gold":-194,"neow_bonus":"THREE_SMALL_POTIONS","is_daily":false,"chose_seed":false,"campfire_upgraded":6,"win_rate":0.0,"timestamp":1614081794,"path_taken":["M","?","?","?","M","E","?","E","T","M","R","E","?","?","R","BOSS","M","?","M","M","$","E","R","?","T","?","?","?","R","E","R","BOSS","M","?","$","M","M","E","?","E","T","M","M","E","R","M","R","BOSS","R","$","E","BOSS"],"items_purchased_type":["Relic","Relic"],"build_version":"2020-12-22","purchased_purges":0,"victory":true,"max_hp_per_floor":[60,60,60,60,60,60,60,60,60,60,60,60,60,60,60,60,60,60,60,60,60,60,60,60,60,60,60,60,60,60,60,60,60,60,61,61,61,62,63,64,64,65,65,66,67,68,68,69,69,70,70,70,70,70,71,72],"card_choices":[{"not_picked":["Koishi:PhilosophyOfTheDespised","Koishi:Prune","Koishi:Possession"],"picked":"SKIP","floor":1.0},{"not_picked":["Koishi:ReflexRadar","Koishi:UnconsciousUprising","Koishi:DreadfulBlow","Koishi:VengefulSpirit"],"picked":"Koishi:StingingMind","floor":3.0},{"not_picked":["Koishi:SpiritedAway","Koishi:ParalyzingFear","Koishi:VengefulSpirit","Koishi:DreadfulBlow"],"picked":"Koishi:FleetingPhantom","floor":3.0},{"not_picked":["Koishi:DanmakuParanoia","Koishi:GeneticsOfTheUnconscious","Koishi:BramblyRoseGarden","Koishi:Jaunt"],"picked":"Koishi:MindNumbingTerror","floor":4.0},{"not_picked":["Koishi:TraumaticStroke","Koishi:PhantomStrike","Koishi:SubconsciousSweep","Koishi:HeartAttack"],"picked":"Koishi:StingingMind","floor":5.0},{"not_picked":["Koishi:PhantomBarrier","Koishi:SpiritedAway","Koishi:MindNumbingTerror","Koishi:GrowingPain","Koishi:JumpScare"],"picked":"SKIP","floor":6.0},{"not_picked":["Koishi:IdleWhim","Koishi:PhantomStrike","Koishi:GhostParty","Koishi:FleetingPhantom"],"picked":"Koishi:Catatonia","floor":8.0},{"not_picked":["Koishi:TraumaticStroke","Koishi:IdleWhim","Koishi:SpiritedAway","Koishi:ParalyzingFear"],"picked":"Koishi:StingingMind","floor":10.0},{"not_picked":["Koishi:Jaunt","Koishi:IdleWhim","Koishi:Bloodlust","Koishi:Untouchable","Koishi:Catatonia"],"picked":"SKIP","floor":12.0},{"not_picked":["Koishi:MentalBreakdown","Koishi:RuptureMind","Koishi:TerrifyingSpectre","Koishi:Heartbroken"],"picked":"Koishi:HeartStoppingHorror","floor":16.0},{"not_picked":["Koishi:SubconsciousSweep","Koishi:EmbryosDream","Koishi:SubterraneanRose","Koishi:ParalyzingFear","Koishi:Catatonia+1"],"picked":"SKIP","floor":18.0},{"not_picked":["Koishi:MassHysteria+1","Koishi:VengefulSpirit+1","Koishi:ReflexRadar","Koishi:SubterraneanRose"],"picked":"Koishi:RacingHeart","floor":20.0},{"not_picked":["Koishi:DreadfulBlow","Koishi:FourthEye","Koishi:RorschachInDanmaku+1","Koishi:SubterraneanRose"],"picked":"Koishi:SilentAndRestless","floor":21.0},{"not_picked":["Koishi:HeartfeltFancy","Koishi:GeneticsOfTheUnconscious","Koishi:SubterraneanRose+1","Koishi:SpiritedAway","Koishi:ReflexRadar"],"picked":"SKIP","floor":25.0},{"not_picked":["Koishi:Bloodlust+1","Koishi:Vanish+1","Koishi:Jaunt","Koishi:PhilosophyOfTheDespised","Koishi:UnconsciousUrges+1"],"picked":"SKIP","floor":28.0},{"not_picked":["Koishi:FadingMemory","Koishi:EmbryosDream","Koishi:UnansweredLove","Koishi:SubterraneanRose","Koishi:PhilosophyOfTheDespised+1"],"picked":"SKIP","floor":31.0},{"not_picked":[],"picked":"Gensokyo:ShootingStar","floor":33.0},{"not_picked":["Koishi:SilentAndRestless","Koishi:SuperEgo","Koishi:FadingMemory","Koishi:MentalBreakdown"],"picked":"Koishi:ImGoingToCallYouNow","floor":33.0},{"not_picked":["Koishi:UnconsciousUprising","Koishi:BramblyRoseGarden","Koishi:SubconsciousSweep","Koishi:FleetingPhantom","Koishi:StingingMind"],"picked":"SKIP","floor":35.0},{"not_picked":["Koishi:UnconsciousUrges","Koishi:SuperEgo","Koishi:Possession+1","Koishi:PhantomBarrier+1"],"picked":"Koishi:RacingHeart+1","floor":40.0},{"not_picked":["Koishi:StingingMind","Koishi:ParalyzingFear","Koishi:Bloodlust","Koishi:DreadfulBlow+1"],"picked":"Koishi:PredatoryInstincts","floor":42.0},{"not_picked":["Koishi:UnansweredLove","Koishi:UnconsciousUprising","Koishi:JumpScare+1","Koishi:YoukaiPolygraph","Koishi:Bloodlust"],"picked":"SKIP","floor":44},{"not_picked":["Koishi:SprinkleStarAndHeart","Koishi:UnansweredLove","Koishi:SuperEgo","Koishi:SubconsciousSweep+1","Koishi:Bloodlust"],"picked":"SKIP","floor":45},{"not_picked":["Koishi:Whimsy","Koishi:SubterraneanRose+1","Koishi:UnconsciousUprising+1","Koishi:TraumaticStroke+1","Koishi:GeneticsOfTheUnconscious"],"picked":"SKIP","floor":46},{"not_picked":["Koishi:StingingMind","Koishi:JumpScare+1","Koishi:SubconsciousSweep+1","Koishi:ApparitionsStalkTheNight+1","Koishi:FleetingPhantom"],"picked":"SKIP","floor":48},{"not_picked":["Koishi:DNAsFlaw","Koishi:FourthEye+1","Koishi:RacingHeart","Koishi:JumpScare+1","Koishi:SubterraneanRose+1"],"picked":"SKIP","floor":55}],"player_experience":1123157,"relics_obtained":[{"floor":1.0,"key":"SynthV:TestCard"},{"floor":8.0,"key":"reliquary:RosewoodLute"},{"floor":12.0,"key":"ReplayTheSpireMod:TigerMarble"},{"floor":23.0,"key":"hubris:ToyBattleship"},{"floor":26.0,"key":"ZombieArmy"},{"floor":31.0,"key":"Omamori"},{"floor":40.0,"key":"PreservedInsect"},{"floor":42.0,"key":"reliquary:ExpiredCoupon"},{"floor":43.0,"key":"Smiling Mask"},{"floor":46,"key":"testmod-Brilliant"},{"floor":55,"key":"SSSystem"}],"event_choices":[{"damage_healed":0.0,"max_hp_gain":0.0,"max_hp_loss":0.0,"gold_gain":400.0,"event_name":"恩洛斯的盘子","player_choice":"Sell","floor":2.0,"relics_lost":["testmod-TestBox"],"gold_loss":0.0,"damage_taken":0.0},{"damage_healed":0.0,"max_hp_gain":0.0,"max_hp_loss":0.0,"gold_gain":0.0,"event_name":"给自己的盒子","player_choice":"Swap Relic","floor":29.0,"relics_lost":["DaveBox"],"gold_loss":0.0,"damage_taken":0.0,"relics_obtained":["DaveBox"]}],"is_beta":false,"boss_relics":[{"not_picked":["hubris:RunicObelisk","testmod-IncinerationGenerator","Empty Cage"],"picked":"Runic Pyramid"},{"not_picked":["REME_DuelDisc","testmod-BatchProcessingSystem","EE1DDrone"],"picked":"testmod-NegativeEmotionEnhancer"}],"items_purged_floors":[],"is_endless":false,"potions_floor_spawned":[4,8,10,12,18,21,23,35,38,44,46],"ascension_level":1}}