{"host":"i29s15dsg0c43zmx","time":1614100143,"event":{"mods":["AchievementEnabler","BaseMod","Colored Map","Minty Spire (QoL Compilation)","StSLib"],"gold_per_floor":[116,128,142,67,87,101,130,130,184,184,195,195,221,221,221,349,349,374,128,149,149,89,89,89],"floor_reached":23,"language":"ENG","playtime":1027,"items_purged":["Strike_R","Strike_R"],"score":211,"play_id":"85514c7b-1c6d-417b-81a7-529c9b0ff9f5","local_time":"20210223180903","is_ascension_mode":true,"campfire_choices":[{"floor":10,"key":"REST"},{"floor":12,"key":"REST"},{"floor":15,"key":"REST"}],"circlet_count":0,"master_deck":["Strike_R","Defend_R","Defend_R","Defend_R+1","Defend_R","Bash","Twin Strike","Heavy Blade","Armaments","Rage","Shrug It Off+1","Twin Strike+1","Cleave+1","Rampage+1","Spot Weakness","Spot Weakness","Berserk","Heavy Blade+1","Spot Weakness","Iron Wave+1"],"relics":["Burning Blood","Molten Egg 2","Dream Catcher","White Beast Statue","Bloody Idol","Black Star","ClockworkSouvenir"],"acts_visited":["Exordium","TheCity"],"potions_floor_usage":[16,16,23],"damage_taken":[{"damage":1,"enemies":"Cultist","floor":1,"turns":3},{"damage":5,"enemies":"Small Slimes","floor":2,"turns":4},{"damage":7,"enemies":"2 Louse","floor":3,"turns":4},{"damage":14,"enemies":"Exordium Wildlife","floor":5,"turns":6},{"damage":6,"enemies":"3 Louse","floor":6,"turns":4},{"damage":33,"enemies":"3 Sentries","floor":7,"turns":11},{"damage":5,"enemies":"Gremlin Gang","floor":11,"turns":4},{"damage":12,"enemies":"Gremlin Nob","floor":13,"turns":4},{"damage":49,"enemies":"Hexaghost","floor":16,"turns":10},{"damage":36,"enemies":"Shell Parasite","floor":18,"turns":5},{"damage":33,"enemies":"Spheric Guardian","floor":20,"turns":6},{"damage":22,"enemies":"Slavers","floor":23,"turns":3}],"seed_played":"-1325392547307985316","potions_obtained":[{"floor":2,"key":"Dexterity Potion"},{"floor":5,"key":"EssenceOfSteel"},{"floor":7,"key":"DuplicationPotion"},{"floor":16,"key":"FearPotion"},{"floor":18,"key":"BlessingOfTheForge"}],"is_trial":false,"path_per_floor":["M","M","M","$","M","M","E","?","T","R","M","R","E","?","R","B",null,"M","$","M","?","?","E"],"character_chosen":"IRONCLAD","items_purchased":["ClockworkSouvenir"],"campfire_rested":3,"item_purchase_floors":[19],"current_hp_per_floor":[80,80,79,79,71,71,44,28,28,52,53,77,71,71,74,31,74,44,44,17,17,17,0,0],"gold":89,"neow_bonus":"THREE_CARDS","is_daily":false,"chose_seed":false,"campfire_upgraded":0,"win_rate":0.0,"timestamp":1614100143,"path_taken":["M","M","?","$","M","M","E","?","T","R","M","R","E","?","R","BOSS","M","$","M","?","?","E"],"items_purchased_type":["Relic"],"build_version":"2020-12-22","purchased_purges":2,"victory":false,"max_hp_per_floor":[80,80,80,80,80,80,80,80,80,80,80,80,80,74,74,74,74,74,74,74,74,74,74,74],"card_choices":[{"not_picked":["Battle Trance","Anger"],"picked":"Twin Strike","floor":0},{"not_picked":["Havoc","Hemokinesis"],"picked":"Heavy Blade","floor":1},{"not_picked":["Anger","Heavy Blade"],"picked":"Armaments","floor":2},{"not_picked":["Clothesline","Combust"],"picked":"Rage","floor":3},{"not_picked":["Evolve","Battle Trance","Sever Soul"],"picked":"SKIP","floor":5},{"not_picked":["Anger","Evolve"],"picked":"Shrug It Off","floor":6},{"not_picked":["Body Slam+1","Clothesline+1"],"picked":"Twin Strike+1","floor":7},{"not_picked":["Armaments","Iron Wave+1"],"picked":"Cleave+1","floor":10},{"not_picked":["Headbutt+1","Hemokinesis+1"],"picked":"Rampage+1","floor":11},{"not_picked":["Perfected Strike+1","Carnage+1"],"picked":"Spot Weakness","floor":12},{"not_picked":["Rampage+1","Shrug It Off"],"picked":"Spot Weakness","floor":13},{"not_picked":["Limit Break","Impervious"],"picked":"Berserk","floor":16},{"not_picked":["Rage+1","Infernal Blade"],"picked":"Heavy Blade+1","floor":18},{"not_picked":["Rupture","Blood for Blood+1","Dropkick+1"],"picked":"SKIP","floor":20}],"player_experience":120889,"relics_obtained":[{"floor":7,"key":"Molten Egg 2"},{"floor":9,"key":"Dream Catcher"},{"floor":13,"key":"White Beast Statue"}],"event_choices":[{"damage_healed":0,"gold_gain":0,"player_choice":"Entered Light","damage_taken":16,"max_hp_gain":0,"max_hp_loss":0,"event_name":"Shining Light","floor":8,"gold_loss":0,"cards_upgraded":["Defend_R","Shrug It Off"]},{"damage_healed":0,"gold_gain":0,"player_choice":"Lose Max HP","damage_taken":0,"relics_obtained":["Golden Idol"],"max_hp_gain":0,"max_hp_loss":6,"event_name":"Golden Idol","floor":14,"gold_loss":0},{"damage_healed":0,"gold_gain":0,"player_choice":"Gave Idol","damage_taken":0,"relics_obtained":["Bloody Idol"],"max_hp_gain":0,"max_hp_loss":0,"event_name":"Forgotten Altar","floor":21,"relics_lost":["Golden Idol"],"gold_loss":0},{"damage_healed":0,"gold_gain":0,"cards_transformed":["Strike_R","Strike_R"],"player_choice":"Transformed Cards","damage_taken":0,"max_hp_gain":0,"max_hp_loss":0,"event_name":"Designer","floor":22,"gold_loss":60,"cards_obtained":["Spot Weakness","Iron Wave"]}],"is_beta":false,"boss_relics":[{"not_picked":["Black Blood","Runic Pyramid"],"picked":"Black Star"}],"items_purged_floors":[4,19],"is_endless":false,"potions_floor_spawned":[2,5,7,13,16,18,20],"killed_by":"Slavers","ascension_level":1}}