{"host":"zxkjcgzis4pm3za5","time":1614092593,"event":{"mods":["2.2 Compatiblity","AchievementEnabler","BaseMod","Colored Map","Colored Powertips","Minty Spire (QoL Compilation)","Quick Restart","Random Character Button","Relic Filter Mod","Relic Sorter","Relic Stats","StSLib","ojb\u0027s Info Mod"],"gold_per_floor":[109,129,129,141,141,141,168,168,168,199,270,270,270,304,304,383,383,401,161,161,161,172,206,42,59,59,6,6,22,39,69,69,144,144,155,29,29,40,55,55,26,52,101,133,133,133,168,188,188,188,188,188,188,2,30,30,30],"floor_reached":56,"language":"ENG","playtime":1993,"items_purged":["Strike_R","Strike_R"],"score":2178,"play_id":"c32efe73-1c5f-44c8-b0e0-9b15b727d827","local_time":"20210223203313","is_ascension_mode":true,"campfire_choices":[{"data":"Flex","floor":6,"key":"SMITH"},{"data":"Bash","floor":8,"key":"SMITH"},{"floor":12,"key":"REST"},{"data":"Demon Form","floor":15,"key":"SMITH"},{"floor":28,"key":"REST"},{"data":"Limit Break","floor":32,"key":"SMITH"},{"floor":40,"key":"RECALL"},{"data":"Feel No Pain","floor":45,"key":"SMITH"},{"data":"Metallicize","floor":49,"key":"SMITH"},{"data":"Apotheosis","floor":53,"key":"SMITH"}],"circlet_count":0,"master_deck":["AscendersBane","Strike_R","Strike_R","Defend_R","Defend_R","Defend_R","Defend_R","Bash+1","Sword Boomerang","Flex+1","Battle Trance","Pommel Strike","Demon Form+1","Twin Strike","Limit Break+1","Heavy Blade+1","Feel No Pain+1","Disarm+1","Anger","Metallicize+1","Havoc+1","Corruption","Thunderclap","Shrug It Off+1","Armaments","Shrug It Off","Dark Embrace","Swift Strike","Secret Technique","Apotheosis+1","True Grit","Rage","True Grit","Power Through"],"relics":["Sozu","HornCleat","Anchor","Orichalcum","PreservedInsect","Bottled Tornado","SlaversCollar","Medical Kit","Eternal Feather","Pen Nib","Pear","MealTicket","Runic Pyramid","Akabeko","Question Card","Toy Ornithopter","Art of War","Letter Opener"],"acts_visited":["TheCity","TheBeyond","TheEnding"],"potions_floor_usage":[],"damage_taken":[{"damage":7,"enemies":"Jaw Worm","floor":1,"turns":3},{"damage":3,"enemies":"Small Slimes","floor":2,"turns":3},{"damage":0,"enemies":"Cultist","floor":4,"turns":2},{"damage":21,"enemies":"Lagavulin","floor":7,"turns":4},{"damage":30,"enemies":"3 Sentries","floor":10,"turns":12},{"damage":0,"enemies":"Lagavulin","floor":14,"turns":3},{"damage":0,"enemies":"Slime Boss","floor":16,"turns":3},{"damage":6,"enemies":"Shell Parasite","floor":18,"turns":3},{"damage":0,"enemies":"Spheric Guardian","floor":22,"turns":3},{"damage":16,"enemies":"Book of Stabbing","floor":23,"turns":4},{"damage":21,"enemies":"3 Cultists","floor":25,"turns":4},{"damage":0,"enemies":"Chosen and Byrds","floor":29,"turns":5},{"damage":16,"enemies":"Snecko","floor":30,"turns":4},{"damage":16,"enemies":"Gremlin Leader","floor":31,"turns":4},{"damage":13,"enemies":"Automaton","floor":33,"turns":6},{"damage":1,"enemies":"Orb Walker","floor":35,"turns":4},{"damage":23,"enemies":"3 Darklings","floor":38,"turns":3},{"damage":0,"enemies":"Maw","floor":39,"turns":5},{"damage":0,"enemies":"Nemesis","floor":42,"turns":3},{"damage":4,"enemies":"Giant Head","floor":44,"turns":5},{"damage":11,"enemies":"Nemesis","floor":47,"turns":5},{"damage":17,"enemies":"Writhing Mass","floor":48,"turns":5},{"damage":30,"enemies":"Awakened One","floor":50,"turns":6},{"damage":9,"enemies":"Donu and Deca","floor":51,"turns":5},{"damage":39,"enemies":"Shield and Spear","floor":55,"turns":5},{"damage":54,"enemies":"The Heart","floor":56,"turns":6}],"seed_played":"-9193716883157105332","potions_obtained":[],"is_trial":false,"path_per_floor":["M","M","?","M","T","R","E","R","T","E","?","R","?","E","R","B",null,"M","$","?","?","M","E","$","M","T","$","R","M","M","E","R","B",null,"M","$","?","M","M","R","$","E","T","E","R","?","E","M","R","B","B",null,"R","$","E","B"],"character_chosen":"IRONCLAD","items_purchased":["Medical Kit","Pen Nib","Anger","Thunderclap","Shrug It Off","Art of War","True Grit"],"campfire_rested":2,"item_purchase_floors":[19,24,27,36,41,54,54],"current_hp_per_floor":[61,58,63,63,63,63,42,42,42,12,12,36,36,36,36,36,69,63,63,63,63,63,47,47,26,36,36,75,75,59,43,55,42,78,77,90,90,67,67,82,90,90,90,86,90,80,69,52,70,40,31,75,90,90,51,0,0],"gold":30,"neow_bonus":"BOSS_RELIC","is_daily":false,"chose_seed":false,"campfire_upgraded":7,"win_rate":0.0,"timestamp":1614092593,"path_taken":["M","M","?","M","?","R","E","R","T","E","?","R","?","E","R","BOSS","M","$","?","?","M","E","$","?","T","?","R","M","M","E","R","BOSS","M","$","?","M","M","R","?","E","T","E","R","?","E","M","R","BOSS","BOSS","R","$","E","BOSS"],"items_purchased_type":["Relic","Relic","Card","Card","Card","Relic","Card"],"build_version":"2020-12-22","purchased_purges":2,"victory":false,"max_hp_per_floor":[75,75,80,80,80,80,80,80,80,80,80,80,80,80,80,80,80,80,80,80,80,80,80,80,80,90,90,90,90,90,90,90,90,90,90,90,90,90,90,90,90,90,90,90,90,90,90,90,90,90,90,90,90,90,90,90,90],"relic_stats":{"counters":[26,115],"Eternal Feather":76,"PreservedInsect":425,"Pen Nib":[12],"Letter Opener":[15],"Orichalcum":[72],"Medical Kit":[17],"Question Card":6,"Sozu":12,"MealTicket":21,"Art of War":[4],"obtain_stats":[{"Pear":26,"Eternal Feather":23,"PreservedInsect":10,"Pen Nib":24,"Letter Opener":55,"Orichalcum":9,"Bottled Tornado":14,"Medical Kit":19,"Question Card":44,"Burning Blood":0,"Akabeko":42,"Sozu":0,"SlaversCollar":17,"Anchor":7,"HornCleat":5,"MealTicket":31,"Art of War":54,"Toy Ornithopter":47,"Runic Pyramid":34},{"Pear":11,"Eternal Feather":10,"PreservedInsect":5,"Pen Nib":10,"Letter Opener":25,"Orichalcum":4,"Bottled Tornado":6,"Medical Kit":8,"Question Card":20,"Burning Blood":0,"Akabeko":19,"Sozu":0,"SlaversCollar":7,"Anchor":4,"HornCleat":3,"MealTicket":14,"Art of War":24,"Toy Ornithopter":21,"Runic Pyramid":15},{"Pear":44,"Eternal Feather":40,"PreservedInsect":24,"Pen Nib":40,"Letter Opener":109,"Orichalcum":12,"Bottled Tornado":27,"Medical Kit":33,"Question Card":83,"Burning Blood":0,"Akabeko":78,"Sozu":0,"SlaversCollar":30,"Anchor":12,"HornCleat":8,"MealTicket":57,"Art of War":104,"Toy Ornithopter":88,"Runic Pyramid":63}],"Toy Ornithopter":0},"card_choices":[{"not_picked":["Heavy Blade","Rage"],"picked":"Sword Boomerang","floor":1},{"not_picked":["Iron Wave","Sword Boomerang"],"picked":"Flex","floor":2},{"not_picked":["Warcry","Second Wind"],"picked":"Battle Trance","floor":4},{"not_picked":["Clothesline","Dark Embrace"],"picked":"Pommel Strike","floor":7},{"not_picked":["Flex","Feel No Pain"],"picked":"Demon Form","floor":10},{"not_picked":["Wild Strike","Inflame"],"picked":"Twin Strike","floor":14},{"not_picked":["Immolate","Berserk"],"picked":"Limit Break","floor":16},{"not_picked":["Warcry","Pommel Strike"],"picked":"Heavy Blade+1","floor":18},{"not_picked":["Body Slam+1","Rampage","Headbutt"],"picked":"SKIP","floor":22},{"not_picked":["Clothesline","Intimidate"],"picked":"Feel No Pain","floor":23},{"not_picked":["Shrug It Off","Rage"],"picked":"Disarm+1","floor":25},{"not_picked":["Twin Strike","Clash"],"picked":"Metallicize","floor":29},{"not_picked":["Iron Wave","Spot Weakness"],"picked":"Havoc+1","floor":30},{"not_picked":["Warcry","Body Slam","Sentinel"],"picked":"SKIP","floor":31},{"not_picked":["Barricade","Berserk"],"picked":"Corruption","floor":33},{"not_picked":["Warcry","Havoc","Pommel Strike"],"picked":"SKIP","floor":35},{"not_picked":["Perfected Strike","Uppercut"],"picked":"Shrug It Off+1","floor":38},{"not_picked":["Clash+1","Pommel Strike"],"picked":"Armaments","floor":39},{"not_picked":["True Grit","Fire Breathing","Headbutt"],"picked":"SKIP","floor":42},{"not_picked":["Uppercut+1","Juggernaut"],"picked":"Dark Embrace","floor":44},{"not_picked":["Magnetism","The Bomb","Panache"],"picked":"Swift Strike","floor":46},{"not_picked":["Secret Weapon","Deep Breath","PanicButton"],"picked":"Secret Technique","floor":46},{"not_picked":["Enlightenment","Discovery","Dramatic Entrance"],"picked":"Apotheosis","floor":46},{"not_picked":["Armaments","Havoc+1","Perfected Strike"],"picked":"True Grit","floor":47},{"not_picked":["Wild Strike+1","Clash","Searing Blow"],"picked":"Rage","floor":48},{"not_picked":["Whirlwind","Wild Strike","Heavy Blade"],"picked":"Power Through","floor":55}],"player_experience":428893,"relics_obtained":[{"floor":5,"key":"HornCleat"},{"floor":7,"key":"Anchor"},{"floor":9,"key":"Orichalcum"},{"floor":10,"key":"PreservedInsect"},{"floor":14,"key":"Bottled Tornado"},{"floor":23,"key":"Eternal Feather"},{"floor":26,"key":"Pear"},{"floor":31,"key":"MealTicket"},{"floor":42,"key":"Akabeko"},{"floor":44,"key":"Question Card"},{"floor":47,"key":"Toy Ornithopter"},{"floor":55,"key":"Letter Opener"}],"event_choices":[{"damage_healed":0,"gold_gain":0,"player_choice":"Donut","damage_taken":0,"max_hp_gain":5,"max_hp_loss":0,"event_name":"Big Fish","floor":3,"gold_loss":0},{"damage_healed":0,"gold_gain":71,"player_choice":"Gained Gold","damage_taken":0,"max_hp_gain":0,"max_hp_loss":0,"event_name":"Golden Wing","floor":11,"gold_loss":0},{"damage_healed":0,"gold_gain":0,"player_choice":"Ignored","damage_taken":0,"max_hp_gain":0,"max_hp_loss":0,"event_name":"Liars Game","floor":13,"gold_loss":0},{"damage_healed":0,"gold_gain":0,"player_choice":"Ignored","damage_taken":0,"max_hp_gain":0,"max_hp_loss":0,"event_name":"The Mausoleum","floor":20,"gold_loss":0},{"damage_healed":0,"gold_gain":0,"player_choice":"Ignored","damage_taken":0,"max_hp_gain":0,"max_hp_loss":0,"event_name":"N\u0027loth","floor":21,"gold_loss":0},{"cards_removed":["Strike_R"],"damage_healed":0,"gold_gain":0,"player_choice":"Purged","damage_taken":0,"max_hp_gain":0,"max_hp_loss":0,"event_name":"Purifier","floor":37,"gold_loss":0},{"damage_healed":0,"gold_gain":0,"player_choice":"Memory 3","damage_taken":10,"max_hp_gain":0,"max_hp_loss":0,"event_name":"SensoryStone","floor":46,"gold_loss":0}],"is_beta":false,"boss_relics":[{"not_picked":["SacredBark","Snecko Eye"],"picked":"SlaversCollar"},{"not_picked":["Busted Crown","Velvet Choker"],"picked":"Runic Pyramid"}],"items_purged_floors":[19,36],"is_endless":false,"potions_floor_spawned":[4,7,14,16,18,25,31,35,38,42,44,48],"killed_by":"The Heart","ascension_level":20}}