{"host":"8d3fefv2347kqkpz","time":1614070950,"event":{"mods":["AchievementEnabler","BaseMod","Better Vampires","BetterRewards","Colored Map","Colored Powertips","Downfall","Emptier Cage","Highlight Path","Marked Mod","Minty Spire (QoL Compilation)","Permanent Neow","Quick Restart","Rare Cards Sparkle","Relic Stats","Say the Spire","Spicy Shops","StSLib","Waifu the Spire"],"gold_per_floor":[116,136,146,5,5,37,37,64,89,104,114,139,139,173,173,173,173],"floor_reached":16,"language":"ZHS","playtime":707,"items_purged":[],"score":162,"play_id":"180c1130-2c3e-4b4a-b1b3-473d123761e3","local_time":"20210223170230","is_ascension_mode":true,"campfire_choices":[{"data":"Bludgeon","floor":7.0,"key":"SMITH"},{"data":"Rage","floor":13,"key":"SMITH"},{"data":"Fiend Fire","floor":15,"key":"SMITH"}],"circlet_count":0,"master_deck":["Strike_R","Strike_R","Strike_R+1","Strike_R","Defend_R","Defend_R","Defend_R","Defend_R","Bash","Disarm","Ghostly Armor","Rage+1","Battle Trance","Bludgeon+1","Feed+1","Flash of Steel","Exhume","Fiend Fire+1","Shrug It Off"],"relics":["Burning Blood","Dream Catcher","Whetstone","Orichalcum","Kunai"],"acts_visited":["Exordium"],"potions_floor_usage":[12,14],"damage_taken":[{"damage":7.0,"enemies":"2 Louse","floor":1.0,"turns":5.0},{"damage":0.0,"enemies":"Cultist","floor":2.0,"turns":4.0},{"damage":7.0,"enemies":"Jaw Worm","floor":3.0,"turns":7.0},{"damage":27.0,"enemies":"3 Sentries","floor":6.0,"turns":12.0},{"damage":28.0,"enemies":"Lagavulin","floor":8.0,"turns":6.0},{"damage":5.0,"enemies":"Red Slaver","floor":10.0,"turns":2.0},{"damage":11.0,"enemies":"2 Fungi Beasts","floor":11.0,"turns":5.0},{"damage":28,"enemies":"3 Sentries","floor":12,"turns":7},{"damage":8,"enemies":"Gremlin Nob","floor":14,"turns":4},{"damage":48,"enemies":"Slime Boss","floor":16,"turns":9}],"seed_played":"1134141707839514558","potions_obtained":[{"floor":6.0,"key":"Ancient Potion"},{"floor":8.0,"key":"BloodPotion"},{"floor":11.0,"key":"EssenceOfSteel"},{"floor":14,"key":"Fruit Juice"}],"is_trial":false,"path_per_floor":["M","M","M","$","?","E","R","E","T","M","M","E","R","E","R","B"],"character_chosen":"IRONCLAD","items_purchased":["Bludgeon"],"campfire_rested":0,"item_purchase_floors":[4],"current_hp_per_floor":[79,80,79,79,79,61,61,39,39,40,43,43,43,46,46,0,0],"gold":173,"neow_bonus":"TRANSFORM_CARD","is_daily":false,"chose_seed":false,"campfire_upgraded":3,"win_rate":0.0,"timestamp":1614070950,"path_taken":["M","M","M","$","?","E","R","E","T","M","M","E","R","E","R","BOSS"],"items_purchased_type":["Card"],"build_version":"2020-12-22","purchased_purges":0,"victory":false,"max_hp_per_floor":[80,80,80,80,80,83,83,83,83,83,91,95,95,100,100,100,100],"relic_stats":{"Dream Catcher":0,"counters":[10,61],"Whetstone":["Strike_R","Feed"],"Kunai":[0],"Orichalcum":[18],"obtain_stats":[{"Dream Catcher":6,"Whetstone":8,"Kunai":14,"Orichalcum":12,"Burning Blood":0},{"Dream Catcher":4,"Whetstone":5,"Kunai":9,"Orichalcum":8,"Burning Blood":0},{"Dream Catcher":28,"Whetstone":34,"Kunai":52,"Orichalcum":48,"Burning Blood":0}],"Burning Blood":49},"card_choices":[{"not_picked":["Armaments","Cleave"],"picked":"Ghostly Armor","floor":1.0},{"not_picked":["Clash","Twin Strike"],"picked":"Rage","floor":2.0},{"not_picked":["Sentinel","Twin Strike"],"picked":"Battle Trance","floor":3.0},{"not_picked":["Hemokinesis","Battle Trance"],"picked":"Exhume","floor":6.0},{"not_picked":["Disarm","True Grit"],"picked":"Fiend Fire","floor":8.0},{"not_picked":["Warcry","Heavy Blade","Double Tap"],"picked":"SKIP","floor":10.0},{"not_picked":["Thunderclap","Heavy Blade","Body Slam"],"picked":"SKIP","floor":11.0},{"not_picked":["True Grit","Carnage","Thunderclap"],"picked":"SKIP","floor":12},{"not_picked":["Double Tap","Carnage"],"picked":"Shrug It Off","floor":14}],"player_experience":514570,"relics_obtained":[{"floor":6.0,"key":"Dream Catcher"},{"floor":8.0,"key":"Whetstone"},{"floor":12,"key":"Orichalcum"},{"floor":14,"key":"Kunai"}],"event_choices":[{"damage_healed":0.0,"max_hp_gain":0.0,"max_hp_loss":0.0,"gold_gain":0.0,"event_name":"Match and Keep!","player_choice":"2 cards matched","floor":5.0,"gold_loss":0.0,"damage_taken":0.0,"cards_obtained":["Feed","Flash of Steel"]}],"is_beta":false,"boss_relics":[],"items_purged_floors":[],"is_endless":false,"potions_floor_spawned":[6,8,11,14],"killed_by":"Slime Boss","ascension_level":1}}