{"host":"xwl7b08i4vco8s3a","time":1614103889,"event":{"mods":["BaseMod","Colored Powertips","Downfall","Hermit","Minty Spire (QoL Compilation)","Replay The Spire","StSLib","Wandering Minibosses"],"gold_per_floor":[99,117,129,129,149,175,175,175,75,92,92,102,127,177,190,190,190,190],"floor_reached":16,"language":"ENG","playtime":1464,"items_purged":[],"score":112,"play_id":"c5eda6f9-56eb-42ca-94a9-2305a0401abd","local_time":"20210223191129","is_ascension_mode":false,"campfire_choices":[{"floor":1,"key":"RECALL"},{"floor":9,"key":"REST"}],"circlet_count":0,"master_deck":["Guardian:Strike_Guardian","Guardian:Strike_Guardian","Guardian:Strike_Guardian","Guardian:Strike_Guardian","Guardian:Defend_Guardian","Guardian:Defend_Guardian","Guardian:Defend_Guardian","Guardian:Defend_Guardian","Guardian:CurlUp","ReplayTheSpireMod:IOU","Guardian:GemFire","Guardian:Gem_Red","Survivor","Neutralize","Guardian:CrystalBeam","Guardian:Gem_Green","Guardian:Gem_Lightblue","Guardian:Gem_Fragmented","Guardian:Gem_Orange","Guardian:EvasiveProtocol","Guardian:SpikerProtocol"],"relics":["Guardian:ModeShifter","Mercury Hourglass","Kunai","downfall:ShatteredFragment","downfall:HeartBlessingRed","Guardian:PickAxe","Counterbalance","Boot"],"acts_visited":["Exordium"],"potions_floor_usage":[12,16,16],"damage_taken":[{"damage":3,"enemies":"Cultist","floor":2,"turns":6},{"damage":6,"enemies":"2 Louse","floor":3,"turns":3},{"damage":2,"enemies":"Small Slimes","floor":5,"turns":5},{"damage":33,"enemies":"Gremlin Nob","floor":6,"turns":7},{"damage":2,"enemies":"downfall:LooterAlt","floor":10,"turns":2},{"damage":5,"enemies":"downfall:LooterAlt","floor":11,"turns":3},{"damage":4,"enemies":"3 Louse","floor":12,"turns":5},{"damage":6,"enemies":"Lagavulin","floor":13,"turns":4},{"damage":8,"enemies":"Exordium Thugs","floor":15,"turns":3},{"damage":12,"enemies":"DF_ARCHETYPE_STREAMLINE","floor":16,"turns":3}],"seed_played":"8271885750038251086","potions_obtained":[{"floor":5,"key":"SpeedPotion"},{"floor":10,"key":"SkillPotion"},{"floor":12,"key":"Strength Potion"},{"floor":15,"key":"SpeedPotion"}],"is_trial":false,"path_per_floor":["R","M","M","?","M","E","T","?","R","M","?","M","E","T","M","B"],"character_chosen":"GUARDIAN","items_purchased":[],"campfire_rested":1,"item_purchase_floors":[],"current_hp_per_floor":[80,77,71,71,69,36,36,12,36,34,29,25,19,19,11,0,0,0],"gold":190,"neow_bonus":"THREE_RARE_CARDS","is_daily":false,"chose_seed":false,"campfire_upgraded":0,"win_rate":0.0,"timestamp":1614103889,"path_taken":["R","M","M","?","M","E","T","?","R","M","?","M","E","?","M","BOSS"],"items_purchased_type":[],"build_version":"2020-12-22","purchased_purges":0,"victory":false,"max_hp_per_floor":[80,80,80,80,80,80,80,80,80,80,80,80,80,80,80,80,80,80],"card_choices":[{"not_picked":["Guardian:StasisEngine","Guardian:ConstructionForm"],"picked":"Guardian:GemFire","floor":0},{"not_picked":["Guardian:Incinerate","Guardian:Reroute"],"picked":"Guardian:Gem_Red","floor":2},{"not_picked":["Guardian:Repulse","Guardian:TimeBomb","Guardian:Suspension"],"picked":"SKIP","floor":3},{"not_picked":["Guardian:RollAttack","Guardian:FuturePlans"],"picked":"Guardian:CrystalBeam","floor":5},{"not_picked":["Guardian:GuardianWhirl","Guardian:ShieldSpikes","Guardian:ShieldCharger"],"picked":"SKIP","floor":6},{"not_picked":["Guardian:PrimingBeam","Guardian:Planning"],"picked":"Guardian:Gem_Green","floor":10},{"not_picked":["Guardian:TemporalShield","Guardian:WalkerClaw","Guardian:Suspension"],"picked":"SKIP","floor":12},{"not_picked":["Guardian:TimeCapacitor","Guardian:CrystalBeam"],"picked":"Guardian:EvasiveProtocol","floor":13},{"not_picked":["Guardian:Preprogram","Guardian:Planning"],"picked":"Guardian:SpikerProtocol","floor":15}],"player_experience":461561,"relics_obtained":[{"floor":6,"key":"Mercury Hourglass"},{"floor":7,"key":"Kunai"},{"floor":13,"key":"Counterbalance"},{"floor":14,"key":"Boot"}],"event_choices":[],"is_beta":false,"boss_relics":[],"items_purged_floors":[],"is_endless":false,"potions_floor_spawned":[5,10,12,15],"killed_by":"DF_ARCHETYPE_STREAMLINE","ascension_level":0}}