{"host":"Ringo","time":1614083025,"event":{"mods":["BaseMod","Colored Map","Conspire","Dota2Spire","Hubris","Minty Spire (QoL Compilation)","Replay The Spire","StSLib","The Construct","[IsaacMod]ÒÔÈö¼âËþ","¡¾ÒÅÎï¿¨ÅÆ¡¿REMEMod"],"gold_per_floor":[110,110,182,229,96,128,128,154,154,188,219,250,275,290,290,367,367,383,14,14,77,96,129,160,186,211,241,273,304,336,361,361,435,435,450,469,500,500,9,35,49,74,74,109,141,171,241,22,22,22,22],"floor_reached":52,"language":"ZHS","playtime":1515,"items_purged":["Backflip","Underhanded Strike"],"score":4183,"play_id":"3d9637d3-29fd-4f07-95d4-48a0d41e578f","local_time":"20210223202345","daily_mods":["SealedDeck","Vintage","Red Cards","Green Cards","Colorless Cards","Heirloom","Time Dilation","Flight","DeadlyEvents","Elite Swarm","Lethality","Binary"],"is_ascension_mode":true,"campfire_choices":[{"data":"ReplayTheSpireMod:Tripwire","floor":7.0,"key":"SMITH"},{"data":"Armaments","floor":15.0,"key":"SMITH"},{"data":"ReplayTheSpireMod:The Works","floor":32,"key":"SMITH"},{"data":"Shrug It Off","floor":49,"key":"SMITH"}],"circlet_count":0,"master_deck":["AscendersBane","construct:Reinforce+1","Escape Plan","ReplayTheSpireMod:The Works+1","Twin Strike","Shrug It Off+1","Pommel Strike","Iron Wave","Intimidate","ReplayTheSpireMod:Tripwire+1","Sword Boomerang","Trip","BootSequence","Armaments+1","Infernal Blade","Prepared","Deflect+1","Fluid Movement"],"relics":["Ring of the Snake","Busted Crown","HushsDoor","REME_ComplimentaryCards","replay:Trail_Library","PokeGo","Orichalcum","D6","Anchor","ReplayFunnel","Dota2Spire:PhaseBoots","SharpPlug","Letter Opener","Dota2Spire:EchoSabre","Toy Ornithopter","Dota2Spire:Satanic","Replay:Bottled Flurry","conspire:RunicOctahedron","REME_LimitBreaker","SatanicBible","conspire:DeflatedDodgeball","Happy Flower","Chameleon Ring","Dota2Spire:DrumOfEndurance","PillsDrop","Vajra","Counterbalance","construct:FoamFinger","GuppysTail","Coffee Dripper","hubris:Spice","hubris:Towel","REME_CardOfGreed","Dota2Spire:ShivaGuard","hubris:FunFungus"],"acts_visited":["Exordium","TheCity","TheBeyond"],"potions_floor_usage":[33,33,51,51],"damage_taken":[{"damage":0.0,"enemies":"Jaw Worm","floor":1.0,"turns":1.0},{"damage":0.0,"enemies":"Lagavulin","floor":6.0,"turns":3.0},{"damage":0.0,"enemies":"Gremlin Nob","floor":8.0,"turns":2.0},{"damage":0.0,"enemies":"Replay:BlueRogue","floor":10.0,"turns":2.0},{"damage":0.0,"enemies":"3 Sentries","floor":11.0,"turns":3.0},{"damage":0.0,"enemies":"Lagavulin","floor":12.0,"turns":2.0},{"damage":0.0,"enemies":"3 Sentries","floor":13.0,"turns":3.0},{"damage":0.0,"enemies":"2 Louse","floor":14.0,"turns":1.0},{"damage":0.0,"enemies":"Slime Boss","floor":16.0,"turns":1.0},{"damage":0.0,"enemies":"Chosen","floor":18.0,"turns":2.0},{"damage":0.0,"enemies":"Spheric Guardian","floor":22.0,"turns":1.0},{"damage":0.0,"enemies":"Slavers","floor":23.0,"turns":1.0},{"damage":0,"enemies":"Gremlin Leader","floor":24,"turns":1},{"damage":0,"enemies":"Slavers","floor":25,"turns":1},{"damage":0,"enemies":"Book of Stabbing","floor":27,"turns":1},{"damage":0,"enemies":"conspire:SneckoGhost","floor":28,"turns":1},{"damage":0,"enemies":"Gremlin Leader","floor":29,"turns":1},{"damage":0,"enemies":"Book of Stabbing","floor":30,"turns":1},{"damage":0,"enemies":"Slavers","floor":31,"turns":1},{"damage":0,"enemies":"Automaton","floor":33,"turns":1},{"damage":0,"enemies":"3 Shapes","floor":35,"turns":1},{"damage":0,"enemies":"3 Darklings","floor":36,"turns":1},{"damage":0,"enemies":"Giant Head","floor":37,"turns":1},{"damage":0,"enemies":"Nemesis","floor":40,"turns":1},{"damage":0,"enemies":"Jaw Worm Horde","floor":41,"turns":1},{"damage":0,"enemies":"Giant Head","floor":42,"turns":1},{"damage":0,"enemies":"R_Hoarder","floor":44,"turns":1},{"damage":0,"enemies":"Nemesis","floor":45,"turns":1},{"damage":0,"enemies":"R_Hoarder","floor":46,"turns":1},{"damage":0,"enemies":"Giant Head","floor":47,"turns":1},{"damage":0,"enemies":"hubris:GrandSnecko","floor":50,"turns":1},{"damage":0,"enemies":"Donu and Deca","floor":51,"turns":1}],"seed_played":"-8246015378231082890","potions_obtained":[{"floor":8.0,"key":"Adrenaline Potion"},{"floor":10.0,"key":"SmokeBomb"},{"floor":11.0,"key":"Toxic Potion"},{"floor":13.0,"key":"Ancient Potion"},{"floor":23,"key":"BlessingOfTheForge"},{"floor":24,"key":"LifebloodPotion"},{"floor":33,"key":"SteroidPotion"},{"floor":35,"key":"Dota2Spire:Clarity"},{"floor":36,"key":"Strength Potion"},{"floor":42,"key":"LifebloodPotion"}],"is_trial":true,"path_per_floor":["M","?","?","T","$","E","R","E","T","E","E","E","E","M","R","B",null,"M","$","?","?","M","E","E","E","T","E","E","E","E","E","R","B",null,"M","M","E","?","$","E","M","E","T","E","E","E","E","$","R","B","B",null],"character_chosen":"THE_SILENT","items_purchased":["Armaments","SatanicBible","Infernal Blade","hubris:Spice","REME_CardOfGreed","Deflect+1","Fluid Movement"],"campfire_rested":0,"item_purchase_floors":[5,19,19,39,39,48,48],"current_hp_per_floor":[59,59,44,44,44,44,44,44,44,44,44,44,49,49,49,54,63,63,63,63,48,48,48,48,48,48,48,48,48,48,48,48,58,60,68,76,69,69,61,53,45,45,37,29,29,21,13,13,13,13,13],"gold":22,"neow_bonus":"","is_daily":false,"chose_seed":false,"campfire_upgraded":4,"win_rate":0.0,"timestamp":1614083025,"path_taken":["M","?","?","?","?","E","R","E","T","E","?","E","E","?","R","BOSS","M","$","?","?","?","E","E","E","T","E","E","E","E","?","R","BOSS","M","?","?","?","$","E","?","E","T","E","E","E","E","$","R","BOSS","BOSS"],"items_purchased_type":["Card","Relic","Card","Relic","Relic","Card","Card"],"build_version":"2020-12-18","purchased_purges":2,"victory":true,"max_hp_per_floor":[66,66,66,66,66,66,66,66,66,66,66,66,66,66,66,66,66,66,66,66,66,66,66,66,66,66,66,66,66,61,61,61,61,61,69,77,69,69,61,53,45,45,37,29,29,21,13,13,13,13,13],"card_choices":[],"player_experience":745145,"relics_obtained":[{"floor":1.0,"key":"Orichalcum"},{"floor":4.0,"key":"Anchor"},{"floor":6.0,"key":"ReplayFunnel"},{"floor":8.0,"key":"Dota2Spire:PhaseBoots"},{"floor":9.0,"key":"SharpPlug"},{"floor":10.0,"key":"Letter Opener"},{"floor":11.0,"key":"Dota2Spire:EchoSabre"},{"floor":12.0,"key":"Toy Ornithopter"},{"floor":13.0,"key":"Dota2Spire:Satanic"},{"floor":14.0,"key":"Replay:Bottled Flurry"},{"floor":18.0,"key":"REME_LimitBreaker"},{"floor":23,"key":"conspire:DeflatedDodgeball"},{"floor":24,"key":"Happy Flower"},{"floor":25,"key":"Chameleon Ring"},{"floor":26,"key":"Dota2Spire:DrumOfEndurance"},{"floor":27,"key":"PillsDrop"},{"floor":28,"key":"Vajra"},{"floor":29,"key":"Counterbalance"},{"floor":30,"key":"construct:FoamFinger"},{"floor":31,"key":"GuppysTail"},{"floor":35,"key":"hubris:Spice"},{"floor":36,"key":"hubris:Spice"},{"floor":37,"key":"hubris:Spice"},{"floor":40,"key":"hubris:Spice"},{"floor":41,"key":"hubris:Spice"},{"floor":42,"key":"Dota2Spire:ShivaGuard"},{"floor":43,"key":"hubris:Spice"},{"floor":44,"key":"hubris:Spice"},{"floor":45,"key":"hubris:FunFungus"},{"floor":46,"key":"hubris:Spice"},{"floor":47,"key":"hubris:Spice"}],"event_choices":[{"damage_healed":0.0,"max_hp_gain":0.0,"max_hp_loss":0.0,"gold_gain":0.0,"event_name":"Liars Game","player_choice":"Ignored","floor":2.0,"gold_loss":0.0,"damage_taken":0.0},{"damage_healed":0.0,"max_hp_gain":0.0,"max_hp_loss":0.0,"gold_gain":0.0,"event_name":"Ghosts","player_choice":"Ignored","floor":20.0,"gold_loss":0.0,"damage_taken":0.0}],"is_beta":true,"boss_relics":[{"not_picked":["Dota2Spire:Bloodstone","hubris:BlackHole"],"picked":"conspire:RunicOctahedron"},{"not_picked":[]},{"not_picked":["REME_LowDesire","hubris:HollowSoul"],"picked":"Coffee Dripper"},{"not_picked":[]}],"items_purged_floors":[5,48],"is_endless":false,"potions_floor_spawned":[8,10,11,12,13,23,24,30,31,33,35,36,42,45],"ascension_level":20}}