{"host":"7skunfutdkk39s14","time":1614109711,"event":{"mods":["BaseMod","Downfall","Infinite Spire","Minty Spire (QoL Compilation)","StSLib"],"gold_per_floor":[99,110,120,395,411,429,429,429,15,42,10,10,28,43,57,57,57,57],"floor_reached":16,"language":"ENG","playtime":1483,"items_purged":["Regret"],"score":104,"play_id":"1c1caddb-a3b7-409d-918c-72e30b724e4e","local_time":"20210223144831","is_ascension_mode":false,"campfire_choices":[{"data":"hexamod:TimeOfNeed","floor":1,"key":"SMITH"},{"floor":8,"key":"REST"}],"circlet_count":0,"master_deck":["hexamod:Strike","hexamod:Strike","hexamod:Strike","hexamod:Defend","hexamod:Defend","hexamod:Defend","hexamod:Defend","hexamod:Sear","hexamod:Float","hexamod:TimeOfNeed+1","hexamod:ChargedBarrage","hexamod:SpectersWail","hexamod:FlamesFromBeyond","hexamod:GiftsFromTheDead","hexamod:EmpoweredFlame","expansioncontent:AwakenDeath","hexamod:ExtraCrispy","hexamod:GhostShield","hexamod:GhostflameBarrier","hexamod:SearingWound","hexamod:EmpoweredFlame","hexamod:RadiantFlame","hexamod:Firestarter","hexamod:PowerFromBeyond"],"relics":["hexamod:SpiritBrand","FossilizedHelix","Membership Card","infinitespire:CheckeredPen","Ice Cream"],"acts_visited":["Exordium"],"potions_floor_usage":[10,11,15,16],"damage_taken":[{"damage":0,"enemies":"Cultist","floor":2,"turns":3},{"damage":0,"enemies":"Small Slimes","floor":3,"turns":3},{"damage":5,"enemies":"2 Louse","floor":5,"turns":3},{"damage":36,"enemies":"Gremlin Gang","floor":6,"turns":4},{"damage":0,"enemies":"downfall:FleeingMerchant","floor":9,"turns":4},{"damage":24,"enemies":"3 Sentries","floor":10,"turns":8},{"damage":3,"enemies":"downfall:FleeingMerchant","floor":11,"turns":4},{"damage":9,"enemies":"2 Fungi Beasts","floor":13,"turns":4},{"damage":0,"enemies":"downfall:LooterAlt","floor":14,"turns":3},{"damage":10,"enemies":"Exordium Thugs","floor":15,"turns":4},{"damage":16,"enemies":"WA_ARCHETYPE_RETAIN","floor":16,"turns":4}],"seed_played":"-4389845054558437788","potions_obtained":[{"floor":3,"key":"sneckomod:MuddlingPotion"},{"floor":6,"key":"champ:CounterPotion"},{"floor":10,"key":"DuplicationPotion"},{"floor":14,"key":"AttackPotion"}],"is_trial":false,"path_per_floor":["R","M","M","?","M","M","T","R","$","E","$","?","M","M","M","B"],"character_chosen":"THE_SPIRIT","items_purchased":["Membership Card","expansioncontent:AwakenDeath","hexamod:ExtraCrispy","infinitespire:CheckeredPen","hexamod:GhostShield","hexamod:EmpoweredFlame"],"campfire_rested":1,"item_purchase_floors":[9,9,9,9,9,11],"current_hp_per_floor":[70,70,70,70,65,29,29,50,50,26,23,23,14,14,4,0,0,0],"gold":57,"neow_bonus":"ONE_RANDOM_RARE_CARD","is_daily":false,"chose_seed":false,"campfire_upgraded":1,"win_rate":0.0,"timestamp":1614109711,"path_taken":["R","M","M","?","M","?","T","R","?","E","$","?","M","M","M","BOSS"],"items_purchased_type":["Relic","Card","Card","Relic","Card","Card"],"build_version":"2020-12-22","purchased_purges":1,"victory":false,"max_hp_per_floor":[70,70,70,70,70,70,70,70,70,70,70,70,70,70,70,70,70,70],"card_choices":[{"not_picked":["hexamod:SkipABeat","hexamod:SwordOfDarkness"],"picked":"hexamod:ChargedBarrage","floor":2},{"not_picked":["hexamod:FastForward","hexamod:HeatMetal"],"picked":"hexamod:SpectersWail","floor":3},{"not_picked":["hexamod:Hexaguard","hexamod:SpectersWail"],"picked":"hexamod:FlamesFromBeyond","floor":5},{"not_picked":["hexamod:HeatMetal","hexamod:RecurringNightmare"],"picked":"hexamod:GiftsFromTheDead","floor":6},{"not_picked":["hexamod:AdvancingGuard","hexamod:HeatMetal"],"picked":"hexamod:EmpoweredFlame","floor":9},{"not_picked":["hexamod:GhostLash","hexamod:PhantomFireball"],"picked":"hexamod:GhostflameBarrier","floor":10},{"not_picked":["hexamod:HauntingEcho","hexamod:FlamesFromBeyond"],"picked":"hexamod:SearingWound","floor":11},{"not_picked":["hexamod:HeatMetal","hexamod:GhostOfSpirePast"],"picked":"hexamod:RadiantFlame","floor":13},{"not_picked":["hexamod:GhostShield","hexamod:SkipABeat"],"picked":"hexamod:Firestarter","floor":14},{"not_picked":["hexamod:BacktrackSmack","hexamod:RainOfEmbers"],"picked":"hexamod:PowerFromBeyond","floor":15}],"player_experience":710453,"relics_obtained":[{"floor":7,"key":"FossilizedHelix"},{"floor":10,"key":"Ice Cream"}],"event_choices":[],"is_beta":false,"boss_relics":[],"items_purged_floors":[9],"is_endless":false,"potions_floor_spawned":[3,6,10,14],"killed_by":"WA_ARCHETYPE_RETAIN","ascension_level":0}}