{"host":"7yuv8uj1t8ip67ez","time":1614121125,"event":{"mods":["BaseMod","Best Route Mod","Bestiary","Block Reminder","Colored Map","Colored Powertips","Curses Come First","DeckTracker","Highlight Path","Keyboard Shortcuts","Minty Spire (QoL Compilation)","Potion Indicator Mod","Quick Restart","Random Character Button","Relic Sorter","StSLib"],"gold_per_floor":[109,109,109,122,141,141,161,161,188,215,215,215,390,404,404,404,404],"floor_reached":16,"language":"ENG","playtime":1230,"items_purged":[],"score":127,"play_id":"ee21a784-5714-49d3-91d4-fb9dae249deb","local_time":"20210223145845","is_ascension_mode":true,"campfire_choices":[{"data":"Blade Dance","floor":6.0,"key":"SMITH"},{"floor":11.0,"key":"REST"},{"floor":15.0,"key":"REST"}],"circlet_count":0,"master_deck":["Strike_G","Strike_G","Strike_G","Strike_G","Defend_G","Defend_G","Defend_G","Defend_G","Survivor","Neutralize","Dagger Throw","Regret","Deflect","Blade Dance+1","Dagger Spray","Blade Dance","Doubt","Burst"],"relics":["Empty Cage","Tiny Chest","NlothsMask","Odd Mushroom","Bag of Preparation","Happy Flower","The Courier"],"acts_visited":["Exordium"],"potions_floor_usage":[16],"damage_taken":[{"damage":2.0,"enemies":"Jaw Worm","floor":1.0,"turns":6.0},{"damage":2.0,"enemies":"Small Slimes","floor":4.0,"turns":3.0},{"damage":0.0,"enemies":"Cultist","floor":5.0,"turns":4.0},{"damage":28.0,"enemies":"The Mushroom Lair","floor":7.0,"turns":5.0},{"damage":12.0,"enemies":"Gremlin Nob","floor":10.0,"turns":4.0},{"damage":8.0,"enemies":"Looter","floor":14.0,"turns":2.0},{"damage":25,"enemies":"Slime Boss","floor":16,"turns":5}],"seed_played":"84199875445540830","potions_obtained":[{"floor":5.0,"key":"CunningPotion"},{"floor":7.0,"key":"LiquidMemories"},{"floor":14.0,"key":"BlessingOfTheForge"}],"is_trial":false,"path_per_floor":["M","?","?","M","M","R","?","T","T","E","R","?","?","M","R","B"],"character_chosen":"THE_SILENT","items_purchased":[],"campfire_rested":2,"item_purchase_floors":[],"current_hp_per_floor":[61,61,61,59,59,59,31,31,31,19,40,28,28,20,41,16,16],"gold":404,"neow_bonus":"BOSS_RELIC","is_daily":false,"chose_seed":false,"campfire_upgraded":1,"win_rate":0.0,"timestamp":1614121125,"path_taken":["M","?","?","?","M","R","?","?","T","E","R","?","?","M","R","BOSS"],"items_purchased_type":[],"build_version":"2020-12-22","purchased_purges":0,"victory":false,"max_hp_per_floor":[70,70,70,70,70,70,70,70,70,70,70,70,70,70,70,70,70],"card_choices":[{"not_picked":["Underhanded Strike","Quick Slash"],"picked":"Dagger Throw","floor":1.0},{"not_picked":["Bouncing Flask","Sucker Punch"],"picked":"Deflect","floor":4.0},{"not_picked":["Catalyst","Deflect"],"picked":"Blade Dance","floor":5.0},{"not_picked":["Reflex","Underhanded Strike"],"picked":"Dagger Spray","floor":7.0},{"not_picked":["Flechettes","Underhanded Strike"],"picked":"Blade Dance","floor":10.0},{"not_picked":["Tactician","Deflect"],"picked":"Burst","floor":14.0}],"player_experience":502382,"relics_obtained":[{"floor":7.0,"key":"Odd Mushroom"},{"floor":9.0,"key":"Bag of Preparation"},{"floor":10.0,"key":"Happy Flower"}],"event_choices":[{"damage_healed":0.0,"max_hp_gain":0.0,"max_hp_loss":0.0,"gold_gain":0.0,"event_name":"Big Fish","player_choice":"Box","floor":2.0,"gold_loss":0.0,"damage_taken":0.0,"relics_obtained":["Tiny Chest"],"cards_obtained":["Regret"]},{"damage_healed":0.0,"max_hp_gain":0.0,"max_hp_loss":0.0,"gold_gain":0.0,"event_name":"FaceTrader","player_choice":"Trade","floor":3.0,"gold_loss":0.0,"damage_taken":0.0,"relics_obtained":["NlothsMask"]},{"damage_healed":0.0,"max_hp_gain":0.0,"max_hp_loss":0.0,"gold_gain":0.0,"event_name":"Mushrooms","player_choice":"Fought Mushrooms","floor":7.0,"gold_loss":0.0,"damage_taken":0.0},{"damage_healed":0.0,"max_hp_gain":0.0,"max_hp_loss":0.0,"gold_gain":0.0,"event_name":"Scrap Ooze","player_choice":"Success","floor":12.0,"gold_loss":0.0,"damage_taken":12.0,"relics_obtained":["The Courier"]},{"damage_healed":0.0,"max_hp_gain":0.0,"max_hp_loss":0.0,"gold_gain":175.0,"event_name":"Liars Game","player_choice":"AGREE","floor":13.0,"gold_loss":0.0,"damage_taken":0.0,"cards_obtained":["Doubt"]}],"is_beta":false,"boss_relics":[],"items_purged_floors":[],"is_endless":false,"potions_floor_spawned":[5,7,14],"killed_by":"Slime Boss","ascension_level":6}}