{"host":"gf8hyl7jhl0is674","time":1614109837,"event":{"mods":["2.2 Compatiblity","Act Like it!","Astrologer","BaseMod","CapriCore","Chen","Colored Map","Gensokyo","Koishi","Marisa????????","Minty Spire (QoL Compilation)","Permanent Neow","Reimu??????","Relic Sorter","StSLib","The Administrix","The Alterego","The Blue Laboratory","The Fake Hero","The Gatherer","The Immortal","The Runesmith","The Senshi","The Servant 0.9.4","TheSwordswoman","Unceasing Turn Reminder","Waifu the Spire"],"gold_per_floor":[119,119,131,8,27,27,42,42,65,65,31,31,47,63,63,167,167,178,29,45,45,59,59,59],"floor_reached":23,"language":"ENG","playtime":1657,"items_purged":["theSenshi:SailorKick","theSenshi:SailorKick"],"score":183,"play_id":"bd2931a8-75ca-4d71-a37c-249057b0becc","local_time":"20210223125037","is_ascension_mode":false,"campfire_choices":[{"data":"theSenshi:SailorKick","floor":6,"key":"SMITH"},{"data":"theSenshi:MoonTwilightFlash","floor":8,"key":"SMITH"},{"data":"theSenshi:RoseThrow","floor":10,"key":"SMITH"},{"data":"theSenshi:MoonCrystalPowerMakeUp","floor":15,"key":"SMITH"}],"circlet_count":0,"master_deck":["theSenshi:SailorKick","theSenshi:SailorKick+1","theSenshi:SailorBlock","theSenshi:RoseThrow+1","theSenshi:MoonPrismPowerMakeUp","theSenshi:LateForSchool","theSenshi:MoonsReflection","theSenshi:MoonTwilightFlash+1","theSenshi:MoonCrystalPowerMakeUp+1","theSenshi:LunaSensingAllies","theSenshi:RainbowMoonHeartAche","theSenshi:Sidestep","theSenshi:CrisisMakeUp"],"relics":["theSenshi:TransformationBroochRelic","Thread and Needle","Art of War","Empty Cage"],"acts_visited":["Exordium","TheCity"],"potions_floor_usage":[23],"damage_taken":[{"damage":0,"enemies":"Small Slimes","floor":1,"turns":5},{"damage":2,"enemies":"Cultist","floor":3,"turns":3},{"damage":1,"enemies":"Jaw Worm","floor":5,"turns":3},{"damage":1,"enemies":"Large Slime","floor":7,"turns":7},{"damage":3,"enemies":"Looter","floor":13,"turns":3},{"damage":2,"enemies":"Gremlin Gang","floor":14,"turns":5},{"damage":21,"enemies":"Slime Boss","floor":16,"turns":12},{"damage":6,"enemies":"Chosen","floor":18,"turns":3},{"damage":31,"enemies":"3 Byrds","floor":20,"turns":7},{"damage":2,"enemies":"Centurion and Healer","floor":22,"turns":6},{"damage":60,"enemies":"Gremlin Leader","floor":23,"turns":7}],"seed_played":"577154452569737739","potions_obtained":[{"floor":1,"key":"blueLaboratory:FruitPreserves"},{"floor":5,"key":"blueLaboratory:AbyssPotion"},{"floor":22,"key":"PowerPotion"}],"is_trial":false,"path_per_floor":["M","?","M","$","M","R","M","R","T","R","$","?","M","M","R","B",null,"M","$","M","?","M","E"],"character_chosen":"THE_SENSHI","items_purchased":["theSenshi:MoonsReflection","theSenshi:MoonCrystalPowerMakeUp","theSenshi:Sidestep"],"campfire_rested":0,"item_purchase_floors":[4,11,19],"current_hp_per_floor":[68,68,66,66,65,65,64,64,64,64,64,64,61,59,59,38,68,62,62,31,31,29,0,0],"gold":59,"neow_bonus":"ONE_RARE_RELIC","is_daily":false,"chose_seed":false,"campfire_upgraded":4,"win_rate":0.0,"timestamp":1614109837,"path_taken":["M","?","M","?","M","R","M","R","T","R","$","?","?","M","R","BOSS","M","$","M","?","M","E"],"items_purchased_type":["Card","Card","Card"],"build_version":"2020-12-22","purchased_purges":2,"victory":false,"max_hp_per_floor":[68,68,68,68,68,68,68,68,68,68,68,68,68,68,68,68,68,68,68,68,68,68,68,68],"card_choices":[{"not_picked":["theSenshi:MercurysCunning","theSenshi:SailorPlanetAttack"],"picked":"theSenshi:LateForSchool","floor":1},{"not_picked":["theSenshi:LunasBite","theSenshi:MoonPrincessHalation","theSenshi:MoonKick"],"picked":"SKIP","floor":3},{"not_picked":["theSenshi:HesSoDreamy","theSenshi:TallSilhouette","theSenshi:SaturnsMystery"],"picked":"SKIP","floor":5},{"not_picked":["theSenshi:VenusGlamour","theSenshi:LateForSchool"],"picked":"theSenshi:MoonTwilightFlash","floor":7},{"not_picked":["theSenshi:MoonTwilightFlash","theSenshi:SailorPlanetAttack","theSenshi:SaturnsMystery"],"picked":"SKIP","floor":13},{"not_picked":["theSenshi:Sidestep","theSenshi:TuxedoMaskAssists","theSenshi:MoonTiaraMagic"],"picked":"SKIP","floor":14},{"not_picked":["theSenshi:GlimpseOfThePast","theSenshi:FatedKiss"],"picked":"theSenshi:LunaSensingAllies","floor":16},{"not_picked":["theSenshi:MoonTiaraMagic","theSenshi:SupersonicWaves"],"picked":"theSenshi:RainbowMoonHeartAche","floor":18},{"not_picked":["theSenshi:LateForSchool","theSenshi:SailorMarsAssists","theSenshi:LunasBite"],"picked":"SKIP","floor":20},{"not_picked":["theSenshi:Sidestep","theSenshi:MoonsReflection"],"picked":"theSenshi:CrisisMakeUp","floor":22}],"player_experience":482443,"relics_obtained":[{"floor":9,"key":"Art of War"}],"event_choices":[{"cards_removed":["theSenshi:SailorBlock"],"damage_healed":0,"gold_gain":0,"player_choice":"Purged","damage_taken":0,"max_hp_gain":0,"max_hp_loss":0,"event_name":"Purifier","floor":2,"gold_loss":0},{"damage_healed":0,"gold_gain":0,"player_choice":"Ignored","damage_taken":0,"max_hp_gain":0,"max_hp_loss":0,"event_name":"Vampires","floor":21,"gold_loss":0}],"is_beta":false,"boss_relics":[{"not_picked":["Runesmith:UraniumAnvil","Pandora\u0027s Box"],"picked":"Empty Cage"}],"items_purged_floors":[4,19],"is_endless":false,"potions_floor_spawned":[1,5,22],"killed_by":"Gremlin Leader","ascension_level":0}}