{"host":"9ggpvbru8k8uxs3p","time":1614055083,"event":{"mods":["BaseMod","Challenge The Spire","Colored Map","Colored Powertips","Downfall","Highlight Path","Minty Spire (QoL Compilation)","Rare Cards Sparkle","StSLib","The Jungle"],"gold_per_floor":[119,119,130,150,150,179,179,194,194,225,240,255,48,48,48,165,165,183,9,24,40,40,40,70,70,70,115,130,130,144,164,164,164,164],"floor_reached":33,"language":"ENG","playtime":1894,"items_purged":[],"score":263,"play_id":"45d841fa-b197-4a81-8f7e-74361471ad62","local_time":"20210222223803","is_ascension_mode":false,"campfire_choices":[{"floor":15,"key":"REST"},{"data":"Rip and Tear","floor":23,"key":"SMITH"},{"floor":32,"key":"REST"}],"circlet_count":0,"master_deck":["Strike_B+1","Strike_B+1","Strike_B+1","Strike_B+1","Defend_B+1","Defend_B+1","Defend_B+1","Zap","Dualcast","Doom and Gloom","Creative AI","Scrape","Redo","Amplify","Rip and Tear+1","Streamline","Melter","Auto Shields","Ball Lightning","HandOfGreed","Coolheaded","Machine Learning","Ball Lightning+1","Reboot","Aggregate","Streamline","Beam Cell","Streamline+1","Self Repair","Gash","BootSequence+1","Compile Driver+1"],"relics":["Cracked Core","NeowsBlessing","Du-Vu Doll","Torii","InkBottle","Kunai","WarpedTongs","Velvet Choker","Lantern"],"acts_visited":["Exordium","TheCity"],"potions_floor_usage":[24,28,33,33],"damage_taken":[{"damage":0,"enemies":"Small Slimes","floor":1,"turns":1},{"damage":0,"enemies":"Cultist","floor":3,"turns":1},{"damage":0,"enemies":"Jaw Worm","floor":4,"turns":1},{"damage":18,"enemies":"Lagavulin","floor":6,"turns":5},{"damage":11,"enemies":"Large Slime","floor":8,"turns":2},{"damage":16,"enemies":"Gremlin Nob","floor":10,"turns":4},{"damage":3,"enemies":"Lots of Slimes","floor":11,"turns":3},{"damage":11,"enemies":"Looter","floor":12,"turns":3},{"damage":4,"enemies":"Slime Boss","floor":16,"turns":7},{"damage":0,"enemies":"Spheric Guardian","floor":18,"turns":1},{"damage":0,"enemies":"Chosen","floor":20,"turns":3},{"damage":21,"enemies":"Snake Plant","floor":21,"turns":2},{"damage":32,"enemies":"Shelled Parasite and Fungi","floor":24,"turns":3},{"damage":11,"enemies":"Snecko","floor":27,"turns":3},{"damage":8,"enemies":"Snake Plant","floor":28,"turns":2},{"damage":0,"enemies":"3 Cultists","floor":30,"turns":3},{"damage":6,"enemies":"Snecko","floor":31,"turns":3},{"damage":31,"enemies":"Collector","floor":33,"turns":5}],"seed_played":"2078605743919186849","potions_obtained":[{"floor":4,"key":"AttackPotion"},{"floor":11,"key":"Fire Potion"},{"floor":12,"key":"Ancient Potion"},{"floor":20,"key":"SteroidPotion"},{"floor":30,"key":"Dexterity Potion"}],"is_trial":false,"path_per_floor":["M","?","M","M","?","E","?","M","T","E","M","M","$","?","R","B",null,"M","$","M","M","?","R","M","$","T","M","M","?","M","M","R","B"],"character_chosen":"DEFECT","items_purchased":["HandOfGreed","Coolheaded","Reboot","Aggregate"],"campfire_rested":2,"item_purchase_floors":[13,13,19,19],"current_hp_per_floor":[75,75,75,75,80,62,62,51,51,35,32,21,21,21,45,41,80,80,80,80,59,59,59,27,27,27,16,8,8,8,2,26,0,0],"gold":164,"neow_bonus":"THREE_ENEMY_KILL","is_daily":false,"chose_seed":false,"campfire_upgraded":1,"win_rate":0.0,"timestamp":1614055083,"path_taken":["M","?","?","M","?","E","?","M","T","E","?","?","$","?","R","BOSS","M","?","M","M","?","R","M","?","T","?","M","?","?","M","R","BOSS"],"items_purchased_type":["Card","Card","Card","Card"],"build_version":"2020-12-22","purchased_purges":0,"victory":false,"max_hp_per_floor":[75,75,75,75,80,80,80,80,80,80,80,80,80,80,80,80,80,80,80,80,80,80,80,80,80,80,80,80,80,80,80,80,80,80],"card_choices":[{"not_picked":["Sweeping Beam","Chill"],"picked":"Doom and Gloom","floor":1},{"not_picked":["Barrage","Tempest"],"picked":"Scrape","floor":3},{"not_picked":["Chaos","Skim"],"picked":"Redo","floor":4},{"not_picked":["Lockon","Consume"],"picked":"Rip and Tear","floor":6},{"not_picked":["Capacitor","Reprogram"],"picked":"Streamline","floor":8},{"not_picked":["Self Repair","Doom and Gloom"],"picked":"Melter","floor":10},{"not_picked":["Ball Lightning","Force Field"],"picked":"Auto Shields","floor":11},{"not_picked":["Blizzard","Redo"],"picked":"Ball Lightning","floor":12},{"not_picked":["Buffer","Amplify"],"picked":"Machine Learning","floor":16},{"not_picked":["Steam","Hologram"],"picked":"Ball Lightning+1","floor":18},{"not_picked":["Compile Driver","Creative AI"],"picked":"Streamline","floor":20},{"not_picked":["Leap","Streamline"],"picked":"Beam Cell","floor":21},{"not_picked":["Scrape","Hologram+1"],"picked":"Streamline+1","floor":24},{"not_picked":["Hologram","Steam Power+1"],"picked":"Self Repair","floor":27},{"not_picked":["Doom and Gloom","Cold Snap"],"picked":"Gash","floor":28},{"not_picked":["Leap","Fusion"],"picked":"BootSequence+1","floor":30},{"not_picked":["Consume","Redo"],"picked":"Compile Driver+1","floor":31}],"player_experience":73921,"relics_obtained":[{"floor":6,"key":"Torii"},{"floor":9,"key":"InkBottle"},{"floor":10,"key":"Kunai"},{"floor":26,"key":"Lantern"}],"event_choices":[{"damage_healed":0,"gold_gain":0,"cards_transformed":["Defend_B"],"player_choice":"Transformed","damage_taken":0,"max_hp_gain":0,"max_hp_loss":0,"event_name":"Transmorgrifier","floor":2,"gold_loss":0,"cards_obtained":["Creative AI"]},{"damage_healed":0,"gold_gain":0,"player_choice":"Ignored","damage_taken":0,"max_hp_gain":0,"max_hp_loss":0,"event_name":"NoteForYourself","floor":7,"gold_loss":0},{"damage_healed":0,"gold_gain":0,"player_choice":"Rummage","damage_taken":0,"relics_obtained":["WarpedTongs"],"max_hp_gain":0,"max_hp_loss":0,"event_name":"Accursed Blacksmith","floor":14,"gold_loss":0,"cards_obtained":["Pain"]},{"damage_healed":0,"gold_gain":0,"player_choice":"Simplicity","damage_taken":0,"max_hp_gain":0,"max_hp_loss":0,"event_name":"Back to Basics","floor":22,"gold_loss":0,"cards_upgraded":["Strike_B","Strike_B","Strike_B","Strike_B","Defend_B","Defend_B","Defend_B"]},{"cards_removed":["Pain","downfall:Bewildered","downfall:Bewildered","downfall:Haunted","downfall:Haunted"],"damage_healed":0,"gold_gain":0,"player_choice":"Removed Curses","damage_taken":0,"max_hp_gain":0,"max_hp_loss":0,"event_name":"Fountain of Cleansing","floor":29,"gold_loss":0}],"is_beta":false,"boss_relics":[{"not_picked":["SlaversCollar","Busted Crown"],"picked":"Velvet Choker"}],"items_purged_floors":[],"is_endless":false,"potions_floor_spawned":[4,11,12,16,20,30],"killed_by":"Collector","ascension_level":0}}