{"host":"df48i9djcn92c5sx","time":1614090123,"event":{"mods":["Act Like it!","Arknights","BaseMod","Decade(王小明)","Downfall","Gensokyo","Marisa（F雨　魔理沙）","Minty Spire (QoL Compilation)","READ ME - Guardian Mod","READ ME - Snecko Mod","Reimu（博丽灵梦）","Remilia（蕾米莉亚）","Shop Mod","StSLib","The Jungle","The Servant 0.9.4"],"gold_per_floor":[118,118,136,148,74,74,74,74],"floor_reached":7,"language":"ZHS","playtime":242,"items_purged":[],"score":70,"play_id":"27f98f9c-1489-4719-b237-7f437a86a513","local_time":"20210223222203","is_ascension_mode":true,"campfire_choices":[{"data":"MasterSpark","floor":6,"key":"SMITH"}],"circlet_count":0,"master_deck":["AscendersBane","Strike_MRS","Strike_MRS","Strike_MRS","Strike_MRS","Defend_MRS","Defend_MRS","Defend_MRS","Defend_MRS","MasterSpark+1","UpSweep","GrandCross","AsteroidBelt","EscapeVelocity","OpenUniverse","SporeBomb","Gensokyo:DepletedGenerator","Gensokyo:TarnishedGold"],"relics":["MiniHakkero","NeowsBlessing"],"acts_visited":["Exordium"],"potions_floor_usage":[7],"damage_taken":[{"damage":0,"enemies":"Gensokyo:Python","floor":1,"turns":1},{"damage":0,"enemies":"Gensokyo:3_Fairies","floor":3,"turns":2},{"damage":0,"enemies":"Gensokyo:Gryphon","floor":4,"turns":1},{"damage":1,"enemies":"Gensokyo:Cirno","floor":7,"turns":2}],"seed_played":"-8505335908773156627","potions_obtained":[{"floor":4,"key":"SkillPotion"}],"is_trial":false,"path_per_floor":["M","?","M","M","COS","R","E"],"character_chosen":"MARISA","items_purchased":[],"campfire_rested":0,"item_purchase_floors":[],"current_hp_per_floor":[63,63,63,63,63,63,62,62],"gold":74,"neow_bonus":"THREE_ENEMY_KILL","is_daily":false,"chose_seed":false,"campfire_upgraded":1,"win_rate":0.0,"timestamp":1614090123,"path_taken":["M","?","M","?","COS","R","E"],"items_purchased_type":[],"build_version":"2020-12-22","purchased_purges":0,"victory":false,"max_hp_per_floor":[70,70,70,70,70,70,70,70],"card_choices":[{"not_picked":["AsteroidBelt","6A"],"picked":"GrandCross","floor":1},{"not_picked":["MilkyWay","LuminesStrike"],"picked":"AsteroidBelt","floor":2},{"not_picked":["UnstableBomb","EarthLightRay"],"picked":"EscapeVelocity","floor":2},{"not_picked":["WitchLeyline","SporeBomb"],"picked":"OpenUniverse","floor":3},{"not_picked":["PropBag","WitchOfGreed"],"picked":"SporeBomb","floor":4}],"player_experience":1625508,"relics_obtained":[],"event_choices":[],"is_beta":false,"boss_relics":[],"items_purged_floors":[],"is_endless":false,"potions_floor_spawned":[4],"killed_by":"Gensokyo:Cirno","ascension_level":14}}