{"host":"f7915vm1ahl7kex1","time":1614120568,"event":{"mods":["BaseMod","Colored Map","Downfall","Minty Spire (QoL Compilation)","Quick Restart","Spire Arcade","StSLib"],"gold_per_floor":[99,116,291,341,359,375,375,475,508,525,147,47,67,18,30,125,125,25,36,47,75,75,94,94,94,79,117,26,46,55,100,142,272,272,281,298,357,386,386,329,362,362,362,371,396,420,465,465,465,465],"floor_reached":48,"language":"ENG","playtime":2443,"items_purged":["Doubt"],"score":630,"play_id":"880bc279-8162-4e8f-ade6-3f74731303d0","local_time":"20210223164928","is_ascension_mode":false,"campfire_choices":[{"floor":1.0,"key":"RECALL"},{"floor":42,"key":"REST"}],"circlet_count":0,"master_deck":["sneckomod:TailWhip","sneckomod:SnekBite","sneckomod:CheapStock","sneckomod:SlitherStrike","sneckomod:UnknownUncommonAttack","sneckomod:UnknownUncommonPower","sneckomod:UnknownUncommonSkill","sneckomod:Nope","sneckomod:UnknownVulnerable","sneckomod:Unknown1Cost","sneckomod:MorePower","Guardian:BronzeOrb","sneckomod:UnknownBoss+1","sneckomod:UnknownCommonAttack+1","sneckomod:SnakeSap","sneckomod:UnknownUncommonAttack","sneckomod:UnknownX+1","sneckomod:SerpentMind","sneckomod:MorePower","sneckomod:UnknownCommonSkill","Guardian:FierceBash","sneckomod:UnknownBlock","sneckomod:UnknownUncommonSkill+1","sneckomod:Nope","Guardian:Emergency","sneckomod:UnknownClassGREEN","sneckomod:UnknownCommonAttack+1","sneckomod:UnknownRareAttack+1","sneckomod:Unknown1Cost","After Image+1","Adrenaline+1","Bite","Bite","Bite","Bite","Bite","sneckomod:UnknownRareAttack+1","sneckomod:UnknownRareAttack+1","sneckomod:UnknownBlock","sneckomod:UnknownUncommonPower+1","sneckomod:Restock","sneckomod:UnknownUncommonAttack+1","Guardian:FierceBash+1","sneckomod:UnknownRareAttack+1","sneckomod:UnknownUncommonPower+1","expansioncontent:StudyTheSpire","Clumsy","DeusExMachina+1","sneckomod:UnknownWeak+1","sneckomod:Memorize","sneckomod:UnknownRarePower+1","sneckomod:UnknownUncommonAttack+1"],"relics":["sneckomod:SneckoSoul","White Beast Statue","Peace Pipe","Lee\u0027s Waffle","downfall:HeartBlessingRed","Pandora\u0027s Box","downfall:HeartBlessingGreen","Red Mask","Sundial","CeramicFish","downfall:HeartBlessingBlue","Cursed Key","Ginger","ClockworkSouvenir","Anchor","downfall:TeleportStone","TungstenRod"],"acts_visited":["Exordium","TheCity","TheBeyond"],"potions_floor_usage":[40,40,46,46,47,47],"damage_taken":[{"damage":0.0,"enemies":"Small Slimes","floor":2.0,"turns":2.0},{"damage":6.0,"enemies":"Jaw Worm","floor":5.0,"turns":3.0},{"damage":0.0,"enemies":"2 Louse","floor":6.0,"turns":3.0},{"damage":58.0,"enemies":"downfall:LadyInBlue","floor":8.0,"turns":10.0},{"damage":8.0,"enemies":"Lagavulin","floor":9.0,"turns":4.0},{"damage":0.0,"enemies":"Exordium Thugs","floor":10.0,"turns":1.0},{"damage":5.0,"enemies":"downfall:FleeingMerchant","floor":11.0,"turns":4.0},{"damage":0.0,"enemies":"Large Slime","floor":13.0,"turns":5.0},{"damage":15.0,"enemies":"downfall:FleeingMerchant","floor":14.0,"turns":4.0},{"damage":10.0,"enemies":"3 Louse","floor":15.0,"turns":3.0},{"damage":17.0,"enemies":"IC_STATUS_ARCHETYPE","floor":16.0,"turns":5.0},{"damage":34.0,"enemies":"Shell Parasite","floor":19.0,"turns":5.0},{"damage":0.0,"enemies":"Chosen","floor":20.0,"turns":3.0},{"damage":0.0,"enemies":"Masked Bandits","floor":21.0,"turns":1.0},{"damage":20.0,"enemies":"Snecko","floor":23.0,"turns":5.0},{"damage":0.0,"enemies":"downfall:FleeingMerchant","floor":26.0,"turns":4.0},{"damage":30.0,"enemies":"Gremlin Leader","floor":27.0,"turns":7.0},{"damage":7.0,"enemies":"3 Cultists","floor":29.0,"turns":4.0},{"damage":1.0,"enemies":"Snake Plant","floor":32.0,"turns":5.0},{"damage":30.0,"enemies":"SI_MIRROR_ARCHETYPE","floor":33.0,"turns":8.0},{"damage":0.0,"enemies":"Orb Walker","floor":36.0,"turns":2.0},{"damage":27,"floor":37,"turns":7},{"damage":22,"enemies":"3 Darklings","floor":38,"turns":4},{"damage":18,"enemies":"downfall:FleeingMerchant","floor":40,"turns":4},{"damage":22,"enemies":"Jaw Worm Horde","floor":45,"turns":3},{"damage":1,"enemies":"Transient","floor":46,"turns":5},{"damage":28,"enemies":"Nemesis","floor":47,"turns":7},{"damage":45,"enemies":"Maw","floor":48,"turns":2}],"seed_played":"4441706535593658456","potions_obtained":[{"floor":4.0,"key":"Explosive Potion"},{"floor":5.0,"key":"Strength Potion"},{"floor":8.0,"key":"champ:CounterPotion"},{"floor":8.0,"key":"SneckoOil"},{"floor":8.0,"key":"DuplicationPotion"},{"floor":9.0,"key":"sneckomod:DiceRollPotion"},{"floor":10.0,"key":"hexamod:SoulburnPotion"},{"floor":11.0,"key":"Slimebound:ThreeZeroPotion"},{"floor":14.0,"key":"sneckomod:DiceRollPotion"},{"floor":15.0,"key":"DuplicationPotion"},{"floor":16.0,"key":"Strength Potion"},{"floor":23.0,"key":"bronze:BurnAndBuffPotion"},{"floor":26.0,"key":"Guardian:BlockOnCardUsePotion"},{"floor":27.0,"key":"Regen Potion"},{"floor":32.0,"key":"ColorlessPotion"},{"floor":33.0,"key":"BlessingOfTheForge"},{"floor":36.0,"key":"PowerPotion"},{"floor":40,"key":"SpeedPotion"},{"floor":45,"key":"LiquidMemories"},{"floor":46,"key":"Swift Potion"},{"floor":47,"key":"hexamod:SoulburnPotion"}],"is_trial":false,"path_per_floor":["R","M","?","?","M","M","T","?","E","M","$","R","M","$","M","B",null,"R","M","M","?","?","M","T","R","$","E","R","M","R","?","M","B",null,"R","M","?","M","?","$","T","R","?","R","M","M","E","M"],"character_chosen":"THE_SNECKO","items_purchased":["Lee\u0027s Waffle","sneckomod:MorePower","sneckomod:UnknownUncommonAttack","ClockworkSouvenir","expansioncontent:StudyTheSpire","LiquidMemories"],"campfire_rested":1,"item_purchase_floors":[11,11,14,40,40,40],"current_hp_per_floor":[81,81,81,81,75,75,75,17,9,9,88,88,88,73,63,46,88,88,54,54,54,54,34,34,34,34,4,14,16,16,16,23,13,68,68,68,47,29,29,17,17,37,37,37,21,24,4,0,0,0],"gold":465,"neow_bonus":"TRANSFORM_TWO_CARDS","is_daily":false,"chose_seed":false,"campfire_upgraded":0,"win_rate":0.0,"timestamp":1614120568,"path_taken":["R","M","?","?","M","M","T","?","E","?","$","R","M","$","M","BOSS","R","M","M","?","?","M","T","R","$","E","R","M","R","?","M","BOSS","R","M","?","M","?","$","T","R","?","R","M","?","E","M"],"items_purchased_type":["Relic","Card","Card","Relic","Card","Potion"],"build_version":"2020-12-22","purchased_purges":1,"victory":false,"max_hp_per_floor":[81,81,81,81,81,81,81,81,81,81,88,88,88,88,88,88,88,88,88,88,88,88,88,88,88,88,88,98,98,98,68,68,68,68,68,68,68,68,68,68,68,68,68,68,68,68,68,68,68,68],"card_choices":[{"not_picked":["sneckomod:UnknownBlock","sneckomod:DiceCrush"],"picked":"sneckomod:UnknownUncommonAttack","floor":2.0},{"not_picked":["sneckomod:UnknownDraw","sneckomod:PureSnecko"],"picked":"sneckomod:UnknownUncommonPower","floor":5.0},{"not_picked":["sneckomod:Nope","sneckomod:QuickMove"],"picked":"sneckomod:UnknownUncommonSkill","floor":6.0},{"not_picked":["sneckomod:QuickBite","sneckomod:UnknownCommonSkill"],"picked":"sneckomod:Nope","floor":8.0},{"not_picked":["sneckomod:Nope","sneckomod:SnakeSap"],"picked":"sneckomod:UnknownVulnerable","floor":9.0},{"not_picked":["sneckomod:UnknownDraw","sneckomod:SnekBeam"],"picked":"sneckomod:Unknown1Cost","floor":10.0},{"not_picked":["sneckomod:WideSting","sneckomod:UnknownExhaust","sneckomod:Unknown1Cost"],"picked":"SKIP","floor":11.0},{"not_picked":["sneckomod:UnknownStrike+1","sneckomod:UnknownCommonSkill+1"],"picked":"sneckomod:UnknownBoss+1","floor":13.0},{"not_picked":["sneckomod:MasterEye","sneckomod:SoulRoll","sneckomod:UnknownBoss"],"picked":"SKIP","floor":13.0},{"not_picked":["sneckomod:Unknown0Cost+1","sneckomod:UnknownUncommonSkill+1"],"picked":"sneckomod:UnknownCommonAttack+1","floor":14.0},{"not_picked":["sneckomod:DiceBlock","sneckomod:UnknownUncommonAttack"],"picked":"sneckomod:SnakeSap","floor":14.0},{"not_picked":["sneckomod:Unknown0Cost+1","sneckomod:UnknownDraw+1"],"picked":"sneckomod:UnknownX+1","floor":15.0},{"not_picked":["sneckomod:UnknownDraw","sneckomod:CheapStock","sneckomod:UnknownExhaust"],"picked":"SKIP","floor":15.0},{"not_picked":["sneckomod:Unknown0Cost+1","sneckomod:UnknownDraw+1"],"picked":"sneckomod:UnknownRarePower+1","floor":19.0},{"not_picked":["sneckomod:UnknownStrike","sneckomod:RainOfDice+1"],"picked":"sneckomod:UnknownDraw+1","floor":19.0},{"not_picked":["sneckomod:UnknownX+1","sneckomod:UnknownCommonAttack+1"],"picked":"sneckomod:UnknownClassGUARDIAN+1","floor":20.0},{"not_picked":["sneckomod:DiceBlock","sneckomod:SoulDraw"],"picked":"sneckomod:UnknownCommonSkill","floor":20.0},{"not_picked":["sneckomod:Unknown2Cost","sneckomod:Nope"],"picked":"sneckomod:UnknownBlock","floor":21.0},{"not_picked":["sneckomod:UnknownClassGREEN+1","sneckomod:UnknownBoss+1"],"picked":"sneckomod:UnknownUncommonSkill+1","floor":23.0},{"not_picked":["sneckomod:QuickMove","sneckomod:UnknownBlock"],"picked":"sneckomod:Nope","floor":23.0},{"not_picked":["sneckomod:UnknownCommonSkill","sneckomod:DiceCrush"],"picked":"sneckomod:UnknownClassGREEN","floor":26.0},{"not_picked":["sneckomod:UnknownBlock+1","sneckomod:UnknownExhaust+1"],"picked":"sneckomod:UnknownCommonAttack+1","floor":27.0},{"not_picked":["sneckomod:UnknownUncommonPower+1","sneckomod:UnknownDraw+1"],"picked":"sneckomod:UnknownRareAttack+1","floor":27.0},{"not_picked":["sneckomod:Unknown2Cost","sneckomod:UnknownClassGREEN+1"],"picked":"sneckomod:Unknown1Cost","floor":27.0},{"not_picked":["sneckomod:UnknownDraw","sneckomod:CheapStock+1","sneckomod:TrashToTreasure"],"picked":"SKIP","floor":29.0},{"not_picked":["sneckomod:UnknownWeak+1","sneckomod:UnknownVulnerable+1"],"picked":"sneckomod:UnknownRareAttack+1","floor":32.0},{"not_picked":["sneckomod:Unknown1Cost+1","sneckomod:UnknownUncommonPower+1"],"picked":"sneckomod:UnknownRareAttack+1","floor":32.0},{"not_picked":["sneckomod:IronFang+1","sneckomod:QuickBite+1"],"picked":"sneckomod:UnknownBlock","floor":32.0},{"not_picked":["sneckomod:UnknownCommonSkill+1","sneckomod:UnknownUncommonSkill+1"],"picked":"sneckomod:UnknownUncommonPower+1","floor":33.0},{"not_picked":["sneckomod:UnlimitedRolls","sneckomod:SerpentMind"],"picked":"sneckomod:Restock","floor":33.0},{"not_picked":["sneckomod:UnknownUncommonSkill+1","sneckomod:UnknownUncommonPower+1"],"picked":"sneckomod:UnknownUncommonAttack+1","floor":33.0},{"not_picked":["sneckomod:QuickMove","sneckomod:DiceCrush","sneckomod:WideSting+1"],"picked":"SKIP","floor":36.0},{"not_picked":["sneckomod:UnknownDraw+1","sneckomod:UnknownClassPURPLE+1"],"picked":"sneckomod:UnknownRareAttack+1","floor":37},{"not_picked":["sneckomod:UnknownWeak+1","sneckomod:UnknownBoss+1"],"picked":"sneckomod:UnknownRareSkill+1","floor":38},{"not_picked":["sneckomod:QuickMove","sneckomod:PureSnecko","sneckomod:SoulDraw+1"],"picked":"SKIP","floor":38},{"not_picked":["sneckomod:UnknownVulnerable+1","sneckomod:UnknownExhaust+1"],"picked":"sneckomod:UnknownUncommonPower+1","floor":40},{"not_picked":["sneckomod:ImprovisedAttack","sneckomod:DiceBlock","sneckomod:Nope"],"picked":"SKIP","floor":40},{"not_picked":["sneckomod:UnknownStrike+1","sneckomod:UnknownDraw+1"],"picked":"sneckomod:UnknownWeak+1","floor":45},{"not_picked":["sneckomod:TrashToTreasure+1","sneckomod:UnknownUncommonSkill","sneckomod:DiceCrush+1"],"picked":"SKIP","floor":45},{"not_picked":["sneckomod:TrashToTreasure+1","sneckomod:UnknownDraw"],"picked":"sneckomod:Memorize","floor":46},{"not_picked":["sneckomod:UnknownClassGREEN+1","sneckomod:UnknownBoss+1"],"picked":"sneckomod:UnknownRarePower+1","floor":47},{"not_picked":["sneckomod:Unknown3Cost+1","sneckomod:UnknownBoss+1"],"picked":"sneckomod:UnknownUncommonAttack+1","floor":47},{"not_picked":["sneckomod:DiceCrush","sneckomod:Nope","sneckomod:UnknownBlock"],"picked":"SKIP","floor":47}],"player_experience":1230396,"relics_obtained":[{"floor":8.0,"key":"White Beast Statue"},{"floor":9.0,"key":"Peace Pipe"},{"floor":21.0,"key":"Red Mask"},{"floor":24.0,"key":"Sundial"},{"floor":27.0,"key":"CeramicFish"},{"floor":37,"key":"Ginger"},{"floor":41,"key":"Anchor"},{"floor":47,"key":"TungstenRod"}],"event_choices":[{"damage_healed":0.0,"max_hp_gain":0.0,"max_hp_loss":0.0,"gold_gain":0.0,"event_name":"Masked Bandits","player_choice":"Fought Bandits","floor":21.0,"gold_loss":0.0,"damage_taken":0.0},{"damage_healed":0.0,"max_hp_gain":0.0,"max_hp_loss":30.0,"gold_gain":0.0,"event_name":"Vampires","player_choice":"Became a vampire","floor":31.0,"gold_loss":0.0,"damage_taken":0.0,"cards_obtained":["Bite","Bite","Bite","Bite","Bite"]},{"cards_removed":["sneckomod:UnknownCommonSkill"],"damage_healed":0,"gold_gain":0,"player_choice":"Removed Skill","damage_taken":0,"max_hp_gain":0,"max_hp_loss":0,"event_name":"Falling","floor":39,"gold_loss":0}],"is_beta":false,"boss_relics":[{"not_picked":["Coffee Dripper","SacredBark"],"picked":"Pandora\u0027s Box"},{"not_picked":["Black Star","Velvet Choker"],"picked":"Cursed Key"}],"items_purged_floors":[11],"is_endless":false,"potions_floor_spawned":[5,8,9,10,11,13,14,15,16,19,20,21,23,26,27,29,32,33,36,37,38,40,45,46,47],"killed_by":"Maw","ascension_level":0}}