{"host":"fr1l74x1jw61j7hk","time":1614077706,"event":{"mods":["BaseMod","Downfall","Minty Spire (QoL Compilation)","StSLib"],"gold_per_floor":[99,118,129,144,164,175,175,175,204,223,243,143,161,178,190,285,285,285,299,313,313,6,281,281,315,315,315,315],"floor_reached":26,"language":"ZHS","playtime":1634,"items_purged":[],"score":234,"play_id":"05bbe3e2-19fa-437f-a407-8fe5adbabc0b","local_time":"20210223185506","is_ascension_mode":false,"campfire_choices":[{"data":"Guardian:TwinSlam","floor":1.0,"key":"SMITH"},{"data":"Guardian:FuturePlans","floor":8.0,"key":"SMITH"},{"data":"Guardian:CurlUp","floor":12.0,"key":"SMITH"},{"data":"Guardian:Recover","floor":18.0,"key":"SMITH"}],"circlet_count":0,"master_deck":["Guardian:Strike_Guardian","Guardian:Strike_Guardian","Guardian:Strike_Guardian","Guardian:Defend_Guardian","Guardian:Defend_Guardian","Guardian:Defend_Guardian","Guardian:Defend_Guardian","Guardian:CurlUp+1","Guardian:TwinSlam+1","Guardian:ConstructionForm","Guardian:SpikerProtocol","Guardian:FuturePlans+1","Guardian:Incinerate","Guardian:ExploitGems","Guardian:PrimingBeam","Guardian:SpikerProtocol+1","Guardian:Harden","Guardian:EvasiveProtocol+1","Guardian:RollAttack","Guardian:Recover+1","Guardian:BronzeArmor","Guardian:Gem_Green","Pain","Guardian:StasisStrike","Guardian:PrismaticBeam","Regret","Guardian:Gem_Fragmented","Guardian:Gem_Green","Guardian:Gem_Purple","Guardian:Gem_White","Guardian:Gem_Cyan","Guardian:ChargeUp"],"relics":["Guardian:ModeShifter","Mercury Hourglass","Frozen Egg 2","downfall:HeartBlessingGreen","Black Star","WarpedTongs","Matryoshka","Boot","Juzu Bracelet","Guardian:SackOfGems"],"acts_visited":["Exordium","TheCity"],"potions_floor_usage":[],"damage_taken":[{"damage":0.0,"enemies":"Cultist","floor":2.0,"turns":4.0},{"damage":0.0,"enemies":"2 Louse","floor":3.0,"turns":4.0},{"damage":7.0,"enemies":"Small Slimes","floor":4.0,"turns":6.0},{"damage":8.0,"enemies":"Red Slaver","floor":5.0,"turns":4.0},{"damage":0.0,"enemies":"Large Slime","floor":6.0,"turns":6.0},{"damage":13.0,"enemies":"3 Sentries","floor":9.0,"turns":11.0},{"damage":6.0,"enemies":"3 Louse","floor":10.0,"turns":3.0},{"damage":10.0,"enemies":"Exordium Thugs","floor":11.0,"turns":4.0},{"damage":0.0,"enemies":"Blue Slaver","floor":13.0,"turns":4.0},{"damage":0.0,"enemies":"downfall:LooterAlt","floor":14.0,"turns":4.0},{"damage":7.0,"enemies":"3 Louse","floor":15.0,"turns":2.0},{"damage":10.0,"enemies":"DF_ARCHETYPE_STREAMLINE","floor":16.0,"turns":9.0},{"damage":0.0,"enemies":"Chosen","floor":19.0,"turns":7.0},{"damage":10.0,"enemies":"downfall:LooterAlt2","floor":20.0,"turns":4.0},{"damage":2.0,"enemies":"downfall:FleeingMerchant","floor":22.0,"turns":4.0},{"damage":40,"enemies":"Gremlin Leader","floor":25,"turns":7},{"damage":42,"enemies":"Chosen and Byrds","floor":26,"turns":4}],"seed_played":"-3926045707147576538","potions_obtained":[{"floor":2.0,"key":"Block Potion"},{"floor":4.0,"key":"Fruit Juice"},{"floor":5.0,"key":"EssenceOfSteel"},{"floor":10.0,"key":"Fire Potion"},{"floor":11.0,"key":"CultistPotion"},{"floor":16.0,"key":"SpeedPotion"},{"floor":20.0,"key":"Strength Potion"},{"floor":25,"key":"bronze:BurnAndBuffPotion"}],"is_trial":false,"path_per_floor":["R","M","M","M","M","M","T","R","E","M","M","R","M","M","M","B",null,"R","M","M","?","$","?","T","E","M"],"character_chosen":"GUARDIAN","items_purchased":["Guardian:PrismaticBeam","Matryoshka"],"campfire_rested":0,"item_purchase_floors":[22,22],"current_hp_per_floor":[80,80,80,73,65,65,65,65,52,46,36,36,36,41,34,24,85,85,85,75,75,73,73,73,33,0,0,0],"gold":315,"neow_bonus":"TRANSFORM_CARD","is_daily":false,"chose_seed":false,"campfire_upgraded":4,"win_rate":0.0,"timestamp":1614077706,"path_taken":["R","M","M","M","M","M","T","R","E","M","?","R","?","M","M","BOSS","R","M","?","?","$","?","T","E","M"],"items_purchased_type":["Card","Relic"],"build_version":"2020-12-22","purchased_purges":0,"victory":false,"max_hp_per_floor":[80,80,80,80,80,80,80,80,80,80,80,80,80,85,85,85,85,85,85,85,85,85,85,85,85,85,85,85],"card_choices":[{"not_picked":["Guardian:ChargeCore","Guardian:DecasProtection"],"picked":"Guardian:SpikerProtocol","floor":2.0},{"not_picked":["Guardian:Clone","Guardian:ChargeCore"],"picked":"Guardian:FuturePlans","floor":3.0},{"not_picked":["Guardian:Harden","Guardian:Suspension"],"picked":"Guardian:Incinerate","floor":4.0},{"not_picked":["Guardian:Gem_Green","Guardian:ChargeCore"],"picked":"Guardian:ExploitGems","floor":5.0},{"not_picked":["Guardian:Incinerate","Guardian:TemporalShield"],"picked":"Guardian:PrimingBeam","floor":6.0},{"not_picked":["Guardian:Preprogram","Guardian:BronzeOrb"],"picked":"Guardian:SpikerProtocol+1","floor":9.0},{"not_picked":["Guardian:Gem_Green","Guardian:CrystalBeam"],"picked":"Guardian:Harden","floor":10.0},{"not_picked":["Guardian:ShieldCharger","Guardian:RollAttack"],"picked":"Guardian:EvasiveProtocol+1","floor":11.0},{"not_picked":["Guardian:PolyBeam","Guardian:PrimingBeam"],"picked":"Guardian:RollAttack","floor":13.0},{"not_picked":["Guardian:Suspension","Guardian:TemporalStrike"],"picked":"Guardian:Gem_Lightblue","floor":14.0},{"not_picked":["Guardian:HyperBeam_Guardian","Guardian:TemporalStrike"],"picked":"Guardian:Recover","floor":15.0},{"not_picked":["Guardian:FierceBash","Guardian:FastForward"],"picked":"Guardian:Gem_Synthetic","floor":16.0},{"not_picked":["Guardian:Incinerate+1","Guardian:RollAttack"],"picked":"Guardian:BronzeArmor","floor":19.0},{"not_picked":["Guardian:GuardianWhirl+1","Guardian:TemporalStrike"],"picked":"Guardian:Gem_Green","floor":20.0},{"not_picked":["Guardian:Gem_Lightblue","Guardian:Recover"],"picked":"Guardian:StasisStrike","floor":22},{"not_picked":["Guardian:PrimingBeam","Guardian:GuardianWhirl"],"picked":"Guardian:ChargeUp","floor":25}],"player_experience":505108,"relics_obtained":[{"floor":7.0,"key":"Mercury Hourglass"},{"floor":9.0,"key":"Frozen Egg 2"},{"floor":24,"key":"Boot"},{"floor":25,"key":"Juzu Bracelet"},{"floor":25,"key":"Guardian:SackOfGems"}],"event_choices":[],"is_beta":false,"boss_relics":[{"not_picked":["Fusion Hammer","bronze:MakeshiftBattery"],"picked":"Black Star"}],"items_purged_floors":[],"is_endless":false,"potions_floor_spawned":[2,4,5,10,11,16,20,25],"killed_by":"Chosen and Byrds","ascension_level":0}}