{"host":"dl909bjyolgrn2uw","time":1614053241,"event":{"mods":["2.2 Compatiblity","AchievementEnabler","BaseMod","Bestiary","Better Altar","Better Note","Better Sensory Stone","Better Skull","Better Vampires","Better-Laid Plans","Colored Powertips","Conspire","Curses Come First","Disable Question Mark Monsters","Displayed Cursed Tome","Downfall","Emptier Cage","Minty Spire (QoL Compilation)","Morshu Shopkeeper","Permanent Neow","Quick Restart","Rare Cards Sparkle","Relic Stats","Shop Mod","Spicy Shops","StSLib","SuperFastMode","Transform Curses"],"gold_per_floor":[0,19,39,31,31,56,56,56,85,85,101,132,203,220,247,347,347,247,263,290,290,308,376,426,448,348,374,374,417,431,457,485,593,593,493,493,513,523,141,180,180,65,76,76,76,160,188,206,230,230,230,269,71,71,71,71],"floor_reached":57,"language":"ENG","playtime":7088,"items_purged":["hexamod:Strike+1","hexamod:Strike+1","hexamod:Strike+1"],"score":1445,"play_id":"470bb533-c914-4a9c-a5a5-7566039c1fc3","local_time":"20210222220721","is_ascension_mode":false,"campfire_choices":[{"data":"hexamod:Sear","floor":1.0,"key":"SMITH"},{"data":"hexamod:Float","floor":8.0,"key":"SMITH"},{"floor":10.0,"key":"REST"},{"data":"hexamod:GhostflameInferno","floor":18,"key":"SMITH"},{"floor":26,"key":"RECALL"},{"floor":35,"key":"REST"},{"floor":45,"key":"REST"},{"floor":54,"key":"REST"}],"circlet_count":0,"master_deck":["hexamod:Defend+1","hexamod:Defend+1","hexamod:Defend+1","hexamod:Defend+1","hexamod:Sear+1","hexamod:Float+1","Violence+1","hexamod:StepThrough+1","hexamod:FourthSeal","hexamod:FirstSeal","hexamod:SecondSeal","hexamod:ThirdSeal","hexamod:ThirdSeal","hexamod:ForkedFlame+1","hexamod:HauntingEcho+1","hexamod:HeatMetal+1","hexamod:SixthSeal","hexamod:GhostShield+1","hexamod:TimeOfNeed+1","hexamod:GhostShield+1","hexamod:WildfireWeapon+1","hexamod:ExtraCrispy+1","hexamod:AdvancingGuard+1","hexamod:ThermalTransfer+1","hexamod:GhostShield+1","hexamod:ThermalTransfer+1","hexamod:ForkedFlame+1","hexamod:GhostflameInferno+1","hexamod:SixthSeal","hexamod:Hexaguard+1","hexamod:GhostShield+1","hexamod:NightmareGuise+1","hexamod:NightmareGuise+1","hexamod:BurningTouch+1","hexamod:PhantomCloak+1","hexamod:UnleashSpirits+1","hexamod:GhostShield+1","hexamod:GhostShield+1","hexamod:FirstSeal","hexamod:Hexaguard+1","hexamod:FourthSeal","hexamod:Haunt+1","hexamod:ForkedFlame+1","hexamod:ForkedFlame+1","hexamod:ThirdSeal","hexamod:GhostShield+1","hexamod:PhantomCloak+1","hexamod:UnlimitedPower+1","hexamod:HeatCrush+1","hexamod:ExtraCrispy+1"],"relics":["hexamod:SpiritBrand","Molten Egg 2","Toy Ornithopter","Blue Candle","Ornamental Fan","hexamod:IceCube","downfall:HeartBlessingGreen","Mummified Hand","downfall:HeartBlessingBlue","Potion Belt","Snecko Eye","downfall:HeartBlessingRed","Vajra","Boot","ClockworkSouvenir","DollysMirror","PreservedInsect","Oddly Smooth Stone","OrangePellets","Akabeko","War Paint"],"acts_visited":["Exordium","TheCity","TheBeyond","TheEnding"],"potions_floor_usage":[11,12,12,14,14,15,16,16,16,19,27,33,56,56,56,56,56,56,56,56,56,56,56],"damage_taken":[{"damage":0.0,"enemies":"conspire:RoseBush","floor":2.0,"turns":3.0},{"damage":1.0,"enemies":"Jaw Worm","floor":3.0,"turns":3.0},{"damage":0.0,"enemies":"Cultist","floor":6.0,"turns":4.0},{"damage":34.0,"enemies":"3 Sentries","floor":9.0,"turns":12.0},{"damage":16,"enemies":"Exordium Wildlife","floor":11,"turns":4},{"damage":16,"enemies":"Lagavulin","floor":12,"turns":6},{"damage":40,"enemies":"Gremlin Nob","floor":13,"turns":6},{"damage":7,"enemies":"Gremlin Gang","floor":14,"turns":6},{"damage":0,"enemies":"downfall:LooterAlt","floor":15,"turns":7},{"damage":25,"enemies":"IC_STATUS_ARCHETYPE","floor":16,"turns":7},{"damage":11,"enemies":"downfall:LooterAlt2","floor":19,"turns":6},{"damage":0,"enemies":"conspire:FuzzyDice","floor":20,"turns":6},{"damage":7,"enemies":"Cultist and Chosen","floor":22,"turns":9},{"damage":0,"enemies":"Centurion and Healer","floor":25,"turns":8},{"damage":0,"enemies":"Chosen and Byrds","floor":27,"turns":5},{"damage":3,"enemies":"Book of Stabbing","floor":29,"turns":8},{"damage":0,"enemies":"Snake Plant","floor":30,"turns":4},{"damage":0,"enemies":"Shelled Parasite and Fungi","floor":31,"turns":7},{"damage":1,"enemies":"Chosen and Byrds","floor":32,"turns":9},{"damage":0,"enemies":"WA_ARCHETYPE_CALM","floor":33,"turns":8},{"damage":0,"enemies":"3 Darklings","floor":37,"turns":5},{"damage":8,"enemies":"Orb Walker","floor":38,"turns":6},{"damage":0,"enemies":"downfall:FleeingMerchant","floor":39,"turns":4},{"damage":16,"enemies":"Nemesis","floor":40,"turns":8},{"damage":0,"enemies":"downfall:FleeingMerchant","floor":42,"turns":4},{"damage":0,"enemies":"Jaw Worm Horde","floor":43,"turns":6},{"damage":0,"enemies":"downfall:FleeingMerchant","floor":46,"turns":2},{"damage":0,"enemies":"Sphere and 2 Shapes","floor":47,"turns":6},{"damage":0,"enemies":"4 Shapes","floor":48,"turns":6},{"damage":0,"enemies":"Maw","floor":49,"turns":4},{"damage":3,"enemies":"SI_POISON_ARCHETYPE","floor":50,"turns":13},{"damage":0,"enemies":"downfall:CharBossMerchant","floor":52,"turns":8},{"damage":3,"enemies":"downfall:NeowBoss","floor":55,"turns":17},{"damage":139,"enemies":"downfall:NeowBossFinal","floor":56,"turns":14}],"seed_played":"297136031289109805","potions_obtained":[{"floor":3.0,"key":"hexamod:DoubleChargePotion"},{"floor":6.0,"key":"Strength Potion"},{"floor":6.0,"key":"Dexterity Potion"},{"floor":9.0,"key":"Explosive Potion"},{"floor":9.0,"key":"PowerPotion"},{"floor":11,"key":"LiquidMemories"},{"floor":12,"key":"SpeedPotion"},{"floor":13,"key":"Guardian:BlockOnCardUsePotion"},{"floor":14,"key":"ColorlessPotion"},{"floor":15,"key":"CultistPotion"},{"floor":15,"key":"EssenceOfSteel"},{"floor":16,"key":"Regen Potion"},{"floor":19,"key":"champ:CounterPotion"},{"floor":20,"key":"FairyPotion"},{"floor":20,"key":"Energy Potion"},{"floor":22,"key":"hexamod:DoubleChargePotion"},{"floor":27,"key":"Fruit Juice"},{"floor":27,"key":"Fire Potion"},{"floor":29,"key":"Strength Potion"},{"floor":29,"key":"Dexterity Potion"},{"floor":30,"key":"FairyPotion"},{"floor":31,"key":"DuplicationPotion"},{"floor":33,"key":"EssenceOfSteel"},{"floor":33,"key":"AttackPotion"},{"floor":38,"key":"GamblersBrew"},{"floor":39,"key":"hexamod:EctoCoolerPotion"},{"floor":46,"key":"conspire:TimeTravelPotion"},{"floor":48,"key":"EntropicBrew"}],"is_trial":false,"path_per_floor":["R","M","M","?","?","M","T","R","E","R","M","E","?","M","M","B",null,"R","M","M","?","M","T","T","M","R","M","?","E","M","M","M","B",null,"R","?","M","M","$","E","T","?","M","?","R","$","M","M","M","B",null,"E","$","R","B","B",null],"character_chosen":"THE_SPIRIT","items_purchased":["ClockworkSouvenir","DollysMirror","EntropicBrew","OrangePellets","War Paint"],"campfire_rested":4,"item_purchase_floors":[39,39,42,46,53],"current_hp_per_floor":[70,70,69,62,67,74,74,74,40,62,58,59,26,36,48,45,75,75,75,75,75,68,68,68,75,85,90,82,86,86,90,90,90,90,90,49,63,69,83,74,74,74,88,88,90,90,90,90,90,87,90,90,90,90,90,68],"gold":71,"neow_bonus":"RANDOM_COLORLESS_2","is_daily":false,"chose_seed":false,"campfire_upgraded":3,"win_rate":0.0,"timestamp":1614053241,"path_taken":["R","M","M","?","?","M","T","R","E","R","M","E","?","M","M","BOSS","R","M","M","?","M","?","T","?","R","M","?","E","M","M","M","BOSS","R","?","M","?","$","E","T","?","M","?","R","?","M","M","M","BOSS","E","$","R","BOSS","BOSS"],"items_purchased_type":["Relic","Relic","Potion","Relic","Relic"],"build_version":"2020-12-22","purchased_purges":3,"victory":true,"max_hp_per_floor":[70,70,70,70,75,75,75,75,75,75,75,75,75,75,75,75,75,75,75,75,75,75,75,75,75,85,90,90,90,90,90,90,90,90,90,90,90,90,90,90,90,90,90,90,90,90,90,90,90,90,90,90,90,90,90,90],"relic_stats":{"OrangePellets":[28],"counters":[34,231],"Ornamental Fan":[76],"Mummified Hand":[296],"Blue Candle":[8],"Snecko Eye":[82,83,70,87],"PreservedInsect":104,"War Paint":[],"Boot":[41],"obtain_stats":[{"Potion Belt":29,"downfall:HeartBlessingRed":35,"Blue Candle":12,"Vajra":36,"Oddly Smooth Stone":41,"downfall:HeartBlessingGreen":18,"PreservedInsect":40,"War Paint":53,"Boot":36,"Akabeko":52,"ClockworkSouvenir":39,"OrangePellets":46,"Ornamental Fan":13,"Mummified Hand":23,"downfall:HeartBlessingBlue":26,"DollysMirror":39,"Snecko Eye":34,"Molten Egg 2":7,"hexamod:SpiritBrand":0,"Toy Ornithopter":9,"hexamod:IceCube":17},{"Potion Belt":16,"downfall:HeartBlessingRed":20,"Blue Candle":6,"Vajra":20,"Oddly Smooth Stone":24,"downfall:HeartBlessingGreen":10,"PreservedInsect":24,"War Paint":32,"Boot":20,"Akabeko":32,"ClockworkSouvenir":23,"OrangePellets":27,"Ornamental Fan":7,"Mummified Hand":13,"downfall:HeartBlessingBlue":14,"DollysMirror":23,"Snecko Eye":20,"Molten Egg 2":3,"hexamod:SpiritBrand":0,"Toy Ornithopter":4,"hexamod:IceCube":10},{"Potion Belt":100,"downfall:HeartBlessingRed":128,"Blue Candle":32,"Vajra":128,"Oddly Smooth Stone":151,"downfall:HeartBlessingGreen":58,"PreservedInsect":151,"War Paint":200,"Boot":128,"Akabeko":200,"ClockworkSouvenir":143,"OrangePellets":163,"Ornamental Fan":38,"Mummified Hand":79,"downfall:HeartBlessingBlue":87,"DollysMirror":143,"Snecko Eye":128,"Molten Egg 2":10,"hexamod:SpiritBrand":0,"Toy Ornithopter":22,"hexamod:IceCube":58}],"Toy Ornithopter":101},"card_choices":[{"not_picked":["Metamorphosis","Magnetism"],"picked":"Violence","floor":0.0},{"not_picked":["hexamod:ThermalTransfer","hexamod:FirstSeal"],"picked":"hexamod:FastForward","floor":2.0},{"not_picked":["hexamod:ShieldOfDarkness","hexamod:HeatCrush"],"picked":"hexamod:StepThrough","floor":3.0},{"not_picked":["hexamod:ChargedBarrage","hexamod:NightmareStrike"],"picked":"hexamod:ThirdSeal","floor":6.0},{"not_picked":["hexamod:Firestarter","hexamod:ChargedBarrage","hexamod:HeatMetal"],"picked":"SKIP","floor":6.0},{"not_picked":["hexamod:ShieldOfDarkness","hexamod:Firestarter+1"],"picked":"hexamod:ForkedFlame+1","floor":9.0},{"not_picked":["hexamod:SwordOfDarkness+1","hexamod:PhantomFireball+1"],"picked":"hexamod:HauntingEcho+1","floor":9.0},{"not_picked":["hexamod:ShieldOfDarkness","hexamod:SwordOfDarkness+1"],"picked":"hexamod:HeatMetal+1","floor":9.0},{"not_picked":["hexamod:GhostShield","hexamod:InspiringFlames"],"picked":"hexamod:SixthSeal","floor":11},{"not_picked":["hexamod:BacktrackSmack+1","hexamod:Firestarter+1"],"picked":"hexamod:GhostShield","floor":11},{"not_picked":["hexamod:RetreatToShadows","hexamod:ThermalTransfer+1","hexamod:InspiringFlames"],"picked":"SKIP","floor":11},{"not_picked":["hexamod:EtherealExpedition","hexamod:ThermalTransfer+1"],"picked":"hexamod:TimeOfNeed","floor":12},{"not_picked":["hexamod:ParanormalForm","hexamod:GhostLash+1"],"picked":"hexamod:GhostShield","floor":12},{"not_picked":["hexamod:HauntingEcho+1","hexamod:ThermalTransfer+1","hexamod:Firestarter+1"],"picked":"SKIP","floor":12},{"not_picked":["hexamod:ChargedBarrage","hexamod:NightmareGuise"],"picked":"hexamod:WildfireWeapon","floor":13},{"not_picked":["hexamod:NightmareGuise","hexamod:Incineration+1"],"picked":"hexamod:ExtraCrispy","floor":13},{"not_picked":["hexamod:NightmareStrike+1","hexamod:NightmareGuise"],"picked":"hexamod:AdvancingGuard","floor":13},{"not_picked":["hexamod:SwordOfDarkness+1","hexamod:GhostLash+1"],"picked":"hexamod:ThermalTransfer+1","floor":14},{"not_picked":["hexamod:Haunt","hexamod:Hexaguard"],"picked":"hexamod:GhostShield","floor":14},{"not_picked":["hexamod:FastForward","hexamod:NightmareStrike+1"],"picked":"hexamod:ThermalTransfer+1","floor":14},{"not_picked":["hexamod:GhostLash+1","hexamod:HauntingEcho+1","hexamod:FastForward"],"picked":"SKIP","floor":15},{"not_picked":["hexamod:HeatMetal+1","hexamod:GhostOfSpirePast","hexamod:Rewind"],"picked":"SKIP","floor":15},{"not_picked":["hexamod:SwordOfDarkness+1","hexamod:NightmareStrike+1","hexamod:RadiantFlame"],"picked":"SKIP","floor":15},{"not_picked":["hexamod:SearingWound","hexamod:UnleashSpirits+1"],"picked":"hexamod:ForkedFlame+1","floor":16},{"not_picked":["hexamod:ParanormalForm","hexamod:TurnItUp"],"picked":"hexamod:GhostflameInferno","floor":16},{"not_picked":["hexamod:HexaLevel","hexamod:TurnItUp"],"picked":"hexamod:SixthSeal","floor":16},{"not_picked":["hexamod:Firestarter+1","hexamod:StepThrough+1"],"picked":"hexamod:Hexaguard","floor":19},{"not_picked":["hexamod:BurningTouch","hexamod:Firestarter+1","hexamod:HeatMetal+1"],"picked":"SKIP","floor":19},{"not_picked":["hexamod:GhostOfSpireFuture","hexamod:BurningTouch+1","hexamod:GhostOfSpirePast+1"],"picked":"SKIP","floor":19},{"not_picked":["hexamod:Hexaguard","hexamod:InspiringFlames"],"picked":"hexamod:GhostShield","floor":20},{"not_picked":["hexamod:BurningTouch","hexamod:ExtraCrispy"],"picked":"hexamod:NightmareGuise+1","floor":20},{"not_picked":["hexamod:HeatMetal+1","hexamod:RetreatToShadows+1","hexamod:ThermalTransfer+1"],"picked":"SKIP","floor":20},{"not_picked":["hexamod:AdvancingGuard+1","hexamod:Incineration+1"],"picked":"hexamod:NightmareGuise+1","floor":22},{"not_picked":["hexamod:Incineration+1","hexamod:InspiringFlames"],"picked":"hexamod:BurningTouch+1","floor":22},{"not_picked":["hexamod:GhostShield","hexamod:FastForward+1","hexamod:ThermalTransfer+1"],"picked":"SKIP","floor":22},{"not_picked":["hexamod:GhostShield","hexamod:HauntingEcho+1"],"picked":"hexamod:PhantomCloak+1","floor":25},{"not_picked":["hexamod:SearingWound","hexamod:SpectersWail+1","hexamod:Incineration+1"],"picked":"SKIP","floor":25},{"not_picked":["hexamod:GhostLash+1","hexamod:HauntingEcho+1","hexamod:HeatShield+1"],"picked":"SKIP","floor":25},{"not_picked":["hexamod:DynamicBlow+1","hexamod:HeatCrush+1"],"picked":"hexamod:UnleashSpirits+1","floor":27},{"not_picked":["hexamod:HeatMetal+1","hexamod:SwordOfDarkness+1"],"picked":"hexamod:GhostShield","floor":27},{"not_picked":["hexamod:StepThrough+1","hexamod:BurningTouch","hexamod:InspiringFlames"],"picked":"SKIP","floor":27},{"not_picked":["hexamod:SpectersWail+1","hexamod:SwordOfDarkness+1","hexamod:GhostOfSpireFuture"],"picked":"SKIP","floor":29},{"not_picked":["hexamod:ChargedBarrage","hexamod:GhostOfSpirePast+1","hexamod:SoulSteal"],"picked":"SKIP","floor":29},{"not_picked":["hexamod:Incineration+1","hexamod:BacktrackSmack+1","hexamod:NightmareStrike+1"],"picked":"SKIP","floor":29},{"not_picked":["hexamod:Hexaguard","hexamod:GhostLash+1"],"picked":"hexamod:GhostShield","floor":30},{"not_picked":["hexamod:AdvancingGuard","hexamod:BacktrackSmack+1","hexamod:Firestarter+1"],"picked":"SKIP","floor":30},{"not_picked":["hexamod:ExtraCrispy","hexamod:FastForward+1"],"picked":"hexamod:FirstSeal","floor":31},{"not_picked":["hexamod:ExtraCrispy","hexamod:ShieldOfDarkness"],"picked":"hexamod:Hexaguard","floor":31},{"not_picked":["hexamod:Haunt","hexamod:SixthSeal","hexamod:Hexaguard"],"picked":"SKIP","floor":31},{"not_picked":["hexamod:Again+1","hexamod:Hexaguard+1"],"picked":"hexamod:FourthSeal","floor":32},{"not_picked":["hexamod:BurningTouch","hexamod:HexaLevel"],"picked":"hexamod:Haunt","floor":32},{"not_picked":["hexamod:Hexaguard","hexamod:FastForward+1","hexamod:NightmareStrike+1"],"picked":"SKIP","floor":32},{"not_picked":["hexamod:TimeWarp+1","hexamod:WildfireWeapon"],"picked":"hexamod:ForkedFlame+1","floor":33},{"not_picked":["hexamod:ParanormalForm","hexamod:TimeOfNeed"],"picked":"hexamod:ForkedFlame+1","floor":33},{"not_picked":["hexamod:Hexaguard","hexamod:SpectersWail+1","hexamod:SwordOfDarkness+1"],"picked":"SKIP","floor":37},{"not_picked":["hexamod:RainOfEmbers+1","hexamod:RecurringNightmare+1","hexamod:EtherealExpedition"],"picked":"SKIP","floor":37},{"not_picked":["hexamod:SwordOfDarkness+1","hexamod:WildfireWeapon","hexamod:Incineration+1"],"picked":"SKIP","floor":37},{"not_picked":["hexamod:SkipABeat","hexamod:Hexaguard"],"picked":"hexamod:ThirdSeal","floor":38},{"not_picked":["hexamod:SpectersWail+1","hexamod:RainOfEmbers+1","hexamod:RecurringNightmare"],"picked":"SKIP","floor":38},{"not_picked":["hexamod:HeatMetal+1","hexamod:BacktrackSmack+1","hexamod:Haunt+1"],"picked":"SKIP","floor":38},{"not_picked":["hexamod:AdvancingGuard+1","hexamod:BacktrackSmack+1"],"picked":"hexamod:GhostShield+1","floor":39},{"not_picked":["hexamod:HeatMetal+1","hexamod:RainOfEmbers+1","hexamod:AdvancingGuard"],"picked":"SKIP","floor":39},{"not_picked":["hexamod:ThirdSeal","hexamod:GhostOfSpirePast+1","hexamod:BurningTouch"],"picked":"SKIP","floor":40},{"not_picked":["hexamod:ChargedBarrage","hexamod:GhostOfSpirePast","hexamod:GhostShield"],"picked":"SKIP","floor":40},{"not_picked":["hexamod:SearingWound","hexamod:FastForward","hexamod:BurningTouch"],"picked":"SKIP","floor":40},{"not_picked":["hexamod:Firestarter+1","hexamod:Again+1"],"picked":"hexamod:UnlimitedPower","floor":42},{"not_picked":["hexamod:NightmareStrike+1","hexamod:GhostShield"],"picked":"hexamod:HeatCrush+1","floor":42},{"not_picked":["hexamod:ExtraCrispy+1","hexamod:GhostLash+1","hexamod:Hexaguard+1"],"picked":"SKIP","floor":42},{"not_picked":["hexamod:GhostOfSpireFuture+1","hexamod:Firestarter+1","hexamod:InspiringFlames"],"picked":"SKIP","floor":43},{"not_picked":["hexamod:InspiringFlames","hexamod:FastForward+1","hexamod:NightmareStrike+1"],"picked":"SKIP","floor":43},{"not_picked":["hexamod:GhostShield+1","hexamod:StepThrough+1","hexamod:EmpoweredFlame"],"picked":"SKIP","floor":43},{"not_picked":["hexamod:GhostShield","hexamod:FirstSeal","hexamod:SwordOfDarkness+1"],"picked":"SKIP","floor":43},{"not_picked":["hexamod:NightmareGuise","hexamod:ShieldOfDarkness+1","hexamod:RadiantFlame"],"picked":"SKIP","floor":46},{"not_picked":["hexamod:GhostOfSpireFuture+1","hexamod:SoulSteal","hexamod:GhostflameInferno"],"picked":"SKIP","floor":46},{"not_picked":["hexamod:ThermalTransfer+1","hexamod:RecurringNightmare","hexamod:RainOfEmbers+1"],"picked":"SKIP","floor":47},{"not_picked":["hexamod:GhostLash+1","hexamod:SoulSteal","hexamod:ChargedBarrage"],"picked":"SKIP","floor":47},{"not_picked":["hexamod:DynamicBlow+1","hexamod:GhostShield","hexamod:PhantomFireball+1"],"picked":"SKIP","floor":47},{"not_picked":["hexamod:AdvancingGuard+1","hexamod:GhostflameBarrier","hexamod:SwordOfDarkness+1"],"picked":"SKIP","floor":47},{"not_picked":["hexamod:SwordOfDarkness+1","hexamod:RadiantFlame","hexamod:FourthSeal"],"picked":"SKIP","floor":48},{"not_picked":["hexamod:InspiringFlames+1","hexamod:GhostShield","hexamod:Hexaguard"],"picked":"SKIP","floor":48},{"not_picked":["hexamod:GhostLash+1","hexamod:Again","hexamod:Firestarter+1"],"picked":"SKIP","floor":48},{"not_picked":["hexamod:FirstSeal","hexamod:GhostOfSpirePast","hexamod:GhostflameBarrier+1"],"picked":"SKIP","floor":48},{"not_picked":["hexamod:FastForward+1","hexamod:ExtraCrispy","hexamod:FourthSeal"],"picked":"SKIP","floor":49},{"not_picked":["hexamod:SecondSeal","hexamod:NightmareStrike+1","hexamod:BurningTouch"],"picked":"SKIP","floor":49},{"not_picked":["hexamod:FastForward","hexamod:GhostLash+1"],"picked":"hexamod:ExtraCrispy+1","floor":52},{"not_picked":["hexamod:SwordOfDarkness+1","hexamod:CatchUp+1","hexamod:BacktrackSmack+1"],"picked":"SKIP","floor":52},{"not_picked":["hexamod:ShieldOfDarkness","hexamod:RainOfEmbers+1","hexamod:Firestarter+1"],"picked":"SKIP","floor":52},{"not_picked":["hexamod:SpectralAdrenaline+1","hexamod:HauntingEcho+1","hexamod:SkipABeat+1"],"picked":"SKIP","floor":52}],"player_experience":522411,"relics_obtained":[{"floor":7.0,"key":"Molten Egg 2"},{"floor":9.0,"key":"Toy Ornithopter"},{"floor":12,"key":"Blue Candle"},{"floor":13,"key":"Ornamental Fan"},{"floor":23,"key":"Mummified Hand"},{"floor":29,"key":"Potion Belt"},{"floor":40,"key":"PreservedInsect"},{"floor":41,"key":"Oddly Smooth Stone"},{"floor":52,"key":"Akabeko"}],"event_choices":[{"damage_healed":0.0,"max_hp_gain":5.0,"max_hp_loss":0.0,"gold_gain":0.0,"event_name":"Big Fish","player_choice":"Donut","floor":5.0,"gold_loss":0.0,"damage_taken":0.0},{"cards_removed":["hexamod:SixthSeal"],"damage_healed":0,"gold_gain":0,"player_choice":"Give","damage_taken":0,"max_hp_gain":0,"max_hp_loss":0,"event_name":"betterNote:BetterNote","floor":21,"gold_loss":0,"cards_obtained":["None"]},{"damage_healed":0,"gold_gain":0,"player_choice":"RE RE ","damage_taken":45,"relics_obtained":["Vajra","Boot"],"max_hp_gain":0,"max_hp_loss":0,"event_name":"betterSkull:BetterSkull","floor":36,"gold_loss":0,"cards_upgraded":[]}],"is_beta":false,"boss_relics":[{"not_picked":["Empty Cage","Philosopher\u0027s Stone"],"picked":"hexamod:IceCube"},{"not_picked":["conspire:SlowCooker","Runic Dome"],"picked":"Snecko Eye"}],"items_purged_floors":[39,46,53],"is_endless":false,"potions_floor_spawned":[3,6,9,11,13,15,20,27,29,30,31,38,40,43,47,49,52],"ascension_level":0}}