{"host":"ndqkyrxelzss439h","time":1614052066,"event":{"mods":["2.2 Compatiblity","Act Like it!","BaseMod","Better Third Choice","Colored Map","Colored Powertips","Hallownest","Highlight Path","Minty Spire (QoL Compilation)","Permanent Neow","Quick Restart","Replay The Spire","StSLib","The Bug Knight"],"gold_per_floor":[117,117,42,57,68,84,101,111,111,111,111,126,157,170,170,274,274,284,284,284],"floor_reached":19,"language":"ENG","playtime":1774,"items_purged":[],"score":173,"play_id":"a28d56d9-3857-4942-acc0-6bd480cc61b5","local_time":"20210222224746","is_ascension_mode":false,"campfire_choices":[{"data":"HollowMod:WraithStrike","floor":10,"key":"SMITH"},{"floor":15,"key":"REST"}],"circlet_count":0,"master_deck":["HollowMod:NailStrikeStart","HollowMod:NailStrikeStart","HollowMod:QuickDashStart","HollowMod:QuickDashStart","HollowMod:QuickDashStart","HollowMod:PogoStrike","HollowMod:WraithStrike+1","HollowMod:SiblingsShadow","HollowMod:SiblingsShadow","HollowMod:DoubleDash","HollowMod:SharpenedShadows","HollowMod:VoidDash"],"relics":["HollowMod:VesselMask","Replay:Ringing Soul","Replay:Arrowhead","SlaversCollar"],"acts_visited":["Hallownest:Greenpath","Hallownest:CityofTears"],"potions_floor_usage":[12,12,13],"damage_taken":[{"damage":2,"enemies":"Hallownest:2_Baldur","floor":1,"turns":3},{"damage":2,"enemies":"Hallownest:monsterHuskGuard","floor":4,"turns":4},{"damage":0,"enemies":"Hallownest:2_MossCreeps","floor":5,"turns":4},{"damage":7,"enemies":"Hallownest:monsterFoolEater","floor":6,"turns":4},{"damage":12,"enemies":"Hallownest:Wandering_and_Horned","floor":7,"turns":4},{"damage":0,"enemies":"Hallownest:monsterAspidMother","floor":8,"turns":5},{"damage":0,"enemies":"Hallownest:1_Baldur_1_Crawlid_1_Warrior","floor":12,"turns":5},{"damage":12,"enemies":"Hallownest:eliteVengeflyKing","floor":13,"turns":7},{"damage":4,"enemies":"Hallownest:Wandering_and_Horned","floor":14,"turns":5},{"damage":63,"enemies":"Hallownest:BossHornet","floor":16,"turns":19},{"damage":51,"enemies":"Hallownest:3_Youths","floor":18,"turns":9},{"damage":38,"enemies":"Hallownest:2_Mistakes","floor":19,"turns":5}],"seed_played":"-6379539490827264263","potions_obtained":[{"floor":4,"key":"ColorlessPotion"},{"floor":6,"key":"Swift Potion"},{"floor":7,"key":"SkillPotion"},{"floor":8,"key":"Weak Potion"},{"floor":18,"key":"SpeedPotion"}],"is_trial":false,"path_per_floor":["M","?","?","M","M","M","M","M","T","R","?","M","E","M","R","B",null,"M","M"],"character_chosen":"THE_BUGKNIGHT","items_purchased":[],"campfire_rested":1,"item_purchase_floors":[],"current_hp_per_floor":[75,75,80,78,78,71,59,59,59,59,59,59,50,49,74,14,89,38,0,0],"gold":284,"neow_bonus":"RANDOM_EVENT","is_daily":false,"chose_seed":false,"campfire_upgraded":1,"win_rate":0.0,"timestamp":1614052066,"path_taken":["M","?","?","M","M","M","M","M","T","R","?","M","E","M","R","BOSS","M","M"],"items_purchased_type":[],"build_version":"2020-12-22","purchased_purges":0,"victory":false,"max_hp_per_floor":[75,75,80,80,80,80,80,80,80,80,80,80,83,86,86,89,89,89,89,89],"card_choices":[{"not_picked":["HollowMod:SoulStrike","HollowMod:PerfectDash"],"picked":"HollowMod:WraithStrike","floor":1},{"not_picked":["HollowMod:MonarchWings","HollowMod:NewLittleFool","HollowMod:CrystalDash"],"picked":"SKIP","floor":4},{"not_picked":["HollowMod:BaldurShell","HollowMod:MawleksShell"],"picked":"HollowMod:SiblingsShadow","floor":5},{"not_picked":["HollowMod:DreamGate","HollowMod:WraithStrike"],"picked":"HollowMod:SiblingsShadow","floor":6},{"not_picked":["HollowMod:TaintedHusks","HollowMod:LifebloodCocoon","HollowMod:BrokenVessel"],"picked":"SKIP","floor":7},{"not_picked":["HollowMod:HowlingWraiths","HollowMod:HeavyBlow","HollowMod:SoulSplash"],"picked":"SKIP","floor":8},{"not_picked":["HollowMod:HuntersJournal","HollowMod:ChannelNail","HollowMod:GreatSlash"],"picked":"SKIP","floor":12},{"not_picked":["HollowMod:CoiledNail","HollowMod:DungDefenderAura"],"picked":"HollowMod:DoubleDash","floor":13},{"not_picked":["HollowMod:SoulEater","HollowMod:SoulStrike"],"picked":"HollowMod:SharpenedShadows","floor":14},{"not_picked":["HollowMod:SoulMaster","HollowMod:Weaversong"],"picked":"HollowMod:VoidDash","floor":16},{"not_picked":["HollowMod:WraithStrike","HollowMod:HeavyBlow+1","HollowMod:FastStrike"],"picked":"SKIP","floor":18}],"player_experience":95517,"relics_obtained":[{"floor":9,"key":"Replay:Ringing Soul"},{"floor":13,"key":"Replay:Arrowhead"}],"event_choices":[],"is_beta":false,"boss_relics":[{"not_picked":["Tiny House","ReplayTheSpireMod:DimensionalGlitch"],"picked":"SlaversCollar"}],"items_purged_floors":[],"is_endless":false,"potions_floor_spawned":[4,6,7,8,18],"killed_by":"Hallownest:2_Mistakes","ascension_level":0}}