{"host":"ypphcgdomtfqpc2w","time":1614087778,"event":{"mods":["BaseMod","DeckTracker","MarisaÅiñ∂âJÅ@ñÇóùçπÅj","Minty Spire (QoL Compilation)","Relic Stats","StSLib"],"gold_per_floor":[117,39,39,64,88,132,132,132,159,178,253,269,269,308,320,428,440,470,497,509,521,448,460,489,530,542,564,501,513,541,567,579,591,591],"floor_reached":33,"language":"ENG","playtime":2575,"items_purged":[],"score":540,"play_id":"94bc3cae-38f7-46cf-9c8f-85cc0f6e2006","local_time":"20210223224258","is_ascension_mode":true,"campfire_choices":[{"data":"Eruption","floor":7,"key":"SMITH"},{"floor":13,"key":"REST"},{"data":"CrushJoints","floor":15,"key":"SMITH"},{"data":"Swivel","floor":23,"key":"SMITH"},{"data":"Establishment","floor":29,"key":"SMITH"},{"floor":32,"key":"REST"}],"circlet_count":0,"master_deck":["AscendersBane","Strike_P","Strike_P","Defend_P","Defend_P","Defend_P","Eruption+1","Vigilance","CutThroughFate","FlurryOfBlows","JustLucky","LikeWater","CutThroughFate","ThirdEye","Sanctity","Perseverance","CrushJoints+1","Establishment+1","ClearTheMind","Swivel+1","Protect","LikeWater","ThirdEye"],"relics":["PureWater","Bloody Idol","Pen Nib","MawBank","Snecko Eye","Centennial Puzzle","Anchor","PreservedInsect"],"acts_visited":["Exordium","TheCity"],"potions_floor_usage":[14,16,16,25,30],"damage_taken":[{"damage":0,"enemies":"Cultist","floor":1,"turns":3},{"damage":0,"enemies":"Jaw Worm","floor":4,"turns":2},{"damage":1,"enemies":"Small Slimes","floor":5,"turns":3},{"damage":8,"enemies":"Lagavulin","floor":6,"turns":6},{"damage":0,"enemies":"Blue Slaver","floor":10,"turns":4},{"damage":4,"enemies":"Looter","floor":12,"turns":3},{"damage":10,"enemies":"Gremlin Nob","floor":14,"turns":3},{"damage":22,"enemies":"Hexaghost","floor":16,"turns":11},{"damage":22,"enemies":"2 Thieves","floor":18,"turns":4},{"damage":5,"enemies":"Chosen","floor":19,"turns":7},{"damage":17,"enemies":"Snecko","floor":24,"turns":7},{"damage":23,"enemies":"Slavers","floor":25,"turns":9},{"damage":11,"enemies":"Centurion and Healer","floor":27,"turns":7},{"damage":27,"enemies":"Cultist and Chosen","floor":30,"turns":12},{"damage":8,"enemies":"Shelled Parasite and Fungi","floor":31,"turns":7},{"damage":57,"enemies":"Champ","floor":33,"turns":15}],"seed_played":"-3597331278488040217","potions_obtained":[{"floor":1,"key":"Weak Potion"},{"floor":10,"key":"BottledMiracle"},{"floor":14,"key":"PowerPotion"},{"floor":18,"key":"Strength Potion"},{"floor":25,"key":"LiquidMemories"}],"is_trial":false,"path_per_floor":["M","$","?","M","M","E","R","?","T","M","?","M","R","E","R","B",null,"M","M","?","?","?","R","M","E","T","M","?","R","M","M","R","B"],"character_chosen":"WATCHER","items_purchased":["FlurryOfBlows","JustLucky"],"campfire_rested":2,"item_purchase_floors":[2,2],"current_hp_per_floor":[61,61,40,40,39,31,31,31,31,31,20,16,34,24,24,2,47,25,20,32,32,37,42,35,22,27,26,31,36,19,21,44,0,0],"gold":591,"neow_bonus":"REMOVE_TWO","is_daily":false,"chose_seed":false,"campfire_upgraded":4,"win_rate":0.0,"timestamp":1614087778,"path_taken":["M","$","?","M","M","E","R","?","T","M","?","?","R","E","R","BOSS","M","M","?","?","?","R","M","E","T","M","?","R","M","M","R","BOSS"],"items_purchased_type":["Card","Card"],"build_version":"2020-12-22","purchased_purges":0,"victory":false,"max_hp_per_floor":[62,62,62,62,62,62,62,62,62,62,62,62,62,62,62,62,62,62,62,62,62,62,62,62,62,62,62,62,62,62,62,62,62,62],"relic_stats":{"Centennial Puzzle":[18],"counters":[16,103],"Bloody Idol":85,"Snecko Eye":[125,111,126,113],"Pen Nib":[18],"PreservedInsect":0,"MawBank":228,"obtain_stats":[{"Centennial Puzzle":22,"Anchor":25,"Golden Idol":3,"Bloody Idol":21,"Snecko Eye":17,"Pen Nib":6,"PreservedInsect":26,"PureWater":0,"MawBank":14},{"Centennial Puzzle":10,"Anchor":12,"Golden Idol":1,"Bloody Idol":10,"Snecko Eye":8,"Pen Nib":4,"PreservedInsect":12,"PureWater":0,"MawBank":7},{"Centennial Puzzle":46,"Anchor":62,"Golden Idol":3,"Bloody Idol":46,"Snecko Eye":35,"Pen Nib":14,"PreservedInsect":62,"PureWater":0,"MawBank":24}]},"card_choices":[{"not_picked":["Worship","EmptyFist"],"picked":"CutThroughFate","floor":1},{"not_picked":["Evaluate","Prostrate"],"picked":"LikeWater","floor":4},{"not_picked":["Evaluate","PathToVictory"],"picked":"CutThroughFate","floor":5},{"not_picked":["ForeignInfluence","WaveOfTheHand"],"picked":"ThirdEye","floor":6},{"not_picked":["ClearTheMind","SashWhip"],"picked":"Sanctity","floor":10},{"not_picked":["Consecrate","Halt"],"picked":"Perseverance","floor":12},{"not_picked":["FlyingSleeves","CutThroughFate"],"picked":"CrushJoints","floor":14},{"not_picked":["Alpha","Devotion"],"picked":"Establishment","floor":16},{"not_picked":["Sanctity","Study"],"picked":"ClearTheMind","floor":18},{"not_picked":["Prostrate","BowlingBash"],"picked":"Swivel","floor":19},{"not_picked":["ThirdEye","ForeignInfluence"],"picked":"Protect","floor":24},{"not_picked":["EmptyBody","FlurryOfBlows"],"picked":"LikeWater","floor":25},{"not_picked":["CutThroughFate","SashWhip","Halt+1"],"picked":"SKIP","floor":27},{"not_picked":["Consecrate","Brilliance","CutThroughFate"],"picked":"SKIP","floor":30},{"not_picked":["FlurryOfBlows","Weave"],"picked":"ThirdEye","floor":31}],"player_experience":3374563,"relics_obtained":[{"floor":6,"key":"Pen Nib"},{"floor":14,"key":"MawBank"},{"floor":25,"key":"Anchor"},{"floor":26,"key":"PreservedInsect"}],"event_choices":[{"damage_healed":0,"gold_gain":0,"player_choice":"Take Damage","damage_taken":21,"relics_obtained":["Golden Idol"],"max_hp_gain":0,"max_hp_loss":0,"event_name":"Golden Idol","floor":3,"gold_loss":0},{"damage_healed":0,"gold_gain":0,"player_choice":"Ignored","damage_taken":0,"max_hp_gain":0,"max_hp_loss":0,"event_name":"Liars Game","floor":8,"gold_loss":0},{"damage_healed":0,"gold_gain":75,"player_choice":"Gather Gold","damage_taken":11,"max_hp_gain":0,"max_hp_loss":0,"event_name":"World of Goop","floor":11,"gold_loss":0},{"damage_healed":12,"gold_gain":0,"player_choice":"Heal","damage_taken":0,"max_hp_gain":0,"max_hp_loss":0,"event_name":"The Library","floor":20,"gold_loss":0},{"damage_healed":0,"gold_gain":0,"player_choice":"Gave Idol","damage_taken":0,"relics_obtained":["Bloody Idol"],"max_hp_gain":0,"max_hp_loss":0,"event_name":"Forgotten Altar","floor":21,"relics_lost":["Golden Idol"],"gold_loss":0},{"damage_healed":0,"gold_gain":0,"player_choice":"Obtained Relic","damage_taken":0,"relics_obtained":["Centennial Puzzle"],"max_hp_gain":0,"max_hp_loss":0,"event_name":"Addict","floor":22,"gold_loss":85},{"cards_removed":["Strike_P"],"damage_healed":0,"gold_gain":0,"player_choice":"Gave Gold","damage_taken":0,"max_hp_gain":0,"max_hp_loss":0,"event_name":"Beggar","floor":28,"gold_loss":75}],"is_beta":false,"boss_relics":[{"not_picked":["Pandora\u0027s Box","Cursed Key"],"picked":"Snecko Eye"}],"items_purged_floors":[],"is_endless":false,"potions_floor_spawned":[1,10,14,18,25],"killed_by":"Champ","ascension_level":19}}