{"host":"qiddgr1lyn3b7c88","time":1614097273,"event":{"mods":["Aspiration","BaseMod","Colored Map","Highlight Path","Minty Spire (QoL Compilation)","Replay The Spire","Shop Mod","StSLib","Synergy Search","The Alterego","egg"],"gold_per_floor":[111,127,140,126,139,139,173,173,173,18,34,34,54,54,54,150,150,161,175,175,5,17,17,44,44,44,44,44,44],"floor_reached":28,"language":"ENG","playtime":2297,"items_purged":["Strike_B"],"score":421,"play_id":"2c86a46e-9723-4631-86ea-f321652a1c57","local_time":"20210223112113","is_ascension_mode":true,"campfire_choices":[{"floor":6,"key":"REST"},{"data":"ReplayTheSpireMod:Calculation Training","floor":8,"key":"SMITH"},{"data":"Strike_B","floor":15,"key":"PURGE"},{"floor":23,"key":"REST"},{"floor":25,"key":"REST"},{"data":"Loop","floor":27,"key":"SMITH"}],"circlet_count":0,"master_deck":["Strike_B","Defend_B","Defend_B","Defend_B","Defend_B","Zap","Dualcast","Gash","Coolheaded","ReplayTheSpireMod:Calculation Training+1","Compile Driver","White Noise","All For One","Cold Snap","Coolheaded","Cold Snap","White Noise","Steam Power","Gash","Fission","Loop","Sword Boomerang","Hallucinations","Gash","Sweeping Beam","Battle Trance+1","Loop+1"],"relics":["Cracked Core","aspiration:Lifesprig","Replay:Mystery Machine","DataDisk","aspiration:IroncladSkillbook","Ring of Fury","ReplayTheSpireMod:Ring of Exchange","Pantograph","Ornamental Fan"],"acts_visited":["Exordium","TheCity"],"potions_floor_usage":[11,16,16,16,28],"damage_taken":[{"damage":15,"enemies":"Small Slimes","floor":1,"turns":3},{"damage":4,"enemies":"Cultist","floor":2,"turns":4},{"damage":0,"enemies":"2 Louse","floor":3,"turns":1},{"damage":14,"enemies":"Exordium Thugs","floor":4,"turns":4},{"damage":17,"enemies":"2 Fungi Beasts","floor":5,"turns":4},{"damage":18,"enemies":"Lagavulin","floor":7,"turns":6},{"damage":8,"enemies":"Lots of Slimes","floor":11,"turns":4},{"damage":0,"enemies":"Looter","floor":13,"turns":3},{"damage":0,"enemies":"Fading Forest","floor":16,"turns":11},{"damage":10,"enemies":"Shell Parasite","floor":18,"turns":6},{"damage":39,"enemies":"Chosen","floor":19,"turns":6},{"damage":10,"enemies":"Centurion and Healer","floor":22,"turns":7},{"damage":21,"enemies":"Book of Stabbing","floor":24,"turns":4},{"damage":52,"enemies":"Gremlin Leader","floor":28,"turns":5}],"seed_played":"-7728416741432396769","potions_obtained":[{"floor":2,"key":"SpeedPotion"},{"floor":5,"key":"Dexterity Potion"},{"floor":11,"key":"Dexterity Potion"},{"floor":13,"key":"Strength Potion"},{"floor":19,"key":"SpeedPotion"},{"floor":22,"key":"Adrenaline Potion"}],"is_trial":false,"path_per_floor":["M","M","M","M","M","R","E","R","T","$","M","?","M","?","R_BF","B",null,"M","M","?","$","M","R","E","R","T","R","E"],"character_chosen":"DEFECT","items_purchased":["DataDisk","Gash","Sweeping Beam"],"campfire_rested":3,"item_purchase_floors":[10,21,21],"current_hp_per_floor":[53,49,49,35,18,40,22,22,22,22,14,14,14,14,14,22,62,56,21,21,21,15,37,20,42,42,42,0,0],"gold":44,"neow_bonus":"THREE_CARDS","is_daily":false,"chose_seed":false,"campfire_upgraded":2,"win_rate":0.0,"timestamp":1614097273,"path_taken":["M","M","M","M","M","R","E","R","T","$","M","?","?","?","R_BF","BOSS","M","?","?","$","M","R","E","R","T","R","E"],"items_purchased_type":["Relic","Card","Card"],"build_version":"2020-12-22","purchased_purges":1,"victory":false,"max_hp_per_floor":[75,75,75,75,75,75,75,75,75,75,75,75,75,75,75,75,75,75,75,75,75,75,75,75,75,75,75,75,75],"card_choices":[{"not_picked":["Hologram","Coolheaded"],"picked":"Gash","floor":0},{"not_picked":["Barrage","Reprogram"],"picked":"Coolheaded","floor":1},{"not_picked":["Coolheaded","Rebound"],"picked":"ReplayTheSpireMod:Calculation Training","floor":2},{"not_picked":["Streamline","Chaos"],"picked":"Compile Driver","floor":3},{"not_picked":["Turbo","Barrage"],"picked":"White Noise","floor":4},{"not_picked":["Hologram","Auto Shields"],"picked":"All For One","floor":5},{"not_picked":["Scrape","ReplaySort"],"picked":"Cold Snap","floor":7},{"not_picked":["FIFO Queue","Streamline"],"picked":"Coolheaded","floor":11},{"not_picked":["Rebound","Conserve Battery"],"picked":"White Noise","floor":13},{"not_picked":["Creative AI","Multi-Cast"],"picked":"Fission","floor":16},{"not_picked":["Genetic Algorithm","Beam Cell+1","Perfected Strike"],"picked":"Loop","floor":18},{"not_picked":["Wild Strike","Steam+1","Barrage"],"picked":"Sword Boomerang","floor":19},{"not_picked":["Demonic Infusion","Hologram","Beam Cell"],"picked":"Battle Trance+1","floor":22},{"not_picked":["Capacitor","Reprogram+1","Rebound"],"picked":"Loop","floor":24}],"player_experience":1064376,"relics_obtained":[{"floor":7,"key":"aspiration:Lifesprig"},{"floor":9,"key":"Replay:Mystery Machine"},{"floor":20,"key":"Ring of Fury"},{"floor":20,"key":"ReplayTheSpireMod:Ring of Exchange"},{"floor":24,"key":"Pantograph"},{"floor":26,"key":"Ornamental Fan"}],"event_choices":[{"damage_healed":0,"gold_gain":0,"cards_transformed":["Strike_B"],"player_choice":"Transformed","damage_taken":0,"max_hp_gain":0,"max_hp_loss":0,"event_name":"Transmorgrifier","floor":12,"gold_loss":0,"cards_obtained":["Cold Snap"]},{"damage_healed":0,"gold_gain":0,"player_choice":"2 cards matched","damage_taken":0,"max_hp_gain":0,"max_hp_loss":0,"event_name":"Match and Keep!","floor":14,"gold_loss":0,"cards_obtained":["Steam Power","Gash"]}],"is_beta":false,"boss_relics":[{"not_picked":["Fusion Hammer","Empty Cage"],"picked":"aspiration:IroncladSkillbook"}],"items_purged_floors":[21],"is_endless":false,"potions_floor_spawned":[2,5,11,13,19,22],"killed_by":"Gremlin Leader","ascension_level":9}}