{"host":"zwfzlkwql9nyrw94","time":1614120610,"event":{"mods":["AchievementEnabler","BaseMod","Colored Map","Filter the Spire","Grow up Mod","Highlight Path","Minty Spire (QoL Compilation)","Remove Card Discount Mod"],"gold_per_floor":[109,36,36,36,36,36,36,36,36,36,36,36,36,36,36,36,36,36,36,36,36,36,36,36,36,36,36,36,36,36,36,36,36,36,36,36,36,36,36,36,36,36,36,36,36,36,36,36,36,36],"floor_reached":51,"language":"ENG","playtime":602,"items_purged":["Strike_B","Defend_B","Defend_B","Defend_B","Defend_B","Dualcast","Zap","Strike_B","Strike_B","Strike_B"],"score":1124,"play_id":"bce61a2c-82cb-49b9-8826-03ea6501fca9","local_time":"20210223165010","is_ascension_mode":false,"campfire_choices":[{"floor":6,"key":"RECALL"},{"floor":13,"key":"REST"},{"floor":15,"key":"REST"},{"floor":23,"key":"REST"},{"floor":27,"key":"REST"},{"floor":29,"key":"REST"},{"floor":32,"key":"REST"},{"floor":40,"key":"REST"},{"floor":49,"key":"REST"}],"circlet_count":0,"master_deck":["Streamline+1"],"relics":["Cracked Core","Unceasing Top","MutagenicStrength","Mark of the Bloom"],"acts_visited":["Exordium","TheCity","TheBeyond"],"potions_floor_usage":[],"damage_taken":[{"damage":1,"enemies":"Cultist","floor":1,"turns":3},{"damage":0,"enemies":"Small Slimes","floor":4,"turns":1},{"damage":0,"enemies":"Jaw Worm","floor":5,"turns":1},{"damage":0,"enemies":"3 Sentries","floor":7,"turns":1},{"damage":0,"enemies":"Exordium Thugs","floor":8,"turns":1},{"damage":0,"enemies":"Large Slime","floor":12,"turns":1},{"damage":0,"enemies":"3 Louse","floor":14,"turns":1},{"damage":0,"enemies":"Slime Boss","floor":16,"turns":1},{"damage":0,"enemies":"Spheric Guardian","floor":18,"turns":1},{"damage":0,"enemies":"Chosen","floor":22,"turns":1},{"damage":0,"enemies":"Snake Plant","floor":24,"turns":1},{"damage":0,"enemies":"Snecko","floor":28,"turns":1},{"damage":0,"enemies":"Sentry and Sphere","floor":30,"turns":1},{"damage":0,"enemies":"Colosseum Slavers","floor":31,"turns":1},{"damage":0,"enemies":"Collector","floor":33,"turns":1},{"damage":0,"enemies":"Orb Walker","floor":35,"turns":1},{"damage":0,"enemies":"3 Darklings","floor":37,"turns":1},{"damage":0,"enemies":"Transient","floor":42,"turns":1},{"damage":18,"enemies":"4 Shapes","floor":46,"turns":1},{"damage":9,"enemies":"Sphere and 2 Shapes","floor":47,"turns":1},{"damage":0,"enemies":"Writhing Mass","floor":48,"turns":1},{"damage":0,"enemies":"Donu and Deca","floor":50,"turns":1}],"seed_played":"7205603306212999390","potions_obtained":[{"floor":1,"key":"ColorlessPotion"}],"is_trial":false,"path_per_floor":["M","$","?","M","M","R","E","M","T","?","?","M","R","M","R","B",null,"M","?","?","?","M","R","M","T","T","R","M","R","M","?","R","B",null,"M","$","M","?","T","R","?","M","T","?","$","M","M","M","R","B",null],"character_chosen":"DEFECT","items_purchased":["Streamline"],"campfire_rested":8,"item_purchase_floors":[2],"current_hp_per_floor":[73,83,93,103,113,123,133,143,153,168,178,188,220,230,240,250,260,270,280,290,232,242,325,335,345,355,365,375,385,395,405,415,425,435,445,455,465,475,485,495,505,515,525,535,545,537,538,548,558,568],"gold":36,"neow_bonus":"ONE_RARE_RELIC","is_daily":false,"chose_seed":false,"campfire_upgraded":0,"win_rate":0.0,"timestamp":1614120610,"path_taken":["M","?","?","?","M","R","E","M","T","?","?","?","R","M","R","BOSS","M","?","?","?","M","R","M","?","T","R","?","R","M","?","R","BOSS","M","$","M","?","?","R","?","M","T","?","?","M","M","M","R","BOSS"],"items_purchased_type":["Card"],"build_version":"2020-12-22","purchased_purges":10,"victory":true,"max_hp_per_floor":[95,105,115,125,135,145,155,165,175,190,200,210,220,230,240,250,260,270,280,290,305,315,325,335,345,355,365,375,385,395,405,415,425,435,445,455,465,475,485,495,505,515,525,535,545,555,565,575,585,595],"card_choices":[{"not_picked":["Undo","Static Discharge","Steam Power"],"picked":"SKIP","floor":1},{"not_picked":["Steam","Rip and Tear","Gash"],"picked":"SKIP","floor":4},{"not_picked":["Hologram","Genetic Algorithm","Loop"],"picked":"SKIP","floor":5},{"not_picked":["Gash","Melter","Double Energy"],"picked":"SKIP","floor":7},{"not_picked":["Gash","Coolheaded","Beam Cell"],"picked":"SKIP","floor":8},{"not_picked":["Hello World","Self Repair","Redo"],"picked":"SKIP","floor":12},{"not_picked":["BootSequence","Gash","Multi-Cast"],"picked":"SKIP","floor":14},{"not_picked":["Consume+1","Coolheaded","Storm+1"],"picked":"SKIP","floor":18},{"not_picked":["Redo+1","Conserve Battery","Streamline"],"picked":"SKIP","floor":22},{"not_picked":["Redo","Darkness","Tempest"],"picked":"SKIP","floor":24},{"not_picked":["Self Repair","Sweeping Beam+1","Rebound+1"],"picked":"SKIP","floor":28},{"not_picked":["Coolheaded","Loop","Leap+1"],"picked":"SKIP","floor":30},{"not_picked":["Ball Lightning+1","Streamline+1","Conserve Battery+1"],"picked":"SKIP","floor":35},{"not_picked":["Sweeping Beam+1","Turbo+1","Chill+1"],"picked":"SKIP","floor":37},{"not_picked":["Gash+1","Leap","Barrage"],"picked":"SKIP","floor":42},{"not_picked":["Tempest","Ball Lightning+1","Darkness"],"picked":"SKIP","floor":46},{"not_picked":["Cold Snap","Streamline+1","Reprogram"],"picked":"SKIP","floor":47},{"not_picked":["Hologram","Redo","Glacier+1"],"picked":"SKIP","floor":48}],"player_experience":236585,"relics_obtained":[],"event_choices":[{"damage_healed":0,"gold_gain":0,"player_choice":"Upgraded","damage_taken":0,"max_hp_gain":0,"max_hp_loss":0,"event_name":"Upgrade Shrine","floor":3,"gold_loss":0,"cards_upgraded":["Streamline"]},{"damage_healed":0,"gold_gain":0,"player_choice":"Donut","damage_taken":0,"max_hp_gain":5,"max_hp_loss":0,"event_name":"Big Fish","floor":10,"gold_loss":0},{"damage_healed":0,"gold_gain":0,"player_choice":"Ignored","damage_taken":0,"max_hp_gain":0,"max_hp_loss":0,"event_name":"Accursed Blacksmith","floor":11,"gold_loss":0},{"damage_healed":0,"gold_gain":0,"player_choice":"Inject Mutagens","damage_taken":0,"relics_obtained":["MutagenicStrength"],"max_hp_gain":0,"max_hp_loss":0,"event_name":"Drug Dealer","floor":19,"gold_loss":0},{"damage_healed":0,"gold_gain":0,"player_choice":"Simplicity","damage_taken":0,"max_hp_gain":0,"max_hp_loss":0,"event_name":"Back to Basics","floor":20,"gold_loss":0,"cards_upgraded":[]},{"damage_healed":0,"gold_gain":0,"player_choice":"Shed Blood","damage_taken":73,"max_hp_gain":5,"max_hp_loss":0,"event_name":"Forgotten Altar","floor":21,"gold_loss":0},{"damage_healed":0,"gold_gain":0,"player_choice":"Fight","damage_taken":0,"max_hp_gain":0,"max_hp_loss":0,"event_name":"Colosseum","floor":31,"gold_loss":0},{"damage_healed":0,"gold_gain":0,"player_choice":"Fled From Nobs","damage_taken":0,"max_hp_gain":0,"max_hp_loss":0,"event_name":"Colosseum","floor":31,"gold_loss":0},{"damage_healed":0,"gold_gain":0,"player_choice":"Memory 1","damage_taken":0,"max_hp_gain":0,"max_hp_loss":0,"event_name":"SensoryStone","floor":38,"gold_loss":0},{"damage_healed":0,"gold_gain":0,"player_choice":"Ignored","damage_taken":0,"max_hp_gain":0,"max_hp_loss":0,"event_name":"Tomb of Lord Red Mask","floor":41,"gold_loss":0},{"damage_healed":0,"gold_gain":0,"player_choice":"Upgrade","damage_taken":0,"relics_obtained":["Mark of the Bloom"],"max_hp_gain":0,"max_hp_loss":0,"event_name":"MindBloom","floor":44,"gold_loss":0,"cards_upgraded":[]}],"is_beta":false,"boss_relics":[{"not_picked":["Philosopher\u0027s Stone","Velvet Choker","Runic Dome"]},{"not_picked":["Snecko Eye","SacredBark","Sozu"]}],"items_purged_floors":[2,2,2,2,2,2,2,2,2,2],"is_endless":false,"potions_floor_spawned":[1,8,14,18,28,33,35,37,42,48],"ascension_level":0}}