{"host":"xbdmg2vm5yvm04q9","time":1614063289,"event":{"mods":["Act Like it!","Aspiration","BaseMod","Colored Map","Colored Powertips","Conspire","Downfall","Minty Spire (QoL Compilation)","StSLib","The Blackbeard","The Jungle","Waifu the Spire","Wide Potions","【功能Mod】聪明的最终Boss","【遗物卡牌】REMEMod"],"gold_per_floor":[117,127,144,144,34,64,64,94,94,108,141,141,175,19,19,139,139,171,36,72,72,103,157,192,192,192,247,283,283,332,392,392,533,533,590,624,676,729,787,856,889,889,912,912,1015,1015,1025,1114,1114,1154,1154,1154,129,201,201],"floor_reached":56,"language":"ZHS","playtime":3457,"items_purged":["conspire:NecroticWound"],"score":1360,"play_id":"3999491a-8723-4b10-8584-1f20331e57c4","local_time":"20210223145449","is_ascension_mode":false,"campfire_choices":[{"data":"expansioncontent:StudyTheSpire","floor":7,"key":"SMITH"},{"data":"blackbeard:Cutlass","floor":12,"key":"SMITH"},{"floor":15,"key":"RECALL"},{"data":"blackbeard:CaptainsCabin","floor":29,"key":"SMITH"},{"data":"blackbeard:BeatUp","floor":32,"key":"SMITH"},{"floor":42,"key":"REST"},{"floor":44,"key":"REST"},{"data":"blackbeard:UndeadForm","floor":46,"key":"SMITH"},{"data":"blackbeard:WeaponProficiency","floor":49,"key":"SMITH"},{"data":"blackbeard:BrownPants","floor":52,"key":"SMITH"}],"circlet_count":0,"master_deck":["blackbeard:BlackbeardStrike","blackbeard:BlackbeardStrike","blackbeard:BlackbeardStrike","blackbeard:BlackbeardStrike","blackbeard:IntimidatingStrike","blackbeard:BlackbeardDefend","blackbeard:BlackbeardDefend","blackbeard:BlackbeardDefend","blackbeard:BlackbeardDefend","blackbeard:Cutlass+1","expansioncontent:StudyTheSpire+1","blackbeard:CaptainsCabin+1","blackbeard:SmithingHammer+1","blackbeard:JollyRoger","Injury","blackbeard:GoldenDefense+1","blackbeard:BuriedTreasure+1","blackbeard:WiseDefense+1","blackbeard:FieryDefense+1","blackbeard:BrownPants+1","blackbeard:UndeadForm+1","blackbeard:Spear+1","blackbeard:Spear+1","blackbeard:PowderKeg+1","blackbeard:SwordDance+1","blackbeard:Provisioning+1","blackbeard:CatONineTails+1","blackbeard:BuriedTreasure+1","blackbeard:BeatUp+1","blackbeard:MegaUpgrade+1","blackbeard:Spear+1","blackbeard:Spear+1","blackbeard:GoldenStrike+1","blackbeard:InfiniteBarrage+1","blackbeard:GhostInTheRum+1","blackbeard:Provisioning+1","blackbeard:Toast+1","blackbeard:Scrap+1","blackbeard:FieryDefense+1","blackbeard:WeaponProficiency+1","blackbeard:WeaponProficiency+1","blackbeard:BlindAttacks+1","REME_BodyOfCthun+1","REME_MagicPocketWatch+1","blackbeard:Eyepatch","blackbeard:FieryDefense+1","blackbeard:Lifeboat+1"],"relics":["blackbeard:LoadTheCannons","REME_ComplimentaryCards","Toxic Egg 2","conspire:DeflatedDodgeball","Bottled Lightning","MealTicket","Lee\u0027s Waffle","Cursed Key","theJungle:Flamango","StoneCalendar","Darkstone Periapt","Potion Belt","blackbeard:HipFlask","blackbeard:Karategi","Omamori","Centennial Puzzle","Prayer Wheel","Blood Vial","Strange Spoon","Anchor","HornCleat"],"acts_visited":["Exordium","Exordium","TheBeyond","TheEnding"],"potions_floor_usage":[6,10,16,16,23,24,30,31,33,33,33,33,33,36,37,37,38,38,39,39,40,41,45,45,45,45,47,48,48,48,50,50,50,50,50,50,50,54,54,55,55,55,55,55,55,55,55,55,55,55,55,55],"damage_taken":[{"damage":3,"enemies":"Jaw Worm","floor":1,"turns":4},{"damage":4,"enemies":"Cultist","floor":2,"turns":4},{"damage":0,"enemies":"2 Louse","floor":3,"turns":1},{"damage":5,"enemies":"Lagavulin","floor":6,"turns":5},{"damage":46,"enemies":"3 Sentries","floor":8,"turns":9},{"damage":0,"enemies":"Exordium Thugs","floor":10,"turns":1},{"damage":2,"enemies":"Blue Slaver","floor":11,"turns":5},{"damage":9,"enemies":"Lots of Slimes","floor":13,"turns":4},{"damage":21,"enemies":"Slime Boss","floor":16,"turns":8},{"damage":0,"enemies":"theJungle:MUSHROOMGANG","floor":18,"turns":3},{"damage":21,"enemies":"theJungle:Flameango_and_Byrd","floor":20,"turns":5},{"damage":15,"enemies":"theJungle:JungleHuntersEncounter","floor":22,"turns":6},{"damage":13,"enemies":"theJungle:Cassacara","floor":23,"turns":7},{"damage":47,"enemies":"theJungle:2_Flameangoes","floor":24,"turns":5},{"damage":17,"enemies":"theJungle:MamaSnecko","floor":27,"turns":6},{"damage":7,"enemies":"theJungle:SlimyTreeVines","floor":28,"turns":6},{"damage":7,"enemies":"theJungle:Cassacara","floor":30,"turns":7},{"damage":0,"enemies":"theJungle:Snecko_Cultist_And_Trap","floor":31,"turns":6},{"damage":2,"enemies":"theJungle:QueenSpyder","floor":33,"turns":8},{"damage":1,"enemies":"3 Shapes","floor":35,"turns":7},{"damage":7,"enemies":"Orb Walker","floor":36,"turns":4},{"damage":0,"enemies":"4 Shapes","floor":37,"turns":7},{"damage":30,"enemies":"Sphere and 2 Shapes","floor":38,"turns":6},{"damage":8,"enemies":"Maw","floor":39,"turns":7},{"damage":24,"enemies":"Giant Head","floor":40,"turns":7},{"damage":14,"enemies":"Jaw Worm Horde","floor":41,"turns":4},{"damage":6,"enemies":"Nemesis","floor":45,"turns":9},{"damage":0,"enemies":"Spire Growth","floor":47,"turns":1},{"damage":30,"enemies":"Maw","floor":48,"turns":9},{"damage":86,"enemies":"Awakened One","floor":50,"turns":11},{"damage":1,"enemies":"Shield and Spear","floor":54,"turns":5},{"damage":24,"enemies":"The Heart","floor":55,"turns":6}],"seed_played":"6644792755483078692","potions_obtained":[{"floor":3,"key":"Fruit Juice"},{"floor":8,"key":"Fire Potion"},{"floor":10,"key":"Energy Potion"},{"floor":11,"key":"GamblersBrew"},{"floor":16,"key":"blackbeard:OrangeJuicePotion"},{"floor":22,"key":"LiquidBronze"},{"floor":23,"key":"DistilledChaos"},{"floor":27,"key":"Regen Potion"},{"floor":30,"key":"AttackPotion"},{"floor":33,"key":"SpeedPotion"},{"floor":37,"key":"PowerPotion"},{"floor":45,"key":"SmokeBomb"},{"floor":47,"key":"AttackPotion"},{"floor":48,"key":"EntropicBrew"},{"floor":54,"key":"AttackPotion"}],"is_trial":false,"path_per_floor":["M","M","M","?","?","E","R","E","T","M","M","R","M","$","R","B",null,"M","?","M","?","M","E","M","?","T","E","M","R","E","M","R","B",null,"M","M","M","M","M","E","M","R","T","R","E","R","M","M","R","B",null,"R","$","E","B",null],"character_chosen":"BLACKBEARD_CLASS","items_purchased":["Lee\u0027s Waffle","Blood Vial","Strange Spoon","Anchor","REME_BodyOfCthun+1","REME_MagicPocketWatch+1","SpeedPotion","Swift Potion","SteroidPotion","blackbeard:Eyepatch","blackbeard:FieryDefense+1"],"campfire_rested":2,"item_purchase_floors":[14,53,53,53,53,53,53,53,53,53,53],"current_hp_per_floor":[79,75,75,75,75,82,82,36,36,36,34,34,25,101,101,80,101,101,101,80,80,65,52,5,111,111,94,93,93,86,86,86,99,111,110,103,111,81,73,49,35,68,68,101,105,105,105,75,75,4,111,111,111,110,87],"gold":201,"neow_bonus":"TEN_PERCENT_HP_BONUS","is_daily":false,"chose_seed":false,"campfire_upgraded":7,"win_rate":0.0,"timestamp":1614063289,"path_taken":["M","M","M","?","?","E","R","E","T","M","M","R","?","$","R","BOSS","M","?","M","?","M","E","?","?","T","E","M","R","E","M","R","BOSS","M","M","?","M","M","E","M","R","T","R","E","R","M","M","R","BOSS","R","$","E","BOSS"],"items_purchased_type":["Relic","Relic","Relic","Relic","Card","Card","Potion","Potion","Potion","Card","Card"],"build_version":"2020-12-22","purchased_purges":1,"victory":true,"max_hp_per_floor":[82,82,82,82,82,94,94,94,94,94,94,94,94,101,101,101,101,101,101,101,101,101,101,101,111,111,111,111,111,111,111,111,111,111,111,111,111,111,111,111,111,111,111,111,111,111,111,111,111,111,111,111,111,111,111],"card_choices":[{"not_picked":["blackbeard:Sword","blackbeard:Recklessness"],"picked":"blackbeard:CaptainsCabin","floor":1},{"not_picked":["blackbeard:PiratesWill","blackbeard:Dagger"],"picked":"blackbeard:SmithingHammer","floor":2},{"not_picked":["blackbeard:Shrapnel","blackbeard:BlindAttacks"],"picked":"blackbeard:JollyRoger","floor":3},{"not_picked":["blackbeard:Dagger+1","blackbeard:CannonballSupply+1"],"picked":"blackbeard:GoldenDefense+1","floor":6},{"not_picked":["blackbeard:Boarding","blackbeard:GoldenStrike"],"picked":"blackbeard:BuriedTreasure+1","floor":8},{"not_picked":["blackbeard:GoldenDefense+1","blackbeard:Shrapnel"],"picked":"blackbeard:WiseDefense+1","floor":10},{"not_picked":["blackbeard:Fencing+1","blackbeard:TacticalRetreat+1"],"picked":"blackbeard:FieryDefense+1","floor":11},{"not_picked":["blackbeard:SwordDance+1","blackbeard:RearmingStrike"],"picked":"blackbeard:BrownPants","floor":13},{"not_picked":["blackbeard:PowerHungry+1","blackbeard:BoostMorale+1"],"picked":"blackbeard:UndeadForm","floor":16},{"not_picked":["blackbeard:FieryDefense+1","blackbeard:TacticalRetreat+1"],"picked":"blackbeard:Spear+1","floor":18},{"not_picked":["blackbeard:WiseDefense+1","blackbeard:DangerousBlow"],"picked":"blackbeard:Spear+1","floor":20},{"not_picked":["blackbeard:Sword+1","blackbeard:InfiniteBarrage+1"],"picked":"blackbeard:PowderKeg+1","floor":22},{"not_picked":["blackbeard:CannonballSupply+1","blackbeard:BlindAttacks"],"picked":"blackbeard:Intoxication","floor":23},{"not_picked":["blackbeard:BeatUp","blackbeard:GoldenCannonball"],"picked":"blackbeard:SwordDance+1","floor":24},{"not_picked":["blackbeard:Parrot","blackbeard:RearmingStrike"],"picked":"blackbeard:Provisioning+1","floor":27},{"not_picked":["blackbeard:CloakAndCannonball+1","blackbeard:BlindAttacks+1"],"picked":"blackbeard:CatONineTails+1","floor":28},{"not_picked":["blackbeard:DangerousBlow","blackbeard:BrownPants"],"picked":"blackbeard:BuriedTreasure+1","floor":30},{"not_picked":["blackbeard:WiseDefense+1","blackbeard:DeadlyArsenal+1"],"picked":"blackbeard:BeatUp","floor":31},{"not_picked":["blackbeard:Salvager","blackbeard:Parrot"],"picked":"blackbeard:MegaUpgrade+1","floor":33},{"not_picked":["blackbeard:CloakAndCannonball+1","blackbeard:GoldenDefense+1"],"picked":"blackbeard:Spear+1","floor":35},{"not_picked":["blackbeard:GoldenDefense+1","blackbeard:WiseDefense+1"],"picked":"blackbeard:Spear+1","floor":36},{"not_picked":["blackbeard:CannonballSupply+1","blackbeard:Upgrade+1"],"picked":"blackbeard:GoldenStrike+1","floor":37},{"not_picked":["blackbeard:Sword+1","blackbeard:BeatUp"],"picked":"blackbeard:InfiniteBarrage+1","floor":38},{"not_picked":["blackbeard:BeatUp+1","blackbeard:DeadlyArsenal+1"],"picked":"blackbeard:GhostInTheRum+1","floor":39},{"not_picked":["blackbeard:Fencing+1","blackbeard:RearmingStrike"],"picked":"blackbeard:Provisioning+1","floor":40},{"not_picked":["blackbeard:Sword+1","blackbeard:GoldenStrike"],"picked":"blackbeard:Toast+1","floor":41},{"not_picked":["blackbeard:SmithingHammer+1","blackbeard:Salvager"],"picked":"blackbeard:Scrap+1","floor":45},{"not_picked":["blackbeard:TacticalRetreat+1","blackbeard:SmithingHammer+1"],"picked":"blackbeard:FieryDefense+1","floor":47},{"not_picked":["blackbeard:SmithingHammer+1","blackbeard:Toast+1"],"picked":"blackbeard:WeaponProficiency","floor":47},{"not_picked":["blackbeard:GoldenCannonball+1","blackbeard:Spear+1"],"picked":"blackbeard:WeaponProficiency+1","floor":48},{"not_picked":["blackbeard:RearmingStrike+1","blackbeard:TacticalRetreat+1"],"picked":"blackbeard:BlindAttacks+1","floor":48},{"not_picked":["blackbeard:Spear+1","blackbeard:Bandana+1"],"picked":"blackbeard:Lifeboat+1","floor":54}],"player_experience":78837,"relics_obtained":[{"floor":6,"key":"Bottled Lightning"},{"floor":8,"key":"MealTicket"},{"floor":23,"key":"StoneCalendar"},{"floor":26,"key":"Darkstone Periapt"},{"floor":27,"key":"Potion Belt"},{"floor":30,"key":"blackbeard:HipFlask"},{"floor":40,"key":"Omamori"},{"floor":43,"key":"Centennial Puzzle"},{"floor":45,"key":"Prayer Wheel"},{"floor":54,"key":"HornCleat"}],"event_choices":[{"damage_healed":0,"gold_gain":0,"player_choice":"Paid Gold","damage_taken":0,"relics_obtained":["conspire:DeflatedDodgeball"],"max_hp_gain":0,"max_hp_loss":0,"event_name":"WeMeetAgain","floor":5,"gold_loss":110},{"damage_healed":0,"gold_gain":0,"player_choice":"Upgraded","damage_taken":0,"max_hp_gain":0,"max_hp_loss":0,"event_name":"Upgrade Shrine","floor":21,"gold_loss":0,"cards_upgraded":["blackbeard:SmithingHammer"]},{"cards_removed":["blackbeard:Intoxication"],"damage_healed":96,"gold_gain":0,"player_choice":"Offered Rare","damage_taken":0,"max_hp_gain":10,"max_hp_loss":0,"event_name":"Bonfire Elementals","floor":25,"gold_loss":0}],"is_beta":false,"boss_relics":[{"not_picked":["REME_ChargedStone","REME_DemonsWealth"],"picked":"Cursed Key"},{"not_picked":["Black Star","Pandora\u0027s Box"],"picked":"blackbeard:Karategi"}],"items_purged_floors":[53],"is_endless":false,"potions_floor_spawned":[3,8,10,11,16,22,23,27,30,33,37,40,45,47,48,54],"ascension_level":0}}