{"host":"290egjt91b2tngam","time":1614089283,"event":{"mods":["BaseMod","Colored Map","Colored Powertips","Downfall","Hubris","Infinite Spire","Marisa????????","Minty Spire (QoL Compilation)","Replay The Spire","StSLib","The Bug Knight","The Cursed","The Servant 0.9.4"],"gold_per_floor":[144,197,197,197,122,212,212,257,257,302,347,437,437,437,437,737,737,782,827,872,917,917,1007,1007,1152,1152,602,602,647,737,782,782,1082,1082,1127,1172,1220,795,840,840,930,930,930,930,1025,1005,1005,1055,1055,1355,1355,1394,1434,1434,1434,1476,1555,1594,1594,1619,1619,1619,1660,1510,1592,1592,1891,1891,1924,1962,1412,1444,1444,1514,1551,1592,1617,1650,1726,1761,1761,1791,1791,2067,2067,2102,2102,2102,2102],"floor_reached":87,"language":"ENG","playtime":7987,"items_purged":["Regret","Pain","Replay:Sluggish"],"score":1673,"play_id":"cc09766f-2f55-4092-9b61-e2f951ae44f1","local_time":"20210223210803","daily_mods":["Cursed Run","Purple Cards","Midas"],"is_ascension_mode":false,"campfire_choices":[{"floor":7.0,"key":"REST"},{"floor":13.0,"key":"REST"},{"floor":15.0,"key":"REST"},{"floor":32.0,"key":"REST"},{"data":"1","floor":40.0,"key":"LIFT"},{"floor":47.0,"key":"REST"},{"data":"hubris:Greed","floor":49.0,"key":"PURGE"},{"data":"2","floor":61.0,"key":"LIFT"},{"data":"3","floor":66.0,"key":"LIFT"},{"floor":81.0,"key":"REST"},{"floor":83,"key":"REST"}],"circlet_count":0,"master_deck":["bronze:Strike","bronze:Strike","bronze:Strike+1","bronze:Strike","bronze:Defend+1","bronze:Defend","bronze:Defend","bronze:Defend","bronze:Replicate+1","bronze:Goto+1","Conclude+1","bronze:Iterate","Swivel+1","Delirium","bronze:FineTuning","WreathOfFlame","Blasphemy+1","Writhe","bronze:AlphaBuild+1","bronze:Separator","bronze:DelayedGuard+1","bronze:Optimize","bronze:CloningBeam","TheCursedMod:Dregs","Replay:AllIn+1","bronze:FineTuning+1","bronze:SpaghettiCode","bronze:Separator+1","Crescendo+1","infinitespire:SevenWalls","Decay","bronze:BurnOut","Replay:Vibes","bronze:Fortify+1","Scrawl","bronze:Mutator","infinitespire:Execution","bronze:Terminator","infinitespire:Gouge","bronze:MaxOutput+1","infinitespire:UltimateForm+1","bronze:Flail","Vault","bronze:BuggyMess+1","downfall:Bewildered","downfall:Malfunctioning","bronze:Hardcode"],"relics":["Cursed Key","Darkstone Periapt","Du-Vu Doll","hubris:Towel","Replay:Ringing Soul","Shuriken","Garlic","ReplayFunnel","WarpedTongs","Fusion Hammer","hubris:Icosahedron","Slimebound:StickyStick","Red Mask","Pondfish Scales","Sling","Girya","Potion Belt","sneckomod:SneckoTalon","Ice Cream","FossilizedHelix","Ornamental Fan","champ:Barbells","Whetstone","ReplayTheSpireMod:Lightbulb","bronze:ElectromagneticCoil","Omamori","Smiling Mask","hubris:OldNail","hubris:AstralHammer","ClockworkSouvenir","Quantum Egg","hubris:Backtick","hubris:Metronome","Replay:PocketPolymizer","bronze:DecasWashers","hubris:SlimyHat","infinitespire:WardingShard","BranchBurnRelic","Snecko Heart"],"acts_visited":["Exordium","TheCity","TheBeyond","Exordium","TheCity","TheBeyond"],"potions_floor_usage":[],"damage_taken":[{"damage":1.0,"enemies":"2 Louse","floor":1.0,"turns":3.0},{"damage":14.0,"enemies":"Replay:BlueRogue","floor":6.0,"turns":5.0},{"damage":7.0,"enemies":"Small Slimes","floor":8.0,"turns":2.0},{"damage":0.0,"enemies":"Jaw Worm","floor":10.0,"turns":2.0},{"damage":0.0,"enemies":"2 Fungi Beasts","floor":11.0,"turns":2.0},{"damage":0.0,"enemies":"Gremlin Nob","floor":12.0,"turns":2.0},{"damage":21.0,"enemies":"The Guardian","floor":16.0,"turns":6.0},{"damage":2.0,"enemies":"Chosen","floor":18.0,"turns":3.0},{"damage":8.0,"enemies":"2 Thieves","floor":19.0,"turns":4.0},{"damage":1.0,"enemies":"Chosen and Byrds","floor":20.0,"turns":5.0},{"damage":4.0,"enemies":"Centurion and Healer","floor":21.0,"turns":5.0},{"damage":27.0,"enemies":"Nightmare","floor":23.0,"turns":8.0},{"damage":16.0,"enemies":"Masked Bandits","floor":24.0,"turns":4.0},{"damage":2.0,"enemies":"Snake Plant","floor":25.0,"turns":5.0},{"damage":0.0,"enemies":"Shelled Parasite and Fungi","floor":29.0,"turns":3.0},{"damage":3.0,"enemies":"Slavers","floor":30.0,"turns":3.0},{"damage":0.0,"enemies":"Centurion and Healer","floor":31.0,"turns":6.0},{"damage":13.0,"enemies":"Champ","floor":33.0,"turns":9.0},{"damage":15.0,"enemies":"3 Darklings","floor":35.0,"turns":4.0},{"damage":0.0,"enemies":"Orb Walker","floor":36.0,"turns":2.0},{"damage":4.0,"enemies":"2 Orb Walkers","floor":37.0,"turns":3.0},{"damage":0.0,"enemies":"3 Darklings","floor":39.0,"turns":4.0},{"damage":0.0,"enemies":"R_Hoarder","floor":41.0,"turns":7.0},{"damage":51.0,"enemies":"Reptomancer","floor":45.0,"turns":9.0},{"damage":0.0,"enemies":"Jaw Worm Horde","floor":48.0,"turns":3.0},{"damage":22.0,"enemies":"Time Eater","floor":50.0,"turns":6.0},{"damage":0.0,"enemies":"Small Slimes","floor":52.0,"turns":2.0},{"damage":0.0,"enemies":"Jaw Worm","floor":53.0,"turns":2.0},{"damage":0.0,"enemies":"Cultist","floor":56.0,"turns":1.0},{"damage":0.0,"enemies":"Lagavulin","floor":57.0,"turns":3.0},{"damage":0.0,"enemies":"2 Fungi Beasts","floor":58.0,"turns":2.0},{"damage":0.0,"enemies":"3 Louse","floor":63.0,"turns":2.0},{"damage":0.0,"enemies":"Gremlin Nob","floor":65.0,"turns":2.0},{"damage":0.0,"enemies":"Slime Boss","floor":67.0,"turns":1.0},{"damage":0.0,"enemies":"Shell Parasite","floor":69.0,"turns":3.0},{"damage":0.0,"enemies":"Spheric Guardian","floor":70.0,"turns":1.0},{"damage":0.0,"enemies":"Centurion and Healer","floor":72.0,"turns":3.0},{"damage":60.0,"enemies":"Nightmare","floor":74.0,"turns":5.0},{"damage":0.0,"enemies":"Snecko","floor":75.0,"turns":2.0},{"damage":0.0,"enemies":"Shelled Parasite and Fungi","floor":76.0,"turns":1.0},{"damage":0.0,"enemies":"Chosen and Byrds","floor":78.0,"turns":2.0},{"damage":15.0,"enemies":"Book of Stabbing","floor":79.0,"turns":3.0},{"damage":0.0,"enemies":"Centurion and Healer","floor":80.0,"turns":2.0},{"damage":25,"enemies":"Shelled Parasite and Fungi","floor":82,"turns":3},{"damage":0,"enemies":"Collector","floor":84,"turns":4},{"damage":0,"enemies":"3 Darklings","floor":86,"turns":2},{"damage":0,"enemies":"3 Shapes","floor":87,"turns":1}],"seed_played":"-9004314451342404475","potions_obtained":[{"floor":6.0,"key":"AttackPotion"},{"floor":8.0,"key":"Swift Potion"},{"floor":10.0,"key":"AttackPotion"},{"floor":20.0,"key":"Explosive Potion"},{"floor":25.0,"key":"hexamod:SoulburnPotion"},{"floor":31.0,"key":"SteroidPotion"},{"floor":33.0,"key":"ColorlessPotion"},{"floor":37.0,"key":"DistilledChaos"},{"floor":45.0,"key":"hexamod:SoulburnPotion"},{"floor":46.0,"key":"AttackPotion"},{"floor":67.0,"key":"AttackPotion"},{"floor":78.0,"key":"Fruit Juice"},{"floor":80.0,"key":"Milkshake"}],"is_trial":false,"path_per_floor":["M","?","?","?","$","E","R","M","T","M","M","E","R","?","R","B",null,"M","M","M","M","?","NM","?","M","T","$","?","M","E","M","R","B",null,"M","M","?","$","M","R","E","AVR","T","?","E","?","R","M","R_BF","B",null,"M","M","?","?","M","E","M","?","T","R","AVR","M","$","E","R_BF","B",null,"M","M","$","M","?","NM","M","M","T","M","E","M","R","M","R","B",null,"M","M"],"character_chosen":"THE_AUTOMATON","items_purchased":["Sling","Girya","FossilizedHelix","ClockworkSouvenir","hubris:Metronome","Replay:PocketPolymizer"],"campfire_rested":7,"item_purchase_floors":[27,27,38,64,71,71],"current_hp_per_floor":[69,69,69,78,78,67,82,78,87,90,93,96,103,112,112,100,121,122,114,116,112,112,103,90,91,100,100,105,108,108,108,151,147,160,145,148,147,147,147,147,147,147,156,114,63,63,116,116,116,103,187,190,193,193,193,193,196,196,196,196,196,199,199,199,199,199,202,202,205,205,205,205,205,148,151,151,160,165,153,153,233,211,249,258,258,258,258,258,258],"gold":2102,"neow_bonus":"","is_daily":true,"chose_seed":false,"campfire_upgraded":0,"win_rate":0.0,"timestamp":1614089283,"path_taken":["M","?","?","?","$","E","R","M","T","M","?","E","R","?","R","BOSS","M","M","?","M","?","NM","?","M","T","$","?","M","E","M","R","BOSS","M","M","?","$","M","R","E","AVR","T","?","E","?","R","M","R_BF","BOSS","M","M","?","?","M","E","?","?","T","R","AVR","M","$","E","R_BF","BOSS","M","M","$","M","?","NM","M","M","T","M","E","M","R","M","R","BOSS","M","?"],"items_purchased_type":["Relic","Relic","Relic","Relic","Relic","Relic"],"build_version":"2020-12-22","purchased_purges":3,"victory":false,"max_hp_per_floor":[70,70,70,79,79,82,82,85,94,97,100,103,103,112,112,121,121,124,124,127,127,127,130,133,136,145,145,145,148,151,151,151,160,160,160,163,166,166,166,166,166,166,175,178,178,178,178,178,178,187,187,190,193,193,193,193,196,196,196,196,196,199,199,199,199,199,202,202,205,205,205,205,205,208,211,211,220,225,228,228,237,240,249,258,258,258,258,258,258],"card_choices":[{"not_picked":["TalkToTheHand","bronze:DelayedSlice"],"picked":"Conclude","floor":1.0},{"not_picked":["bronze:Constructor","SandsOfTime"],"picked":"bronze:Iterate","floor":6.0},{"not_picked":["WreathOfFlame","FollowUp"],"picked":"Swivel","floor":8.0},{"not_picked":["bronze:BitShift","bronze:OilSpill"],"picked":"bronze:FineTuning","floor":10.0},{"not_picked":["bronze:Turbo","FlyingSleeves"],"picked":"WreathOfFlame","floor":11.0},{"not_picked":["Worship","bronze:WildBeam"],"picked":"Blasphemy","floor":12.0},{"not_picked":["bronze:Break","Brilliance"],"picked":"bronze:AlphaBuild","floor":16.0},{"not_picked":["ReachHeaven+1","JustLucky"],"picked":"FollowUp","floor":18.0},{"not_picked":["SandsOfTime+1","FlurryOfBlows","Study"],"picked":"SKIP","floor":19.0},{"not_picked":["bronze:DigitalCarnage","Replay:DivineShield"],"picked":"bronze:Separator","floor":20.0},{"not_picked":["Replay:ManipulateFuture","Replay:AtTheReady","Replay:Battleflow+1"],"picked":"SKIP","floor":21.0},{"not_picked":["CarveReality","bronze:Backtrace"],"picked":"bronze:DelayedGuard+1","floor":23.0},{"not_picked":["bronze:CutThrough","CutThroughFate"],"picked":"bronze:Optimize","floor":24.0},{"not_picked":["CarveReality","ConjureBlade"],"picked":"bronze:CloningBeam","floor":25.0},{"not_picked":["bronze:DelayedGuard","Replay:AtTheReady"],"picked":"Replay:AllIn","floor":29.0},{"not_picked":["bronze:Mutator","Worship+1"],"picked":"bronze:FineTuning","floor":30.0},{"not_picked":["JustLucky","Halt","bronze:Branch"],"picked":"SKIP","floor":31.0},{"not_picked":["Scrawl","MasterReality"],"picked":"bronze:SpaghettiCode","floor":33.0},{"not_picked":["Nirvana+1","Evaluate","bronze:Shield"],"picked":"SKIP","floor":35.0},{"not_picked":["Consecrate+1","bronze:Deprecate+1"],"picked":"bronze:Separator+1","floor":36.0},{"not_picked":["bronze:WildBeam","BowlingBash"],"picked":"Crescendo+1","floor":37.0},{"not_picked":["SandsOfTime","bronze:FineTuning+1","Replay:ManipulateFuture"],"picked":"SKIP","floor":39.0},{"not_picked":["Protect+1","FlurryOfBlows+1","bronze:Break"],"picked":"SKIP","floor":41.0},{"not_picked":["infinitespire:Starlight","infinitespire:Oblivion"],"picked":"infinitespire:SevenWalls","floor":44.0},{"not_picked":["ThirdEye+1","bronze:BugBarrage","Prostrate"],"picked":"SKIP","floor":45.0},{"not_picked":["Conclude","SignatureMove","Perseverance"],"picked":"SKIP","floor":48.0},{"not_picked":["bronze:Break","bronze:RecursiveStrike"],"picked":"bronze:BurnOut","floor":50.0},{"not_picked":["Prostrate","bronze:Turbo"],"picked":"Replay:Vibes","floor":52.0},{"not_picked":["Replay:ManipulateFuture","FlurryOfBlows"],"picked":"bronze:Fortify","floor":53.0},{"not_picked":["FlurryOfBlows","FollowUp","DeceiveReality"],"picked":"SKIP","floor":56.0},{"not_picked":["bronze:Refactor","TalkToTheHand"],"picked":"Scrawl","floor":57.0},{"not_picked":["CutThroughFate","bronze:ForLoop","bronze:Turbo"],"picked":"SKIP","floor":58.0},{"not_picked":["Wallop","bronze:WildBeam","bronze:Break"],"picked":"SKIP","floor":63.0},{"not_picked":["bronze:ForLoop","bronze:CloningBeam","bronze:CutThrough"],"picked":"SKIP","floor":65.0},{"not_picked":["bronze:ThunderWave","bronze:Break"],"picked":"bronze:Mutator","floor":67.0},{"not_picked":["infinitespire:Gouge","infinitespire:Starlight"],"picked":"infinitespire:Execution","floor":67.0},{"not_picked":["Replay:ManipulateFuture","bronze:ChildClass"],"picked":"bronze:Terminator","floor":69.0},{"not_picked":["Replay:ManipulateFuture","ReachHeaven","EmptyBody"],"picked":"SKIP","floor":70.0},{"not_picked":["bronze:BronzeArmor","CutThroughFate","Wireheading"],"picked":"SKIP","floor":72.0},{"not_picked":["ReplayTheSpireMod:Chaos Vortex","infinitespire:Menacing"],"picked":"infinitespire:Gouge","floor":74.0},{"not_picked":["bronze:Repulsor","Replay:Cycle"],"picked":"bronze:MaxOutput+1","floor":74.0},{"not_picked":["ReplayTheSpireMod:Black Plague","ReplayTheSpireMod:Haul"],"picked":"infinitespire:UltimateForm","floor":75.0},{"not_picked":["ThirdEye","EmptyFist"],"picked":"bronze:Flail","floor":75.0},{"not_picked":["FlurryOfBlows","bronze:Constructor","bronze:ClassDefault+1"],"picked":"SKIP","floor":76.0},{"not_picked":["WindmillStrike","ReachHeaven","Replay:ManipulateFuture"],"picked":"SKIP","floor":78.0},{"not_picked":["Replay:AllIn","Nirvana"],"picked":"Vault","floor":79.0},{"not_picked":["Weave","FlyingSleeves","bronze:ForceShield"],"picked":"SKIP","floor":80.0},{"not_picked":["Crescendo","bronze:Return"],"picked":"bronze:BuggyMess+1","floor":82},{"not_picked":["MasterReality","Vault"],"picked":"bronze:Hardcode","floor":84},{"not_picked":["ThirdEye","Halt+1","CarveReality+1"],"picked":"SKIP","floor":86}],"player_experience":763346,"relics_obtained":[{"floor":6.0,"key":"Shuriken"},{"floor":9.0,"key":"Garlic"},{"floor":12.0,"key":"ReplayFunnel"},{"floor":23.0,"key":"Slimebound:StickyStick"},{"floor":24.0,"key":"Red Mask"},{"floor":26.0,"key":"Pondfish Scales"},{"floor":30.0,"key":"Potion Belt"},{"floor":37.0,"key":"Ice Cream"},{"floor":41.0,"key":"Ornamental Fan"},{"floor":43.0,"key":"Whetstone"},{"floor":45.0,"key":"ReplayTheSpireMod:Lightbulb"},{"floor":54.0,"key":"Omamori"},{"floor":57.0,"key":"Smiling Mask"},{"floor":60.0,"key":"hubris:OldNail"},{"floor":65.0,"key":"Quantum Egg"},{"floor":74.0,"key":"bronze:DecasWashers"},{"floor":77.0,"key":"hubris:SlimyHat"},{"floor":79.0,"key":"infinitespire:WardingShard"}],"event_choices":[{"damage_healed":0.0,"max_hp_gain":0.0,"max_hp_loss":0.0,"gold_gain":53.0,"event_name":"Golden Wing","player_choice":"Gained Gold","floor":2.0,"gold_loss":0.0,"damage_taken":0.0},{"damage_healed":0.0,"max_hp_gain":0.0,"max_hp_loss":0.0,"gold_gain":0.0,"event_name":"Big Fish","player_choice":"Box","floor":4.0,"gold_loss":0.0,"damage_taken":0.0,"relics_obtained":["Replay:Ringing Soul"],"cards_obtained":["Regret"]},{"damage_healed":0.0,"max_hp_gain":0.0,"max_hp_loss":0.0,"gold_gain":0.0,"event_name":"Masked Bandits","player_choice":"Fought Bandits","floor":24.0,"gold_loss":0.0,"damage_taken":0.0},{"cards_removed":["FollowUp"],"damage_healed":5.0,"max_hp_gain":0.0,"max_hp_loss":0.0,"gold_gain":0.0,"event_name":"Bonfire Elementals","player_choice":"Offered Common","floor":28.0,"gold_loss":0.0,"damage_taken":0.0},{"cards_removed":["FollowUp"],"damage_healed":5.0,"max_hp_gain":0.0,"max_hp_loss":0.0,"gold_gain":0.0,"event_name":"Bonfire Elementals","player_choice":"Offered Special","floor":28.0,"gold_loss":0.0,"damage_taken":0.0},{"damage_healed":0.0,"max_hp_gain":0.0,"max_hp_loss":0.0,"gold_gain":0.0,"event_name":"Mysterious Sphere","player_choice":"Fight","floor":37.0,"gold_loss":0.0,"damage_taken":0.0},{"damage_healed":0.0,"max_hp_gain":0.0,"max_hp_loss":0.0,"gold_gain":0.0,"event_name":"The Woman in Blue","player_choice":"Bought 1 Potion","floor":46.0,"gold_loss":0.0,"damage_taken":0.0},{"damage_healed":0.0,"max_hp_gain":0.0,"max_hp_loss":0.0,"gold_gain":0.0,"event_name":"The Woman in Blue","player_choice":"Bought 0 Potions","floor":59.0,"gold_loss":0.0,"damage_taken":0.0},{"damage_healed":0.0,"max_hp_gain":0.0,"max_hp_loss":0.0,"gold_gain":0.0,"event_name":"Upgrade Shrine","player_choice":"Upgraded","floor":73.0,"gold_loss":0.0,"damage_taken":0.0,"cards_upgraded":["Blasphemy"]}],"is_beta":false,"boss_relics":[{"not_picked":["bronze:MakeshiftBattery","Replay:Drink Me"],"picked":"Fusion Hammer"},{"not_picked":["infinitespire:Cupcake","Coffee Dripper"],"picked":"sneckomod:SneckoTalon"},{"not_picked":["SacredBark","Honey Jar"],"picked":"bronze:ElectromagneticCoil"},{"not_picked":["hubris:HollowSoul","expansioncontent:StudyCardRelic"],"picked":"hubris:Backtick"},{"not_picked":["Kintsugi","Empty Cage"],"picked":"Snecko Heart"}],"items_purged_floors":[5,27,38],"is_endless":true,"potions_floor_spawned":[6,8,10,12,20,21,25,31,33,36,37,45,50,56,58,63,67,70,75,78,80,86],"killed_by":"3 Shapes","ascension_level":0}}