{"host":"72n3jwtrlpjobydj","time":1614072799,"event":{"mods":["AchievementEnabler","Act Like it!","Arknights","BaseMod","CapriCore","DeckTracker","Hermit","Koishi","Lobotomy","Marisa£¨Ùöéë¡¡Øª×âÞÞ£©","Minty Spire (QoL Compilation)","Permanent Neow","StSLib","SuperFastMode","The Cursed","The Gatherer","The Hierophant","The Immortal"],"gold_per_floor":[114,114,39,57,73,73,103,121,121,148,72,89,89,89,89,190,190,209,124,137,37,37,37,69,69,144,144,162,37,37,64,76,88,88],"floor_reached":33,"language":"KOR","playtime":597,"items_purged":["Strike_R","Bash","Parasite"],"score":285,"play_id":"8881f438-e184-4ab5-9b8e-2019e61b5e1e","local_time":"20210223183319","is_ascension_mode":true,"campfire_choices":[{"floor":6,"key":"RECALL"},{"floor":13,"key":"REST"},{"data":"Perfected Strike","floor":15,"key":"SMITH"},{"floor":23,"key":"REST"},{"floor":25,"key":"REST"},{"floor":30,"key":"REST"},{"floor":32,"key":"REST"}],"circlet_count":0,"master_deck":["Strike_R+1","Strike_R+1","Strike_R+1","Strike_R+1","Defend_R+1","Defend_R+1","Defend_R+1","Defend_R+1","Shrug It Off","Perfected Strike","Perfected Strike","Perfected Strike+1","Pommel Strike","CurseOfTheBell","Bloodletting+1"],"relics":["Burning Blood","NeowsBlessing","Question Card","StrikeDummy","HornCleat","Calling Bell","Blood Vial","Pantograph","Champion Belt","Oddly Smooth Stone","Bag of Marbles","Nilry\u0027s Codex","MawBank"],"acts_visited":["Exordium","TheCity"],"potions_floor_usage":[7,7,24,24,24,33],"damage_taken":[{"damage":0,"enemies":"2 Louse","floor":1,"turns":1},{"damage":0,"enemies":"Cultist","floor":4,"turns":1},{"damage":0,"enemies":"Jaw Worm","floor":5,"turns":1},{"damage":38,"enemies":"3 Sentries","floor":7,"turns":8},{"damage":14,"enemies":"Blue Slaver","floor":8,"turns":5},{"damage":23,"enemies":"Gremlin Nob","floor":10,"turns":4},{"damage":0,"enemies":"Exordium Wildlife","floor":12,"turns":2},{"damage":59,"enemies":"Hexaghost","floor":16,"turns":8},{"damage":0,"enemies":"Spheric Guardian","floor":18,"turns":3},{"damage":40,"enemies":"3 Byrds","floor":20,"turns":6},{"damage":43,"enemies":"Gremlin Leader","floor":24,"turns":7},{"damage":15,"enemies":"Centurion and Healer","floor":28,"turns":6},{"damage":122,"enemies":"Collector","floor":33,"turns":6}],"seed_played":"8613978935305214533","potions_obtained":[{"floor":1,"key":"Explosive Potion"},{"floor":2,"key":"CultistPotion"},{"floor":2,"key":"FairyPotion"},{"floor":20,"key":"EntropicBrew"},{"floor":24,"key":"ElixirPotion"}],"is_trial":false,"path_per_floor":["M","?","$","M","M","R","E","M","T","E","$","M","R","?","R","B",null,"M","?","M","$","?","R","E","R","T","?","M","$","R","T","R","B"],"character_chosen":"IRONCLAD","items_purchased":["Perfected Strike","Pommel Strike"],"campfire_rested":5,"item_purchase_floors":[11,11],"current_hp_per_floor":[80,80,80,80,80,80,48,40,40,23,23,29,53,73,73,20,80,80,80,46,46,46,70,35,59,59,43,36,36,59,59,77,0,0],"gold":88,"neow_bonus":"THREE_ENEMY_KILL","is_daily":false,"chose_seed":false,"campfire_upgraded":1,"win_rate":0.0,"timestamp":1614072799,"path_taken":["M","?","$","M","M","R","E","?","T","E","$","M","R","?","R","BOSS","M","?","M","$","?","R","E","R","T","?","M","$","R","?","R","BOSS"],"items_purchased_type":["Card","Card"],"build_version":"2020-12-22","purchased_purges":3,"victory":false,"max_hp_per_floor":[80,80,80,80,80,80,80,80,80,80,80,80,80,80,80,80,80,80,80,80,80,80,80,80,80,80,80,80,77,77,77,77,77,77],"card_choices":[{"not_picked":["Armaments","Body Slam"],"picked":"Shrug It Off","floor":1},{"not_picked":["Wild Strike","Iron Wave","Thunderclap"],"picked":"SKIP","floor":4},{"not_picked":["Havoc","Perfected Strike","Dual Wield"],"picked":"SKIP","floor":5},{"not_picked":["Clash","Corruption","Bludgeon"],"picked":"SKIP","floor":7},{"not_picked":["Burning Pact","Thunderclap","Dual Wield"],"picked":"Perfected Strike","floor":8},{"not_picked":["Evolve","Iron Wave","Warcry"],"picked":"Perfected Strike","floor":10},{"not_picked":["Sword Boomerang","Havoc","Flex","Infernal Blade"],"picked":"SKIP","floor":12},{"not_picked":["Entrench","Rampage","Shrug It Off"],"picked":"Bloodletting+1","floor":18},{"not_picked":["Sword Boomerang","Dropkick","Shrug It Off+1","Thunderclap"],"picked":"SKIP","floor":20},{"not_picked":["Power Through","Uppercut","Ghostly Armor","Shrug It Off+1"],"picked":"SKIP","floor":24},{"not_picked":["Pummel","Cleave+1","Corruption","Anger"],"picked":"SKIP","floor":28}],"player_experience":129677,"relics_obtained":[{"floor":7,"key":"Question Card"},{"floor":9,"key":"StrikeDummy"},{"floor":10,"key":"HornCleat"},{"floor":17,"key":"Blood Vial"},{"floor":17,"key":"Pantograph"},{"floor":17,"key":"Champion Belt"},{"floor":24,"key":"Bag of Marbles"},{"floor":27,"key":"Nilry\u0027s Codex"},{"floor":31,"key":"MawBank"}],"event_choices":[{"damage_healed":0,"gold_gain":0,"player_choice":"Got Potions","damage_taken":0,"max_hp_gain":0,"max_hp_loss":0,"event_name":"Lab","floor":2,"gold_loss":0},{"damage_healed":20,"gold_gain":0,"player_choice":"Healed and dodged fight","damage_taken":0,"max_hp_gain":0,"max_hp_loss":0,"event_name":"Mushrooms","floor":14,"gold_loss":0,"cards_obtained":["Parasite"]},{"damage_healed":0,"gold_gain":0,"player_choice":"Obtained Relic","damage_taken":0,"relics_obtained":["Oddly Smooth Stone"],"max_hp_gain":0,"max_hp_loss":0,"event_name":"Addict","floor":19,"gold_loss":85},{"damage_healed":0,"gold_gain":0,"player_choice":"Simplicity","damage_taken":0,"max_hp_gain":0,"max_hp_loss":0,"event_name":"Back to Basics","floor":22,"gold_loss":0,"cards_upgraded":["Strike_R","Strike_R","Strike_R","Strike_R","Defend_R","Defend_R","Defend_R","Defend_R"]},{"damage_healed":0,"gold_gain":0,"player_choice":"Obtained Book","damage_taken":16,"max_hp_gain":0,"max_hp_loss":0,"event_name":"Cursed Tome","floor":27,"gold_loss":0}],"is_beta":false,"boss_relics":[{"not_picked":["SacredBark","Runic Dome"],"picked":"Calling Bell"}],"items_purged_floors":[3,21,29],"is_endless":false,"potions_floor_spawned":[1,5,20,24],"killed_by":"Collector","ascension_level":1}}