{"host":"kdt6w7ix8lwe69i9","time":1614058598,"event":{"mods":["100% Spire Juice","BaseMod","ChefMod","Evolution","Koishi","Minty Spire (QoL Compilation)","Poor People Problems","Reimu（博丽灵梦）","Robot Space Explorer","Shade Mod","Shapeshifter Mod","StSLib","The Druid","The Gatherer","The Poker Player","The Servant 0.9.4","TheSurvivalist"],"gold_per_floor":[119,134,153,153,153,153,164,191,191,1,16,16,16,29,29,133,133,143,158,158,190,150,168,168,38,113,113,124,124,450,468,468,570,570,587,602,602,602,22,53,53,65,116,134,134,154,46,65,65,65,65,65,5,35,35],"floor_reached":56,"language":"ENG","playtime":5290,"items_purged":["Writhe"],"score":1324,"play_id":"8b5c6c4a-d0ed-4bfc-88f2-9919b3bbbcbb","local_time":"20210223003638","is_ascension_mode":false,"campfire_choices":[{"data":"StSShapeShifter:StormGryphonForm","floor":6,"key":"SMITH"},{"data":"StSShapeShifter:Efflorescence","floor":12,"key":"SMITH"},{"data":"StSShapeShifter:Sap_Burst","floor":15,"key":"SMITH"},{"floor":24,"key":"REST"},{"data":"Apotheosis","floor":29,"key":"SMITH"},{"floor":32,"key":"RECALL"},{"data":"Madness","floor":41,"key":"SMITH"},{"data":"StSShapeShifter:Efflorescence","floor":49,"key":"SMITH"},{"data":"Madness","floor":52,"key":"SMITH"}],"circlet_count":0,"master_deck":["StSShapeShifter:ShiftingStrike","StSShapeShifter:ShiftingStrike","StSShapeShifter:ShiftingStrike","StSShapeShifter:ShiftingStrike","StSShapeShifter:ShiftingStrike","StSShapeShifter:FallingLeaves","StSShapeShifter:FallingLeaves","StSShapeShifter:FallingLeaves","StSShapeShifter:FallingLeaves","StSShapeShifter:FallingLeaves+1","StSShapeShifter:SpiritOfTheEarth","StSShapeShifter:Efflorescence+1","StSShapeShifter:Roar","StSShapeShifter:StormGryphonForm+1","StSShapeShifter:MultiSpiritedStrike","StSShapeShifter:BladeOfGrass","StSShapeShifter:ThornedSkin","StSShapeShifter:Sap_Burst+1","StSShapeShifter:MammothForm","CurseOfTheBell","StSShapeShifter:Maul+1","StSShapeShifter:BulwarkOfDiscovery+1","StSShapeShifter:Bonk","StSShapeShifter:Guard+1","Apotheosis+1","StSShapeShifter:DiverseSpirit","StSShapeShifter:Efflorescence","StSShapeShifter:PoisonIvy","StSShapeShifter:RestoreBalance","StSShapeShifter:ClimbTree","StSShapeShifter:SquirrelForm+1","Madness+1","Madness+1","StSShapeShifter:Evolution","StSShapeShifter:Efflorescence+1","StSShapeShifter:WiltingWrath+1","StSShapeShifter:Maul+1","StSShapeShifter:WolfForm","StSShapeShifter:Synchronicity","Parasite","StSShapeShifter:Ensconce+1","StSShapeShifter:RaptorForm","StSShapeShifter:PorcupineForm+1"],"relics":["StSShapeShifter:AnimalHeart","StSShapeShifter:TheShapeShiftersMagnolia","EVO:Axolotl","Sundial","The Courier","StSShapeShifter:FruitTree","CultistMask","Calling Bell","Mastiff:ReiMu","StrikeDummy","Ice Cream","Art of War","Red Mask","ZunR:ReiMu","Old Coin","Black Star","Unceasing Top","StSShapeShifter:PetrifiedLog","ClockworkSouvenir","HornCleat","StSShapeShifter:ThornsOfSummi","Calipers","PreservedInsect","StSShapeShifter:DruidicMedallion","CrazyTorch:ReiMu"],"acts_visited":["Exordium","TheCity","TheBeyond","TheEnding"],"potions_floor_usage":[8,16,19,21,40,46,46,48,48,48],"damage_taken":[{"damage":0,"enemies":"Jaw Worm","floor":1,"turns":2},{"damage":0,"enemies":"2 Louse","floor":2,"turns":3},{"damage":0,"enemies":"Cultist","floor":3,"turns":3},{"damage":0,"enemies":"2 Fungi Beasts","floor":7,"turns":2},{"damage":3,"enemies":"Gremlin Nob","floor":8,"turns":4},{"damage":0,"enemies":"Exordium Wildlife","floor":11,"turns":3},{"damage":1,"enemies":"Blue Slaver","floor":14,"turns":3},{"damage":30,"enemies":"Slime Boss","floor":16,"turns":9},{"damage":8,"enemies":"2 Thieves","floor":18,"turns":5},{"damage":8,"enemies":"Spheric Guardian","floor":19,"turns":4},{"damage":35,"enemies":"Masked Bandits","floor":21,"turns":7},{"damage":3,"enemies":"Snake Plant","floor":23,"turns":5},{"damage":0,"enemies":"Snecko","floor":28,"turns":5},{"damage":2,"enemies":"Book of Stabbing","floor":30,"turns":6},{"damage":0,"enemies":"3 Cultists","floor":31,"turns":6},{"damage":45,"enemies":"Automaton","floor":33,"turns":14},{"damage":0,"enemies":"3 Shapes","floor":35,"turns":8},{"damage":0,"enemies":"3 Darklings","floor":36,"turns":5},{"damage":0,"enemies":"Nemesis","floor":40,"turns":11},{"damage":0,"enemies":"Spire Growth","floor":42,"turns":6},{"damage":1,"enemies":"Jaw Worm Horde","floor":44,"turns":5},{"damage":5,"enemies":"Sphere and 2 Shapes","floor":46,"turns":5},{"damage":21,"enemies":"Writhing Mass","floor":48,"turns":5},{"damage":18,"enemies":"Donu and Deca","floor":50,"turns":11},{"damage":37,"enemies":"Shield and Spear","floor":54,"turns":6},{"damage":84,"enemies":"The Heart","floor":55,"turns":12}],"seed_played":"-1070238416439647261","potions_obtained":[{"floor":3,"key":"BlessingOfTheForge"},{"floor":14,"key":"SkillPotion"},{"floor":18,"key":"AttackPotion"},{"floor":19,"key":"Fire Potion"},{"floor":33,"key":"DuplicationPotion"},{"floor":35,"key":"Explosive Potion"},{"floor":36,"key":"Regen Potion"},{"floor":44,"key":"LiquidMemories"},{"floor":46,"key":"EntropicBrew"},{"floor":54,"key":"FairyPotion"}],"is_trial":false,"path_per_floor":["M","M","M","?","?","R","M","E","T","$","M","R","?","M","R","B",null,"M","M","?","?","?","M","R","$","T","?","M","R","E","M","R","B",null,"M","M","?","T","$","E","R","M","T","M","?","M","$","M","R","B",null,"R","$","E","B",null],"character_chosen":"SHAPESHIFTER","items_purchased":["StSShapeShifter:FruitTree","Apotheosis","StSShapeShifter:PetrifiedLog","ClockworkSouvenir","HornCleat","StSShapeShifter:WolfForm","StSShapeShifter:Synchronicity","StSShapeShifter:RaptorForm"],"campfire_rested":1,"item_purchase_floors":[10,25,39,39,39,47,47,53],"current_hp_per_floor":[90,90,90,81,81,81,81,78,78,78,78,78,78,79,79,51,90,82,74,74,39,39,36,63,63,63,90,90,90,88,88,88,45,90,90,90,79,79,79,79,79,79,79,78,78,75,75,73,73,81,90,90,90,62,19],"gold":35,"neow_bonus":"UPGRADE_CARD","is_daily":false,"chose_seed":false,"campfire_upgraded":7,"win_rate":0.0,"timestamp":1614058598,"path_taken":["M","M","M","?","?","R","M","E","T","$","M","R","?","?","R","BOSS","M","M","?","?","?","M","R","?","T","?","M","R","E","?","R","BOSS","M","M","?","?","?","E","R","M","T","?","?","?","?","M","R","BOSS","R","$","E","BOSS"],"items_purchased_type":["Relic","Card","Relic","Relic","Relic","Card","Card","Card"],"build_version":"2020-12-22","purchased_purges":1,"victory":true,"max_hp_per_floor":[90,90,90,90,90,90,90,90,90,90,90,90,90,90,90,90,90,90,90,90,90,90,90,90,90,90,90,90,90,90,90,90,90,90,90,90,90,90,90,90,90,90,90,90,90,90,90,90,90,90,90,90,90,90,90],"card_choices":[{"not_picked":["StSShapeShifter:VineHandcuffs","StSShapeShifter:BloomingSlash"],"picked":"StSShapeShifter:SpiritOfTheEarth","floor":1},{"not_picked":["StSShapeShifter:Maul","StSShapeShifter:ThornToss"],"picked":"StSShapeShifter:Efflorescence","floor":2},{"not_picked":["StSShapeShifter:ShiftingStrike","StSShapeShifter:FlowerShield"],"picked":"StSShapeShifter:Roar","floor":3},{"not_picked":["StSShapeShifter:FlowerShield","StSShapeShifter:Maul"],"picked":"StSShapeShifter:MultiSpiritedStrike","floor":7},{"not_picked":["StSShapeShifter:SquirrelForm","StSShapeShifter:OakBlade"],"picked":"StSShapeShifter:BladeOfGrass","floor":8},{"not_picked":["StSShapeShifter:MonkeyForm","StSShapeShifter:Roar"],"picked":"StSShapeShifter:ThornedSkin","floor":11},{"not_picked":["StSShapeShifter:Roar","StSShapeShifter:FallingLeaves"],"picked":"StSShapeShifter:Sap_Burst","floor":14},{"not_picked":["StSShapeShifter:Autumn","StSShapeShifter:Vengeance"],"picked":"StSShapeShifter:MammothForm","floor":16},{"not_picked":["StSShapeShifter:Rest","StSShapeShifter:SunflowerShuriken"],"picked":"StSShapeShifter:Maul+1","floor":18},{"not_picked":["StSShapeShifter:Roar","StSShapeShifter:BarkSkin"],"picked":"StSShapeShifter:BulwarkOfDiscovery+1","floor":19},{"not_picked":["StSShapeShifter:BladeOfGrass","StSShapeShifter:FesteringBite+1"],"picked":"StSShapeShifter:Bonk","floor":21},{"not_picked":["StSShapeShifter:RitualOfTheElders","StSShapeShifter:Sapling"],"picked":"StSShapeShifter:Guard+1","floor":23},{"not_picked":["StSShapeShifter:ThrashAbout","StSShapeShifter:ShiftingStrike+1"],"picked":"StSShapeShifter:DiverseSpirit","floor":28},{"not_picked":["StSShapeShifter:MonkeyForm","StSShapeShifter:ClimbTree"],"picked":"StSShapeShifter:Efflorescence","floor":30},{"not_picked":["StSShapeShifter:Guard","StSShapeShifter:MonkeyForm"],"picked":"StSShapeShifter:PoisonIvy","floor":31},{"not_picked":["StSShapeShifter:RitualOfTheExtinct","StSShapeShifter:PowerShifter"],"picked":"StSShapeShifter:RestoreBalance","floor":33},{"not_picked":["StSShapeShifter:SunflowerShuriken","StSShapeShifter:Roar"],"picked":"StSShapeShifter:ClimbTree","floor":35},{"not_picked":["StSShapeShifter:BladeOfGrass","StSShapeShifter:TopazSkin"],"picked":"StSShapeShifter:SquirrelForm+1","floor":36},{"not_picked":["StSShapeShifter:BurstOfLifeEscapeDeath","StSShapeShifter:MagicMushrooms+1"],"picked":"StSShapeShifter:Evolution","floor":40},{"not_picked":["StSShapeShifter:BladeOfGrass+1","StSShapeShifter:ThornToss"],"picked":"StSShapeShifter:Efflorescence","floor":42},{"not_picked":["StSShapeShifter:BurstingSpore","StSShapeShifter:VineHandcuffs+1"],"picked":"StSShapeShifter:WiltingWrath+1","floor":44},{"not_picked":["StSShapeShifter:FlowerShield","StSShapeShifter:Sapling+1"],"picked":"StSShapeShifter:Maul+1","floor":46},{"not_picked":["StSShapeShifter:Summon_Mountains","StSShapeShifter:FlowerShield"],"picked":"StSShapeShifter:Ensconce+1","floor":48},{"not_picked":["StSShapeShifter:Guard","StSShapeShifter:AdaptiveStrikes"],"picked":"StSShapeShifter:PorcupineForm+1","floor":54}],"player_experience":1767549,"relics_obtained":[{"floor":8,"key":"Sundial"},{"floor":9,"key":"The Courier"},{"floor":17,"key":"Mastiff:ReiMu"},{"floor":17,"key":"StrikeDummy"},{"floor":17,"key":"Ice Cream"},{"floor":21,"key":"Red Mask"},{"floor":30,"key":"Old Coin"},{"floor":38,"key":"Unceasing Top"},{"floor":40,"key":"StSShapeShifter:ThornsOfSummi"},{"floor":40,"key":"Calipers"},{"floor":43,"key":"PreservedInsect"},{"floor":54,"key":"StSShapeShifter:DruidicMedallion"},{"floor":54,"key":"CrazyTorch:ReiMu"}],"event_choices":[{"damage_healed":0,"gold_gain":0,"player_choice":"Leave","damage_taken":0,"max_hp_gain":0,"max_hp_loss":0,"event_name":"The Cleric","floor":5,"gold_loss":0},{"damage_healed":0,"gold_gain":0,"player_choice":"Trade","damage_taken":0,"relics_obtained":["CultistMask"],"max_hp_gain":0,"max_hp_loss":0,"event_name":"FaceTrader","floor":13,"gold_loss":0},{"damage_healed":0,"gold_gain":0,"player_choice":"Opened","damage_taken":0,"relics_obtained":["Art of War"],"max_hp_gain":0,"max_hp_loss":0,"event_name":"The Mausoleum","floor":20,"gold_loss":0,"cards_obtained":["Writhe"]},{"damage_healed":0,"gold_gain":0,"player_choice":"Fought Bandits","damage_taken":0,"max_hp_gain":0,"max_hp_loss":0,"event_name":"Masked Bandits","floor":21,"gold_loss":0},{"damage_healed":0,"gold_gain":0,"player_choice":"Keep O-miki","damage_taken":0,"relics_obtained":["ZunR:ReiMu"],"max_hp_gain":0,"max_hp_loss":0,"event_name":"ZunEvent","floor":22,"gold_loss":40},{"damage_healed":30,"gold_gain":0,"player_choice":"Heal","damage_taken":0,"max_hp_gain":0,"max_hp_loss":0,"event_name":"The Library","floor":27,"gold_loss":0},{"damage_healed":0,"gold_gain":0,"player_choice":"Embrace Madness","damage_taken":11,"max_hp_gain":0,"max_hp_loss":0,"event_name":"Winding Halls","floor":37,"gold_loss":0,"cards_obtained":["Madness","Madness"]},{"damage_healed":0,"gold_gain":0,"player_choice":"Ignored","damage_taken":0,"max_hp_gain":0,"max_hp_loss":0,"event_name":"SecretPortal","floor":45,"gold_loss":0}],"is_beta":false,"boss_relics":[{"not_picked":["Astrolabe","Runic Pyramid"],"picked":"Calling Bell"},{"not_picked":["Sozu","Busted Crown"],"picked":"Black Star"}],"items_purged_floors":[39],"is_endless":false,"potions_floor_spawned":[3,14,18,19,33,35,36,44,46,54],"ascension_level":0}}