{"host":"nptej036rrbiurf5","time":1614058963,"event":{"mods":["BaseMod","Colored Map","Colored Powertips","DeckTracker","Minty Spire (QoL Compilation)","StSLib","SuperFastMode"],"gold_per_floor":[109,109,34,44,44,78,78,113,138,138,152,178,178,196,196,274,324,343,343,363,381,396,396,396,396],"floor_reached":24,"language":"KOR","playtime":502,"items_purged":["Strike_R"],"score":482,"play_id":"6b5d094c-335d-42fe-a1eb-e3096021b5fa","local_time":"20210223144243","is_ascension_mode":true,"campfire_choices":[{"data":"Fire Breathing","floor":7,"key":"SMITH"},{"data":"Barricade","floor":10,"key":"SMITH"},{"data":"Shockwave","floor":13,"key":"SMITH"},{"data":"Pommel Strike","floor":15,"key":"SMITH"},{"floor":23,"key":"REST"}],"circlet_count":0,"master_deck":["AscendersBane","Strike_R","Strike_R+1","Strike_R","Defend_R","Defend_R","Defend_R","Defend_R","Bash","Fire Breathing+1","Shrug It Off","Barricade+1","Pommel Strike+1","Shockwave+1","Corruption","Reckless Charge","Power Through","Second Wind","Shrug It Off+1","Sentinel"],"relics":["Burning Blood","NeowsBlessing","Ancient Tea Set","Paper Frog","Bag of Marbles","Dream Catcher","Tiny House"],"acts_visited":["Exordium","TheCity"],"potions_floor_usage":[16,22],"damage_taken":[{"damage":0,"enemies":"2 Louse","floor":1,"turns":1},{"damage":0,"enemies":"Cultist","floor":4,"turns":1},{"damage":0,"enemies":"Lagavulin","floor":6,"turns":2},{"damage":7,"enemies":"3 Sentries","floor":8,"turns":4},{"damage":0,"enemies":"Jaw Worm","floor":11,"turns":2},{"damage":28,"enemies":"Gremlin Nob","floor":12,"turns":4},{"damage":5,"enemies":"Large Slime","floor":14,"turns":4},{"damage":23,"enemies":"Slime Boss","floor":16,"turns":5},{"damage":28,"enemies":"Shell Parasite","floor":18,"turns":7},{"damage":29,"enemies":"2 Thieves","floor":20,"turns":5},{"damage":13,"enemies":"3 Cultists","floor":21,"turns":5},{"damage":24,"enemies":"Centurion and Healer","floor":22,"turns":7},{"damage":48,"enemies":"Book of Stabbing","floor":24,"turns":6}],"seed_played":"-7780166715246889489","potions_obtained":[{"floor":1,"key":"LiquidBronze"},{"floor":2,"key":"LiquidBronze"},{"floor":2,"key":"LiquidMemories"},{"floor":12,"key":"LiquidMemories"},{"floor":17,"key":"ColorlessPotion"},{"floor":21,"key":"Regen Potion"}],"is_trial":false,"path_per_floor":["M","?","$","M","?","E","R","E","T","R","M","E","R","M","R","B",null,"M","?","M","M","M","R","E"],"character_chosen":"IRONCLAD","items_purchased":[],"campfire_rested":1,"item_purchase_floors":[],"current_hp_per_floor":[74,74,74,75,80,80,80,79,79,79,80,58,58,59,59,42,76,54,54,31,24,21,46,0,0],"gold":396,"neow_bonus":"THREE_ENEMY_KILL","is_daily":false,"chose_seed":false,"campfire_upgraded":4,"win_rate":0.0,"timestamp":1614058963,"path_taken":["M","?","?","M","?","E","R","E","T","R","M","E","R","M","R","BOSS","M","?","M","M","M","R","E"],"items_purchased_type":[],"build_version":"2020-12-22","purchased_purges":1,"victory":false,"max_hp_per_floor":[75,75,75,75,80,80,80,80,80,80,80,80,80,80,80,80,85,85,85,85,85,85,85,85,85],"card_choices":[{"not_picked":["Heavy Blade","Clothesline"],"picked":"Fire Breathing","floor":1},{"not_picked":["Rupture","Iron Wave","Shockwave"],"picked":"SKIP","floor":4},{"not_picked":["Heavy Blade","Disarm"],"picked":"Shrug It Off","floor":6},{"not_picked":["Clothesline","Rage"],"picked":"Barricade","floor":8},{"not_picked":["Heavy Blade","Clash"],"picked":"Pommel Strike","floor":11},{"not_picked":["Rage","Disarm"],"picked":"Shockwave","floor":12},{"not_picked":["Havoc","Combust","Flex"],"picked":"SKIP","floor":14},{"not_picked":["Demon Form","Bludgeon"],"picked":"Corruption","floor":16},{"not_picked":["Second Wind","Clash"],"picked":"Reckless Charge","floor":17},{"not_picked":["Body Slam","Rampage+1"],"picked":"Power Through","floor":18},{"not_picked":["Pummel","Dropkick","Havoc+1"],"picked":"SKIP","floor":20},{"not_picked":["Cleave","Entrench"],"picked":"Second Wind","floor":21},{"not_picked":["Twin Strike","Thunderclap"],"picked":"Shrug It Off+1","floor":22},{"not_picked":["Wild Strike","Spot Weakness"],"picked":"Sentinel","floor":23}],"player_experience":1011686,"relics_obtained":[{"floor":6,"key":"Ancient Tea Set"},{"floor":8,"key":"Paper Frog"},{"floor":9,"key":"Bag of Marbles"},{"floor":12,"key":"Dream Catcher"}],"event_choices":[{"damage_healed":0,"gold_gain":0,"player_choice":"Got Potions","damage_taken":0,"max_hp_gain":0,"max_hp_loss":0,"event_name":"Lab","floor":2,"gold_loss":0},{"damage_healed":0,"gold_gain":0,"player_choice":"Donut","damage_taken":0,"max_hp_gain":5,"max_hp_loss":0,"event_name":"Big Fish","floor":5,"gold_loss":0},{"cards_removed":["Strike_R"],"damage_healed":0,"gold_gain":0,"player_choice":"Purged","damage_taken":0,"max_hp_gain":0,"max_hp_loss":0,"event_name":"Purifier","floor":19,"gold_loss":0}],"is_beta":false,"boss_relics":[{"not_picked":["SlaversCollar","Empty Cage"],"picked":"Tiny House"}],"items_purged_floors":[3],"is_endless":false,"potions_floor_spawned":[1,4,6,12,21],"killed_by":"Book of Stabbing","ascension_level":20}}