{"host":"n3r7007bx0xr1slw","time":1614065250,"event":{"mods":["BaseMod","Colored Powertips","DeckTracker","Googly Eyes","Highlight Path","Minty Spire (QoL Compilation)","Relic Stats","StSLib"],"gold_per_floor":[109,129,90,165,183,183,183,183,210,220,220,145,164,181,181,181,181],"floor_reached":16,"language":"ENG","playtime":506,"items_purged":["Strike_B"],"score":92,"play_id":"7f980193-1d1b-4214-b58e-c5854d50b6b1","local_time":"20210223022730","is_ascension_mode":false,"campfire_choices":[{"data":"Consume","floor":6,"key":"SMITH"},{"floor":11,"key":"REST"},{"floor":15,"key":"REST"}],"circlet_count":0,"master_deck":["Strike_B","Strike_B","Strike_B+1","Defend_B","Defend_B","Defend_B","Defend_B","Zap","Dualcast","Darkness+1","Tempest+1","Consume+1","Conserve Battery","Seek"],"relics":["Cracked Core","NeowsBlessing","Omamori"],"acts_visited":["Exordium"],"potions_floor_usage":[14,14],"damage_taken":[{"damage":0,"enemies":"2 Louse","floor":1,"turns":1},{"damage":0,"enemies":"Small Slimes","floor":2,"turns":1},{"damage":0,"enemies":"Jaw Worm","floor":5,"turns":1},{"damage":12,"enemies":"2 Fungi Beasts","floor":10,"turns":2},{"damage":27,"enemies":"Gremlin Gang","floor":13,"turns":3},{"damage":25,"enemies":"Exordium Wildlife","floor":14,"turns":3},{"damage":31,"enemies":"Hexaghost","floor":16,"turns":9}],"seed_played":"-1779634121918107806","potions_obtained":[{"floor":1,"key":"Swift Potion"},{"floor":2,"key":"Swift Potion"}],"is_trial":false,"path_per_floor":["M","M","$","?","M","R","?","?","T","M","R","$","M","M","R","B"],"character_chosen":"DEFECT","items_purchased":["Consume"],"campfire_rested":2,"item_purchase_floors":[3],"current_hp_per_floor":[75,75,75,64,64,64,49,49,49,37,59,59,32,7,29,0,0],"gold":181,"neow_bonus":"THREE_ENEMY_KILL","is_daily":false,"chose_seed":false,"campfire_upgraded":1,"win_rate":0.0,"timestamp":1614065250,"path_taken":["M","M","$","?","M","R","?","?","T","M","R","$","M","M","R","BOSS"],"items_purchased_type":["Card"],"build_version":"2020-12-22","purchased_purges":1,"victory":false,"max_hp_per_floor":[75,75,75,75,75,75,75,75,75,75,75,75,75,75,75,75,75],"relic_stats":{"counters":[7,20],"obtain_stats":[{"NeowsBlessing":0,"Omamori":9,"Cracked Core":0},{"NeowsBlessing":0,"Omamori":3,"Cracked Core":0},{"NeowsBlessing":0,"Omamori":3,"Cracked Core":0}]},"card_choices":[{"not_picked":["Redo","Hello World"],"picked":"Darkness","floor":1},{"not_picked":["Go for the Eyes","Sweeping Beam"],"picked":"Tempest","floor":2},{"not_picked":["Hologram","Storm"],"picked":"Conserve Battery","floor":5},{"not_picked":["Compile Driver","Coolheaded","Go for the Eyes"],"picked":"SKIP","floor":10},{"not_picked":["Barrage","Melter","Rip and Tear"],"picked":"SKIP","floor":13},{"not_picked":["Cold Snap","Coolheaded"],"picked":"Seek","floor":14}],"player_experience":160626,"relics_obtained":[{"floor":9,"key":"Omamori"}],"event_choices":[{"damage_healed":0,"gold_gain":75,"player_choice":"Gather Gold","damage_taken":11,"max_hp_gain":0,"max_hp_loss":0,"event_name":"World of Goop","floor":4,"gold_loss":0},{"damage_healed":0,"gold_gain":0,"player_choice":"Entered Light","damage_taken":15,"max_hp_gain":0,"max_hp_loss":0,"event_name":"Shining Light","floor":7,"gold_loss":0,"cards_upgraded":["Strike_B","Tempest"]},{"damage_healed":0,"gold_gain":0,"player_choice":"Grow","damage_taken":0,"max_hp_gain":0,"max_hp_loss":0,"event_name":"Living Wall","floor":8,"gold_loss":0,"cards_upgraded":["Darkness"]}],"is_beta":false,"boss_relics":[],"items_purged_floors":[12],"is_endless":false,"potions_floor_spawned":[1,2],"killed_by":"Hexaghost","ascension_level":0}}