{"host":"bpr07pynnqpe5ded","time":1614110248,"event":{"mods":["2.2 Compatiblity","Aspiration","BaseMod","Better Note","Better Third Choice","BetterRewards","Downfall","Jorbs\u0027s Wanderer Trilogy","Minty Spire (QoL Compilation)","Replay The Spire","Shop Mod","StSLib","The Marked","??????REMEMod"],"gold_per_floor":[110,110,35,137,148,148,183,201,280,300,320,360,376,74,74,169,169,180,180,198,214,214,214,229,243,243,270,284,284,184,203,203,307,307,324,120,134,147,147,147,182,182,205,55,80,124,141,161,161,161],"floor_reached":51,"language":"ENG","playtime":2312,"items_purged":["Heavy Blade+1","Bash","Defend_R","Defend_R"],"score":810,"play_id":"e39b7b43-1ebb-4ffc-802a-b91b42dc5faa","local_time":"20210223195728","is_ascension_mode":false,"campfire_choices":[{"data":"Flex","floor":6,"key":"SMITH"},{"data":"Armaments","floor":15,"key":"SMITH"},{"data":"Strike_R","floor":23,"key":"SMITH"},{"data":"Strike_R","floor":29,"key":"SMITH"},{"data":"Rage","floor":32,"key":"SMITH"},{"floor":40,"key":"REST"},{"floor":49,"key":"REST"}],"circlet_count":0,"master_deck":["Strike_R","Strike_R","Strike_R+1","Strike_R+1","Defend_R","Defend_R","REME_BattleFury+1","Flex+1","REME_Cut","Armaments+1","Double Tap","Rage+1","CurseOfTheBell","Feel No Pain","Pot Of Greed","Pot Of Greed"],"relics":["Burning Blood","REME_ComplimentaryCards","Regal Pillow","Molten Egg 2","Slimebound:PreparedRelic","champ:DuelingGlove","Pen Nib","aspiration:Stabinomicon","Calling Bell","Kunai","Ginger","Grinning Jar","Counterbalance"],"acts_visited":["Exordium","TheCity","TheBeyond"],"potions_floor_usage":[12,20,21,27,33,37,41,41,45,46,47],"damage_taken":[{"damage":1,"enemies":"Jaw Worm","floor":1,"turns":3},{"damage":0,"enemies":"2 Louse","floor":5,"turns":2},{"damage":22,"enemies":"3 Sentries","floor":7,"turns":6},{"damage":3,"enemies":"Small Slimes","floor":8,"turns":2},{"damage":8,"enemies":"3 Louse","floor":10,"turns":2},{"damage":6,"enemies":"2 Fungi Beasts","floor":11,"turns":4},{"damage":10,"enemies":"Exordium Wildlife","floor":12,"turns":3},{"damage":5,"enemies":"Looter","floor":13,"turns":4},{"damage":0,"enemies":"Slime Boss","floor":16,"turns":3},{"damage":5,"enemies":"Chosen","floor":18,"turns":3},{"damage":15,"enemies":"3 Byrds","floor":20,"turns":4},{"damage":37,"enemies":"Snecko","floor":21,"turns":5},{"damage":11,"enemies":"Snake Plant","floor":24,"turns":2},{"damage":3,"enemies":"Centurion and Healer","floor":25,"turns":4},{"damage":46,"enemies":"Book of Stabbing","floor":27,"turns":4},{"damage":1,"enemies":"3 Cultists","floor":28,"turns":3},{"damage":3,"enemies":"Shelled Parasite and Fungi","floor":31,"turns":2},{"damage":12,"enemies":"Pondfish","floor":33,"turns":3},{"damage":13,"enemies":"3 Shapes","floor":35,"turns":4},{"damage":9,"enemies":"3 Darklings","floor":37,"turns":5},{"damage":42,"enemies":"Maw","floor":38,"turns":6},{"damage":0,"enemies":"Reptomancer","floor":41,"turns":4},{"damage":11,"enemies":"Nemesis","floor":45,"turns":5},{"damage":37,"enemies":"Writhing Mass","floor":46,"turns":5},{"damage":10,"enemies":"Jaw Worm Horde","floor":47,"turns":3},{"damage":30,"enemies":"Transient","floor":48,"turns":5},{"damage":44,"enemies":"Replay:Hell Engine","floor":50,"turns":7}],"seed_played":"-8843271200680165591","potions_obtained":[{"floor":7,"key":"BloodPotion"},{"floor":10,"key":"REME_GoldPotion"},{"floor":11,"key":"Elixir"},{"floor":12,"key":"champ:CounterPotion"},{"floor":24,"key":"DuplicationPotion"},{"floor":27,"key":"Fire Potion"},{"floor":31,"key":"FearPotion"},{"floor":33,"key":"Block Potion"},{"floor":38,"key":"PowerPotion"},{"floor":41,"key":"Fire Potion"},{"floor":45,"key":"REME_GoldPotion"}],"is_trial":false,"path_per_floor":["M","?","$","?","M","R","E","M","T","M","M","M","M","$","R","B",null,"M","?","M","M","?","R","M","M","T","E","M","R","$","M","R","B",null,"M","$","M","M","?","R","E","?","T","$","E","M","M","M","R","B",null],"character_chosen":"IRONCLAD","items_purchased":["champ:DuelingGlove","Feel No Pain"],"campfire_rested":2,"item_purchase_floors":[14,36],"current_hp_per_floor":[80,80,80,60,66,66,50,53,53,51,51,47,48,48,48,54,80,80,80,71,56,80,80,75,78,78,38,43,43,43,46,46,40,80,73,73,70,34,34,73,79,79,79,79,74,43,39,15,54,16],"gold":161,"neow_bonus":"UPGRADE_CARD","is_daily":false,"chose_seed":false,"campfire_upgraded":5,"win_rate":0.0,"timestamp":1614110248,"path_taken":["M","?","$","?","M","R","E","M","T","M","M","M","M","$","R","BOSS","M","?","M","M","?","R","M","M","T","E","M","R","$","M","R","BOSS","M","$","M","M","?","R","E","?","T","?","E","M","M","?","R","BOSS"],"items_purchased_type":["Relic","Card"],"build_version":"2020-12-22","purchased_purges":4,"victory":true,"max_hp_per_floor":[80,80,80,80,80,80,80,80,80,80,80,80,80,80,80,80,80,80,80,80,80,80,80,80,80,80,80,80,80,80,80,80,80,80,80,80,80,80,80,80,80,80,80,80,80,80,80,80,80,80],"card_choices":[{"not_picked":["Clash","Havoc","Anger"],"picked":"SKIP","floor":1},{"not_picked":["Hemokinesis","Havoc"],"picked":"Flex","floor":4},{"not_picked":["Ghostly Armor","Headbutt","Wild Strike"],"picked":"SKIP","floor":5},{"not_picked":["Bloodletting","Immolate+1","Clothesline+1"],"picked":"SKIP","floor":7},{"not_picked":["Thunderclap+1","Pommel Strike+1","Reckless Charge+1"],"picked":"SKIP","floor":8},{"not_picked":["Havoc","Run Through+1"],"picked":"REME_Cut","floor":10},{"not_picked":["Armaments","ReplayTheSpireMod:Strike From Hell+1","Heavy Blade+1"],"picked":"SKIP","floor":11},{"not_picked":["ReplayTheSpireMod:Strike From Hell+1","Heavy Blade+1"],"picked":"Armaments","floor":11},{"not_picked":["ReplayTheSpireMod:Strike From Hell+1","Pommel Strike+1","Iron Wave+1"],"picked":"SKIP","floor":12},{"not_picked":["Whirlwind+1","Sever Soul+1","Flex"],"picked":"SKIP","floor":13},{"not_picked":["Immolate+1","REME_TheLastStrike+1"],"picked":"Double Tap","floor":16},{"not_picked":["Headbutt+1","Life Link"],"picked":"REME_FearOfPain+1","floor":18},{"not_picked":["Shockwave","Warcry+1","Wild Strike+1"],"picked":"SKIP","floor":20},{"not_picked":["Thunderclap+1","Havoc","Uppercut+1"],"picked":"SKIP","floor":21},{"not_picked":["Feed+1","Heavy Blade+1","Perfected Strike+1"],"picked":"SKIP","floor":24},{"not_picked":["Havoc","Hemokinesis+1","Spot Weakness+1"],"picked":"SKIP","floor":25},{"not_picked":["Perfected Strike+1","REME_FearOfPain","Twin Strike+1"],"picked":"SKIP","floor":27},{"not_picked":["Flex","Barricade","Dropkick+1"],"picked":"SKIP","floor":28},{"not_picked":["Flex","Barricade","Dropkick+1"],"picked":"SKIP","floor":28},{"not_picked":["Seeing Red","REME_Scribble"],"picked":"Rage","floor":31},{"not_picked":["Clothesline+1","Wild Strike+1","Warcry"],"picked":"SKIP","floor":35},{"not_picked":["Flame Barrier","Thunderclap+1","REME_Scribble"],"picked":"SKIP","floor":37},{"not_picked":["Disarm+1","Cleave+1","Fire Breathing+1"],"picked":"SKIP","floor":38},{"not_picked":["Pommel Strike+1","Wild Strike+1","Sentinel"],"picked":"SKIP","floor":41},{"not_picked":["Wild Strike+1","Demonic Infusion","Hemogenesis+1"],"picked":"SKIP","floor":45},{"not_picked":["Sword Boomerang+1","Disarm+1","Wild Strike+1"],"picked":"SKIP","floor":46},{"not_picked":["True Grit","Cleave+1","Searing Blow+1"],"picked":"SKIP","floor":47},{"not_picked":["REME_FearOfPain","Intimidate","Body Slam+1"],"picked":"SKIP","floor":48}],"player_experience":1232359,"relics_obtained":[{"floor":4,"key":"Regal Pillow"},{"floor":7,"key":"Molten Egg 2"},{"floor":9,"key":"Slimebound:PreparedRelic"},{"floor":26,"key":"Pen Nib"},{"floor":27,"key":"aspiration:Stabinomicon"},{"floor":34,"key":"Kunai"},{"floor":34,"key":"Ginger"},{"floor":41,"key":"Grinning Jar"},{"floor":45,"key":"Counterbalance"}],"event_choices":[{"damage_healed":0,"gold_gain":0,"player_choice":"Ignored","damage_taken":0,"max_hp_gain":0,"max_hp_loss":0,"event_name":"betterNote:BetterNote","floor":19,"gold_loss":0,"cards_obtained":["REME_HeartOfCthun"]},{"damage_healed":26,"gold_gain":0,"player_choice":"Heal","damage_taken":0,"max_hp_gain":0,"max_hp_loss":0,"event_name":"The Library","floor":22,"gold_loss":0},{"damage_healed":0,"gold_gain":0,"player_choice":"Ignored","damage_taken":0,"max_hp_gain":0,"max_hp_loss":0,"event_name":"Mysterious Sphere","floor":39,"gold_loss":0},{"cards_removed":["REME_FearOfPain"],"damage_healed":0,"gold_gain":0,"player_choice":"Removed Power","damage_taken":0,"max_hp_gain":0,"max_hp_loss":0,"event_name":"Falling","floor":42,"gold_loss":0}],"is_beta":false,"boss_relics":[{"not_picked":["REME_LowDesire","Electric Blood","REME_DemonsWealth"]},{"not_picked":["REME_DuelDisc","aspiration:WatcherSkillbook"],"picked":"Calling Bell"}],"items_purged_floors":[3,30,36,44],"is_endless":false,"potions_floor_spawned":[7,10,11,12,13,24,27,31,33,38,41,45],"ascension_level":0}}