{"host":"f76wcztdlwlduum6","time":1614059523,"event":{"mods":["BaseMod","BetterRewards","Colored Powertips","Minty Spire (QoL Compilation)","Quick Restart","Rare Cards Sparkle","Relic Stats","StSLib","SuperFastMode","everything is the same but u backflip on backflip"],"gold_per_floor":[110,110,110,135,150,150,185,200,247,247,272,272,297,316,316,390,440,453,453,256,256,256,281,281,281,281,314,333,352,381,400,400,472,472,488,488,304,329,341,376,376,28,28,28,28,28,63,0,0,0,0,0,0,0,33,33],"floor_reached":57,"language":"ENG","playtime":2488,"items_purged":["Strike_B","Defend_B","Defend_B","Strike_B","Strike_B","Storm+1","Defend_B+1"],"score":3410,"play_id":"a10cd321-8d82-4dda-8c32-f4b0077586de","local_time":"20210222235203","is_ascension_mode":true,"campfire_choices":[{"data":"Loop","floor":6,"key":"SMITH"},{"data":"Finesse","floor":12,"key":"SMITH"},{"data":"Force Field","floor":15,"key":"SMITH"},{"data":"Flash of Steel","floor":25,"key":"SMITH"},{"floor":32,"key":"RECALL"},{"data":"Fission","floor":41,"key":"SMITH"},{"data":"Fission","floor":49,"key":"SMITH"},{"data":"Dark Shackles","floor":53,"key":"SMITH"}],"circlet_count":0,"master_deck":["AscendersBane","Zap+1","Reinforced Body+1","Loop+1","Flash of Steel+1","Heatsinks+1","Capacitor+1","Finesse+1","Loop+1","Mayhem+1","Loop+1","Loop+1","Loop+1","Self Repair+1","Self Repair+1","Finesse+1","Force Field+1","Force Field+1","Defragment+1","Defragment+1","Force Field+1","Rainbow+1","Self Repair+1","Buffer+1","Creative AI+1","Glacier+1","Fission+1","Self Repair+1","Fission+1","Self Repair+1","Electrodynamics+1","Self Repair+1","Dark Shackles+1","Bandage Up"],"relics":["Omamori","Frozen Egg 2","Calipers","Cables","Membership Card","Runic Capacitor","Medical Kit","Anchor","Bag of Preparation","War Paint","Sundial","Lantern","FrozenCore","Orichalcum","Sling","Strawberry","Dead Branch","Juzu Bracelet","Centennial Puzzle","Calling Bell","Bag of Marbles","Kunai","Incense Burner","Symbiotic Virus","CaptainsWheel","Akabeko","Strange Spoon","Shuriken","Dream Catcher","Eternal Feather","Du-Vu Doll","Ornamental Fan","Red Mask","Letter Opener"],"acts_visited":["Exordium","TheCity","TheBeyond","TheEnding"],"potions_floor_usage":[0,0,18,33,56],"damage_taken":[{"damage":8,"enemies":"2 Louse","floor":1,"turns":3},{"damage":4,"enemies":"Cultist","floor":5,"turns":4},{"damage":11,"enemies":"Lagavulin","floor":7,"turns":5},{"damage":2,"enemies":"Jaw Worm","floor":8,"turns":4},{"damage":31,"enemies":"Gremlin Nob","floor":11,"turns":4},{"damage":26,"enemies":"3 Sentries","floor":13,"turns":4},{"damage":0,"enemies":"Looter","floor":14,"turns":3},{"damage":0,"enemies":"The Guardian","floor":16,"turns":5},{"damage":16,"enemies":"2 Thieves","floor":18,"turns":5},{"damage":0,"enemies":"Book of Stabbing","floor":23,"turns":6},{"damage":0,"enemies":"Slavers","floor":27,"turns":8},{"damage":0,"enemies":"Chosen","floor":28,"turns":9},{"damage":0,"enemies":"Centurion and Healer","floor":29,"turns":10},{"damage":0,"enemies":"Book of Stabbing","floor":30,"turns":8},{"damage":0,"enemies":"Shelled Parasite and Fungi","floor":31,"turns":9},{"damage":7,"enemies":"Automaton","floor":33,"turns":9},{"damage":0,"enemies":"Orb Walker","floor":35,"turns":6},{"damage":9,"enemies":"Mind Bloom Boss Battle","floor":38,"turns":5},{"damage":0,"enemies":"3 Darklings","floor":39,"turns":11},{"damage":54,"enemies":"Reptomancer","floor":40,"turns":7},{"damage":11,"enemies":"Nemesis","floor":47,"turns":7},{"damage":24,"enemies":"Time Eater","floor":50,"turns":7},{"damage":0,"enemies":"Donu and Deca","floor":51,"turns":5},{"damage":0,"enemies":"Shield and Spear","floor":55,"turns":6},{"damage":25,"enemies":"The Heart","floor":56,"turns":10}],"seed_played":"-2141534328599225778","potions_obtained":[{"floor":1,"key":"Dexterity Potion"},{"floor":5,"key":"EssenceOfSteel"},{"floor":18,"key":"Regen Potion"},{"floor":33,"key":"FairyPotion"}],"is_trial":false,"path_per_floor":["M","?","$","T","M","R","E","M","T","?","E","R","E","M","R","B",null,"M","?","$","?","?","E","?","R","T","E","M","M","E","M","R","B",null,"M","?","$","?","M","E","R","$","T","?","$","?","E","?","R","B","B",null,"R","$","E","B",null],"character_chosen":"DEFECT","items_purchased":["Omamori","Reinforced Body","Loop","Capacitor","Flash of Steel","Fruit Juice","Storm+1","Fruit Juice","Heatsinks+1","Capacitor+1","Finesse","Calipers","Loop+1","Cables","Frozen Egg 2","Mayhem+1","Membership Card","Loop+1","Loop+1","Loop+1","Self Repair+1","Runic Capacitor","Self Repair+1","Medical Kit","Finesse","Sling","Self Repair+1","Symbiotic Virus","Self Repair+1","Strange Spoon","Shuriken","Dream Catcher"],"campfire_rested":0,"item_purchase_floors":[0,0,0,0,0,0,0,0,0,0,0,0,0,0,0,0,0,0,0,0,0,0,0,0,0,20,37,37,42,42,42,42],"current_hp_per_floor":[66,66,66,66,72,72,81,81,81,57,46,46,40,60,60,80,86,86,86,86,86,86,93,65,65,65,95,98,98,98,98,98,98,98,98,98,98,98,98,84,84,84,84,74,74,74,98,98,98,98,98,98,98,98,98,98],"gold":33,"neow_bonus":"","is_daily":false,"chose_seed":false,"campfire_upgraded":7,"win_rate":0.0,"timestamp":1614059523,"path_taken":["M","?","?","?","M","R","E","M","T","?","E","R","E","M","R","BOSS","M","?","$","?","?","E","?","R","T","E","M","M","E","M","R","BOSS","M","?","?","?","M","E","R","$","T","?","$","?","E","?","R","BOSS","BOSS","R","$","E","BOSS"],"items_purchased_type":["Relic","Card","Card","Card","Card","Potion","Card","Potion","Card","Card","Card","Relic","Card","Relic","Relic","Card","Relic","Card","Card","Card","Card","Relic","Card","Relic","Card","Relic","Card","Relic","Card","Relic","Relic","Relic"],"build_version":"2020-12-22","purchased_purges":7,"victory":true,"max_hp_per_floor":[81,81,81,81,81,81,81,81,81,81,81,81,81,81,81,81,86,86,86,86,86,86,93,98,98,98,98,98,98,98,98,98,98,98,98,98,98,98,98,98,98,98,98,98,98,98,98,98,98,98,98,98,98,98,98,98],"relic_stats":{"counters":[25,149],"Dead Branch":[117],"Eternal Feather":0,"Bag of Preparation":[42],"Juzu Bracelet":2,"Letter Opener":[25],"War Paint":["Finesse","Defend_B","Reinforced Body","Zap","Force Field","Defend_B"],"Orichalcum":[30],"Medical Kit":[79],"Cables":[149,47,54,48,0],"FrozenCore":[81],"Strange Spoon":[33],"Centennial Puzzle":[18],"Dream Catcher":0,"Sundial":[42],"Shuriken":[6],"Ornamental Fan":[24],"Kunai":[6],"obtain_stats":[{"Lantern":14,"Calipers":0,"Tiny House":17,"Runic Capacitor":0,"Bag of Preparation":9,"Juzu Bracelet":27,"Incense Burner":34,"Sling":20,"FrozenCore":17,"Centennial Puzzle":30,"Dream Catcher":42,"Sundial":13,"Strawberry":23,"Red Mask":48,"Kunai":34,"Toxic Egg 2":0,"Cracked Core":0,"Dead Branch":26,"Eternal Feather":43,"Omamori":0,"Letter Opener":55,"Frozen Egg 2":0,"War Paint":8,"Orichalcum":19,"Medical Kit":0,"Akabeko":40,"Cables":0,"Calling Bell":34,"Du-Vu Doll":46,"Strange Spoon":42,"Anchor":7,"CaptainsWheel":38,"Shuriken":42,"Ornamental Fan":47,"Bag of Marbles":34,"Membership Card":0,"Symbiotic Virus":37},{"Lantern":7,"Calipers":0,"Tiny House":8,"Runic Capacitor":0,"Bag of Preparation":4,"Juzu Bracelet":11,"Incense Burner":16,"Sling":9,"FrozenCore":8,"Centennial Puzzle":14,"Dream Catcher":20,"Sundial":6,"Strawberry":10,"Red Mask":21,"Kunai":16,"Toxic Egg 2":0,"Cracked Core":0,"Dead Branch":10,"Eternal Feather":20,"Omamori":0,"Letter Opener":24,"Frozen Egg 2":0,"War Paint":4,"Orichalcum":9,"Medical Kit":0,"Akabeko":20,"Cables":0,"Calling Bell":16,"Du-Vu Doll":20,"Strange Spoon":20,"Anchor":3,"CaptainsWheel":18,"Shuriken":20,"Ornamental Fan":21,"Bag of Marbles":16,"Membership Card":0,"Symbiotic Virus":17},{"Lantern":20,"Calipers":0,"Tiny House":25,"Runic Capacitor":0,"Bag of Preparation":13,"Juzu Bracelet":42,"Incense Burner":87,"Sling":29,"FrozenCore":25,"Centennial Puzzle":69,"Dream Catcher":114,"Sundial":19,"Strawberry":35,"Red Mask":121,"Kunai":87,"Toxic Egg 2":0,"Cracked Core":0,"Dead Branch":35,"Eternal Feather":114,"Omamori":0,"Letter Opener":139,"Frozen Egg 2":0,"War Paint":13,"Orichalcum":29,"Medical Kit":0,"Akabeko":114,"Cables":0,"Calling Bell":87,"Du-Vu Doll":114,"Strange Spoon":114,"Anchor":10,"CaptainsWheel":97,"Shuriken":114,"Ornamental Fan":121,"Bag of Marbles":87,"Membership Card":0,"Symbiotic Virus":93}]},"card_choices":[{"not_picked":["Gash","Stack","Rebound"],"picked":"SKIP","floor":1},{"not_picked":["Sweeping Beam","Stack"],"picked":"Force Field","floor":5},{"not_picked":["Rebound","Melter","Scrape"],"picked":"SKIP","floor":7},{"not_picked":["Cold Snap","Sunder"],"picked":"Force Field","floor":8},{"not_picked":["Reprogram","Sweeping Beam","Biased Cognition+1"],"picked":"SKIP","floor":11},{"not_picked":["Blizzard","Auto Shields","Steam"],"picked":"SKIP","floor":13},{"not_picked":["Heatsinks+1","Static Discharge+1"],"picked":"Force Field","floor":14},{"not_picked":["Reboot","Hyperbeam"],"picked":"Rainbow","floor":16},{"not_picked":["Reprogram","Reinforced Body","Capacitor+1"],"picked":"SKIP","floor":18},{"not_picked":["Hologram","Ball Lightning"],"picked":"Buffer+1","floor":23},{"not_picked":["Stack","Force Field"],"picked":"Creative AI+1","floor":27},{"not_picked":["Stack","White Noise+1"],"picked":"Glacier+1","floor":28},{"not_picked":["Coolheaded","Streamline","Leap"],"picked":"SKIP","floor":29},{"not_picked":["Sunder","Tempest+1","Cold Snap+1"],"picked":"SKIP","floor":30},{"not_picked":["White Noise","Aggregate","Ball Lightning+1"],"picked":"SKIP","floor":31},{"not_picked":["Rainbow","Hyperbeam"],"picked":"Fission","floor":33},{"not_picked":["Coolheaded+1","Redo"],"picked":"Self Repair+1","floor":35},{"not_picked":["Coolheaded","Stack","Cold Snap"],"picked":"SKIP","floor":39},{"not_picked":["Leap","Chill+1"],"picked":"Electrodynamics+1","floor":40},{"not_picked":["Thinking Ahead","Panache+1"],"picked":"Dark Shackles","floor":44},{"not_picked":["Transmutation","PanicButton"],"picked":"Bandage Up","floor":44},{"not_picked":["Ball Lightning","Scrape+1","Rebound"],"picked":"SKIP","floor":47},{"not_picked":["Turbo","Redo","Conserve Battery"],"picked":"SKIP","floor":55}],"player_experience":375997,"relics_obtained":[{"floor":7,"key":"Anchor"},{"floor":9,"key":"Bag of Preparation"},{"floor":11,"key":"War Paint"},{"floor":13,"key":"Sundial"},{"floor":23,"key":"Strawberry"},{"floor":26,"key":"Dead Branch"},{"floor":27,"key":"Juzu Bracelet"},{"floor":30,"key":"Centennial Puzzle"},{"floor":34,"key":"Bag of Marbles"},{"floor":34,"key":"Kunai"},{"floor":34,"key":"Incense Burner"},{"floor":38,"key":"CaptainsWheel"},{"floor":40,"key":"Akabeko"},{"floor":43,"key":"Eternal Feather"},{"floor":46,"key":"Du-Vu Doll"},{"floor":47,"key":"Ornamental Fan"},{"floor":55,"key":"Letter Opener"}],"event_choices":[{"cards_removed":["Dualcast"],"damage_healed":0,"gold_gain":0,"player_choice":"Purged","damage_taken":0,"max_hp_gain":0,"max_hp_loss":0,"event_name":"Purifier","floor":2,"gold_loss":0},{"damage_healed":0,"gold_gain":0,"player_choice":"Entered Light","damage_taken":24,"max_hp_gain":0,"max_hp_loss":0,"event_name":"Shining Light","floor":10,"gold_loss":0,"cards_upgraded":["Capacitor","Force Field"]},{"damage_healed":0,"gold_gain":0,"player_choice":"Opened","damage_taken":0,"relics_obtained":["Orichalcum"],"max_hp_gain":0,"max_hp_loss":0,"event_name":"The Mausoleum","floor":19,"gold_loss":0,"cards_obtained":["Writhe"]},{"cards_removed":["Capacitor"],"damage_healed":0,"gold_gain":0,"player_choice":"Elegance","damage_taken":0,"max_hp_gain":0,"max_hp_loss":0,"event_name":"Back to Basics","floor":21,"gold_loss":0},{"damage_healed":0,"gold_gain":0,"player_choice":"Read","damage_taken":0,"max_hp_gain":0,"max_hp_loss":0,"event_name":"The Library","floor":22,"gold_loss":0,"cards_obtained":["Self Repair"]},{"damage_healed":0,"gold_gain":0,"player_choice":"Shed Blood","damage_taken":33,"max_hp_gain":5,"max_hp_loss":0,"event_name":"Forgotten Altar","floor":24,"gold_loss":0},{"damage_healed":0,"gold_gain":0,"player_choice":"1 cards matched","damage_taken":0,"max_hp_gain":0,"max_hp_loss":0,"event_name":"Match and Keep!","floor":36,"gold_loss":0,"cards_obtained":["Fission"]},{"damage_healed":0,"gold_gain":0,"player_choice":"Fight","damage_taken":0,"max_hp_gain":0,"max_hp_loss":0,"event_name":"MindBloom","floor":38,"gold_loss":0},{"damage_healed":0,"gold_gain":0,"player_choice":"Memory 3","damage_taken":10,"max_hp_gain":0,"max_hp_loss":0,"event_name":"SensoryStone","floor":44,"gold_loss":0},{"damage_healed":0,"gold_gain":0,"player_choice":"Relic","damage_taken":0,"max_hp_gain":0,"max_hp_loss":0,"event_name":"Wheel of Change","floor":46,"gold_loss":0},{"damage_healed":0,"gold_gain":0,"player_choice":"Paid","damage_taken":0,"relics_obtained":["Red Mask"],"max_hp_gain":0,"max_hp_loss":0,"event_name":"Tomb of Lord Red Mask","floor":48,"gold_loss":63}],"is_beta":false,"boss_relics":[{"not_picked":["Astrolabe","Snecko Eye"],"picked":"Tiny House"},{"not_picked":["Inserter","SlaversCollar"],"picked":"Calling Bell"}],"items_purged_floors":[0,0,0,0,0,0,20],"is_endless":false,"potions_floor_spawned":[1,5,13,16,18,28,30,31,33,38,40,47,55],"ascension_level":20}}