{"host":"h49usdrjeju7gyhi","time":1614056377,"event":{"mods":["Act Like it!","BaseMod","Minty Spire (QoL Compilation)","Ruina","StSLib","The Animator"],"gold_per_floor":[109,125,145,145,169,200,215,245,290,290,215,215,256,284,284,355,355,368,2,2,2,2,2,2,2],"floor_reached":24,"language":"ENG","playtime":1479,"items_purged":["animator:Strike","animator:YuiTsuruno"],"score":408,"play_id":"c739bd2d-a757-4374-aded-682acd687299","local_time":"20210222235937","is_ascension_mode":true,"campfire_choices":[{"data":"animator:Kaijin","floor":10,"key":"SMITH"},{"data":"animator:Pride","floor":12,"key":"SMITH"},{"data":"animator:Hakurou","floor":15,"key":"SMITH"},{"data":"animator:Elesis","floor":23,"key":"SMITH"}],"circlet_count":0,"master_deck":["AscendersBane","animator:Benimaru+1","animator:Shuna","animator:Elsword","animator:Pride+1","animator:Tatsumaki","animator:Kaijin+1","animator:KyokoSakura","animator:Shion","animator:Alexander","animator:Hakurou+1","animator:Saber","animator:Chung","animator:Spearman","animator:Tet","animator:Kyubey","animator:Elesis+1"],"relics":["animator:LivingPicture","animator:TheMissingPiece","animator:PurgingStone","Eternal Feather","Art of War","Bag of Preparation","Happy Flower","Pandora\u0027s Box","InkBottle"],"acts_visited":["Exordium","Exordium"],"potions_floor_usage":[24],"damage_taken":[{"damage":0,"enemies":"Small Slimes","floor":1,"turns":3},{"damage":0,"enemies":"2 Louse","floor":2,"turns":2},{"damage":0,"enemies":"Jaw Worm","floor":3,"turns":3},{"damage":0,"enemies":"2 Fungi Beasts","floor":5,"turns":4},{"damage":20,"enemies":"3 Sentries","floor":6,"turns":8},{"damage":0,"enemies":"Looter","floor":7,"turns":3},{"damage":7,"enemies":"Lagavulin","floor":13,"turns":5},{"damage":0,"enemies":"Exordium Wildlife","floor":14,"turns":4},{"damage":25,"enemies":"Slime Boss","floor":16,"turns":8},{"damage":15,"enemies":"ruina:BadWolf","floor":18,"turns":3},{"damage":67,"enemies":"ruina:RoadHome","floor":24,"turns":4}],"seed_played":"2577871897692562419","potions_obtained":[{"floor":2,"key":"FearPotion"},{"floor":6,"key":"SneckoOil"}],"is_trial":false,"path_per_floor":["M","M","M","?","M","E","M","?","T","R","$","R","E","M","R","B",null,"M","$","?","?","$","R","E"],"character_chosen":"THE_ANIMATOR","items_purchased":["InkBottle"],"campfire_rested":0,"item_purchase_floors":[19],"current_hp_per_floor":[54,54,54,54,54,34,35,35,35,44,44,53,46,46,55,31,54,39,39,39,55,55,64,0,0],"gold":2,"neow_bonus":"UPGRADE_CARD","is_daily":false,"chose_seed":false,"campfire_upgraded":4,"win_rate":0.0,"timestamp":1614056377,"path_taken":["M","M","M","?","M","E","M","?","T","R","?","R","E","M","R","BOSS","M","$","?","?","$","R","E"],"items_purchased_type":["Relic"],"build_version":"2020-12-22","purchased_purges":2,"victory":false,"max_hp_per_floor":[60,60,60,60,60,60,61,61,61,61,61,61,61,61,61,62,62,62,62,62,78,78,78,78,78],"card_choices":[{"not_picked":["animator:Assassin","animator:Sonic"],"picked":"animator:Elsword","floor":1},{"not_picked":["animator:GazelDwargon","animator:Cocytus"],"picked":"animator:Pride","floor":2},{"not_picked":["animator:Assassin","animator:IrohaTamaki","animator:YuiTsuruno"],"picked":"SKIP","floor":3},{"not_picked":["animator:Shion","animator:Shuna"],"picked":"animator:Kaijin","floor":5},{"not_picked":["animator:HomuraAkemi","animator:Sloth"],"picked":"animator:KyokoSakura","floor":6},{"not_picked":["animator:Benimaru","animator:Souei"],"picked":"animator:Shion","floor":7},{"not_picked":["animator:Rider","animator:Cocytus"],"picked":"animator:Alexander","floor":13},{"not_picked":["animator:Millim","animator:Benimaru"],"picked":"animator:Hakurou","floor":14},{"not_picked":["animator:SwordMaiden","animator:Greed"],"picked":"animator:Saber","floor":16},{"not_picked":["animator:GazelDwargon","animator:OrikoMikuni","animator:WinryRockbell"],"picked":"SKIP","floor":18}],"player_experience":1600611,"relics_obtained":[{"floor":6,"key":"Eternal Feather"},{"floor":9,"key":"Bag of Preparation"},{"floor":13,"key":"Happy Flower"}],"event_choices":[{"damage_healed":0,"gold_gain":0,"cards_transformed":["animator:Strike"],"player_choice":"Change","damage_taken":0,"max_hp_gain":0,"max_hp_loss":0,"event_name":"Living Wall","floor":4,"gold_loss":0,"cards_obtained":["animator:Tatsumaki"]},{"damage_healed":0,"gold_gain":30,"player_choice":"Searched \u00272\u0027 times","damage_taken":0,"relics_obtained":["Art of War"],"max_hp_gain":0,"max_hp_loss":0,"event_name":"Dead Adventurer","floor":8,"gold_loss":0}],"is_beta":false,"boss_relics":[{"not_picked":["Fusion Hammer","Runic Dome"],"picked":"Pandora\u0027s Box"}],"items_purged_floors":[11,19],"is_endless":false,"potions_floor_spawned":[2,6,7,14,18],"killed_by":"ruina:RoadHome","ascension_level":20}}