{"host":"kaame4qwxxqnygv7","time":1614066349,"event":{"mods":["AchievementEnabler","BaseMod","Better Match","Better Skull","Better Third Choice","BetterRewards","Block Reminder","Bossed Relics","DeckTracker","Energized Spire","GungeonMod","Minty Spire (QoL Compilation)","Quick Restart","Red Circlet Mod","StSLib","SuperFastMode","The Blue Laboratory"],"gold_per_floor":[117,68,68,82,94,94,112,112,112,287,287,287,287,297,297,398,348,313,313,341,352,352,352,365,171,242,242,242],"floor_reached":27,"language":"KOR","playtime":2380,"items_purged":["Malaise"],"score":452,"play_id":"0cffb332-335d-4d5d-adfb-97dac806ff94","local_time":"20210223164549","is_ascension_mode":true,"campfire_choices":[{"floor":6.0,"key":"REST"},{"data":"Neutralize","floor":11.0,"key":"SMITH"},{"data":"Cloak And Dagger","floor":15.0,"key":"SMITH"},{"floor":23,"key":"REST"}],"circlet_count":0,"master_deck":["AscendersBane","Strike_G+1","Strike_G+1","Strike_G+1","Strike_G+1","Strike_G+1","Defend_G+1","Defend_G+1","Defend_G+1","Defend_G+1","Defend_G+1","Survivor","Neutralize+1","Cloak And Dagger+1","Dagger Spray","Die Die Die","Strike_G+1","Blur","Backstab","Prepared"],"relics":["Ring of the Snake","Pocketwatch","Juzu Bracelet","Lee\u0027s Waffle","Potion Belt","Incense Burner","Membership Card","DemoMod:SerJunkan","betterThird:SlimedRelic","Nunchaku","Question Card","energizedSpire:HugeHouse","Red Mask","DemoMod:MeatBun","Happy Flower","DemoMod:OrangeGuonStone"],"acts_visited":["Exordium","TheCity"],"potions_floor_usage":[],"damage_taken":[{"damage":0.0,"enemies":"Jaw Worm","floor":1.0,"turns":5.0},{"damage":0.0,"enemies":"Small Slimes","floor":4.0,"turns":4.0},{"damage":0.0,"enemies":"2 Louse","floor":5.0,"turns":3.0},{"damage":0.0,"enemies":"Exordium Wildlife","floor":7.0,"turns":4.0},{"damage":0.0,"enemies":"2 Fungi Beasts","floor":14.0,"turns":3.0},{"damage":42.0,"enemies":"Slime Boss","floor":16.0,"turns":12.0},{"damage":19.0,"enemies":"2 Thieves","floor":18.0,"turns":5.0},{"damage":32.0,"enemies":"Masked Bandits","floor":20.0,"turns":6.0},{"damage":2,"enemies":"Chosen","floor":21,"turns":8},{"damage":2,"enemies":"Centurion and Healer","floor":24,"turns":10},{"damage":0,"enemies":"Book of Stabbing","floor":27,"turns":2}],"seed_played":"-1136413592383412485","potions_obtained":[{"floor":5.0,"key":"blueLaboratory:Moonshine"},{"floor":7.0,"key":"Swift Potion"},{"floor":24,"key":"blueLaboratory:RememoryPotion"}],"is_trial":false,"path_per_floor":["M","?","?","M","M","R","M","?","T","?","R","?","?","M","R","B",null,"M","?","?","M","?","R","M","$","T","E"],"character_chosen":"THE_SILENT","items_purchased":["Juzu Bracelet","Lee\u0027s Waffle","Potion Belt","Membership Card","DemoMod:SerJunkan","DemoMod:MeatBun","Happy Flower"],"campfire_rested":2,"item_purchase_floors":[0,0,0,0,0,25,25],"current_hp_per_floor":[77,66,33,33,33,56,56,41,41,41,41,34,59,59,59,17,58,39,39,7,5,5,26,24,38,38,38,38],"gold":242,"neow_bonus":"","is_daily":false,"chose_seed":false,"campfire_upgraded":2,"win_rate":0.0,"timestamp":1614066349,"path_taken":["M","?","?","M","M","R","M","?","T","?","R","?","?","M","R","BOSS","M","?","?","M","?","R","M","$","T","E"],"items_purchased_type":["Relic","Relic","Relic","Relic","Relic","Relic","Relic"],"build_version":"2020-12-22","purchased_purges":1,"victory":false,"max_hp_per_floor":[77,77,77,77,77,77,77,77,77,77,77,77,77,77,77,77,72,72,72,72,72,72,72,72,72,72,72,72],"card_choices":[{"not_picked":["All Out Attack","Deadly Poison"],"picked":"Cloak And Dagger","floor":1.0},{"not_picked":["Backflip","Quick Slash"],"picked":"Dagger Spray","floor":4.0},{"not_picked":["Underhanded Strike","Deadly Poison","Eviscerate"],"picked":"SKIP","floor":5.0},{"not_picked":["Backflip","Sucker Punch","After Image"],"picked":"SKIP","floor":7.0},{"not_picked":["Dagger Throw","Noxious Fumes","Slice"],"picked":"Dagger Spray","floor":14.0},{"not_picked":["Doppelganger","Corpse Explosion","Storm of Steel"],"picked":"Die Die Die","floor":16.0},{"not_picked":["Quick Slash","Backflip","Slice","Masterful Stab"],"picked":"SKIP","floor":18.0},{"not_picked":["Noxious Fumes","Acrobatics","PiercingWail"],"picked":"Blur","floor":20.0},{"not_picked":["Heel Hook","Sucker Punch+1","Dagger Spray+1"],"picked":"Backstab","floor":21},{"not_picked":["Slice+1","Deflect+1","Sucker Punch"],"picked":"Prepared","floor":24}],"player_experience":324480,"relics_obtained":[{"floor":9.0,"key":"Question Card"},{"floor":20.0,"key":"Red Mask"},{"floor":26,"key":"DemoMod:OrangeGuonStone"}],"event_choices":[{"damage_healed":0.0,"max_hp_gain":0.0,"max_hp_loss":0.0,"gold_gain":0.0,"event_name":"betterThird:BetterGoop","player_choice":"Slimed","floor":2.0,"gold_loss":49.0,"damage_taken":11.0},{"damage_healed":0.0,"max_hp_gain":0.0,"max_hp_loss":0.0,"gold_gain":0.0,"event_name":"betterThird:BetterScrap","player_choice":"Relic ","floor":3.0,"gold_loss":0.0,"damage_taken":33.0,"cards_obtained":["Amplify"]},{"damage_healed":56.0,"max_hp_gain":0.0,"max_hp_loss":77.0,"gold_gain":0.0,"event_name":"betterThird:BetterShining","player_choice":"Upgrade","floor":8.0,"gold_loss":0.0,"damage_taken":15.0,"cards_upgraded":["Defend_G","Strike_G"]},{"damage_healed":0.0,"max_hp_gain":0.0,"max_hp_loss":0.0,"gold_gain":175.0,"event_name":"betterThird:BetterSerpent","player_choice":"AGREE","floor":10.0,"gold_loss":0.0,"damage_taken":112.0},{"cards_removed":["Doubt"],"damage_healed":0.0,"max_hp_gain":0.0,"max_hp_loss":0.0,"gold_gain":0.0,"event_name":"Golden Wing","player_choice":"Card Removal","floor":12.0,"gold_loss":0.0,"damage_taken":7.0},{"damage_healed":25.0,"max_hp_gain":0.0,"max_hp_loss":0.0,"gold_gain":0.0,"event_name":"Big Fish","player_choice":"Banana","floor":13.0,"gold_loss":0.0,"damage_taken":0.0},{"damage_healed":0.0,"max_hp_gain":0.0,"max_hp_loss":0.0,"gold_gain":0.0,"event_name":"Cursed Tome","player_choice":"Ignored","floor":19.0,"gold_loss":0.0,"damage_taken":0.0},{"damage_healed":0.0,"max_hp_gain":0.0,"max_hp_loss":0.0,"gold_gain":0.0,"event_name":"Masked Bandits","player_choice":"Fought Bandits","floor":20.0,"gold_loss":0.0,"damage_taken":0.0},{"damage_healed":0,"gold_gain":0,"player_choice":"Simplicity","damage_taken":0,"max_hp_gain":0,"max_hp_loss":9,"event_name":"betterThird:BetterWriting","floor":22,"gold_loss":0}],"is_beta":false,"boss_relics":[{"not_picked":["Cursed Key","Runic Pyramid"],"picked":"energizedSpire:HugeHouse"}],"items_purged_floors":[25],"is_endless":false,"potions_floor_spawned":[5,7,24],"killed_by":"Book of Stabbing","ascension_level":10}}