{"host":"s4ojoik2izpnmj7q","time":1614081115,"event":{"mods":["ATMod(°¢èªMod)","Act Like it!","BaseMod","Better Skull","Minty Spire (QoL Compilation)","MostiFishMod","StSLib"],"gold_per_floor":[114,124,142,122,139,176,219,259,259,291,318,347,384,395,395,472,472,489,489,489,508,517,633,757,905,905,1034,1235,1392,1588,1796,1808,1991,2003,2140,2485,2905,1517,1677,1787,1847,1958,1982,2199,2199,2363,2363,2406,2406],"floor_reached":48,"language":"ZHS","playtime":1884,"items_purged":["Strike_P","Strike_P","Strike_P","Strike_P+1","Defend_P"],"score":2766,"play_id":"dedc57f3-3c1a-4cfe-b1fa-b221f96042ee","local_time":"20210223195155","daily_mods":["Vintage","Heirloom","Time Dilation","Flight","DeadlyEvents","Elite Swarm","Lethality"],"is_ascension_mode":true,"campfire_choices":[{"data":"Eruption","floor":15.0,"key":"SMITH"},{"floor":32,"key":"RECALL"}],"circlet_count":0,"master_deck":["AscendersBane","Defend_P+1","Defend_P+1","Defend_P","Eruption+1","Vigilance","AT_FamilyPortrait","Brilliance+1","Ragnarok","Scrawl","Omniscience","Apotheosis+1","Wish+1","Omniscience+1","MostiFishMod:KamiSmash+1","Omniscience+1","DeusExMachina+1","AT_IrregularMenstruation+1","Wish+1","MostiFishMod:Disappear+1","DevaForm+1","Vault+1","Omniscience+1"],"relics":["PureWater","DaveBox","AT_ATBox","DiscerningMonocle","Lizard Tail","CeramicFish","SynthV:TestCard","AT_ImmortalShieldbow","Akabeko","StrikeDummy","Omamori","AT_Kusabimaru","AT_RabadonDeathcap","AT_TimeSand","Pantograph","AT_BladeRuinedKing","AT_ChloranthyRing","Mummified Hand","Snecko Eye","Bag of Preparation","TeardropLocket","Matryoshka","Ice Cream","Toolbox","AT_RedTearstoneRing","AT_MibuBalloonWealth","InkBottle","BrkXgEgg","MostiFishMod:Haymaker","CaptainsWheel","AT_GoldPhoenixTree","Molten Egg 2","Question Card","Eternal Feather","Nunchaku","MawBank","ImprovedEquipment","Blue Candle","Black Star","StoneCalendar","Vajra","Dream Catcher","Art of War","Toxic Egg 2","SynthV:MejaisSoulstealer","Happy Flower","Whetstone","AT_ForceNature","Frozen Egg 2","AT_ArchangelStaff","Regal Pillow","AT_TheCollector","Blood Vial","AT_EbonyIvory","Pear","Damaru","Shuriken","Orrery","War Paint","Bottled Flame","Singing Bowl","Thread and Needle","BirthdayGift-Icosahedron","Ornamental Fan"],"acts_visited":["Exordium","TheCity","TheBeyond"],"potions_floor_usage":[],"damage_taken":[{"damage":10.0,"enemies":"2 Louse","floor":1.0,"turns":3.0},{"damage":0.0,"enemies":"Cultist","floor":2.0,"turns":2.0},{"damage":7.0,"enemies":"Small Slimes","floor":3.0,"turns":2.0},{"damage":14.0,"enemies":"Exordium Wildlife","floor":5.0,"turns":4.0},{"damage":0.0,"enemies":"Gremlin Nob","floor":6.0,"turns":2.0},{"damage":0.0,"enemies":"Lagavulin","floor":7.0,"turns":3.0},{"damage":26.0,"enemies":"3 Sentries","floor":8.0,"turns":3.0},{"damage":0.0,"enemies":"Gremlin Nob","floor":10.0,"turns":2.0},{"damage":5.0,"enemies":"3 Sentries","floor":11.0,"turns":3.0},{"damage":0.0,"enemies":"Lagavulin","floor":12.0,"turns":4.0},{"damage":0.0,"enemies":"Gremlin Nob","floor":13.0,"turns":2.0},{"damage":0.0,"enemies":"Looter","floor":14.0,"turns":1.0},{"damage":0.0,"enemies":"The Guardian","floor":16.0,"turns":5.0},{"damage":0.0,"enemies":"3 Byrds","floor":18.0,"turns":1.0},{"damage":0.0,"enemies":"Chosen","floor":21.0,"turns":1.0},{"damage":0.0,"enemies":"Gremlin Leader","floor":23.0,"turns":1.0},{"damage":0.0,"enemies":"Book of Stabbing","floor":24.0,"turns":1.0},{"damage":0.0,"enemies":"Gremlin Leader","floor":25.0,"turns":1.0},{"damage":0.0,"enemies":"Book of Stabbing","floor":27.0,"turns":1.0},{"damage":0.0,"enemies":"Slavers","floor":28.0,"turns":2.0},{"damage":0.0,"enemies":"Centurion and Healer","floor":29.0,"turns":1.0},{"damage":0.0,"enemies":"3 Cultists","floor":30.0,"turns":1.0},{"damage":0,"enemies":"Gremlin Leader","floor":31,"turns":2},{"damage":0,"enemies":"Champ","floor":33,"turns":2},{"damage":0,"enemies":"Orb Walker","floor":35,"turns":1},{"damage":0,"enemies":"3 Shapes","floor":36,"turns":3},{"damage":4,"enemies":"3 Darklings","floor":37,"turns":3},{"damage":0,"enemies":"Spire Growth","floor":39,"turns":1},{"damage":0,"enemies":"Reptomancer","floor":40,"turns":1},{"damage":0,"enemies":"Nemesis","floor":41,"turns":1},{"damage":0,"enemies":"Reptomancer","floor":42,"turns":1},{"damage":0,"enemies":"Giant Head","floor":44,"turns":2},{"damage":0,"enemies":"Nemesis","floor":46,"turns":1},{"damage":0,"enemies":"Writhing Mass","floor":48,"turns":1}],"seed_played":"2668917600785872504","potions_obtained":[{"floor":1.0,"key":"DistilledChaos"},{"floor":2.0,"key":"DuplicationPotion"},{"floor":4.0,"key":"DuplicationPotion"},{"floor":14.0,"key":"SkillPotion"},{"floor":18.0,"key":"SteroidPotion"},{"floor":35,"key":"Ambrosia"}],"is_trial":true,"path_per_floor":["M","M","M","?","M","E","E","E","T","E","E","E","E","M","R","B",null,"M","T","$","M","$","E","E","E","T","E","E","M","M","E","R","B",null,"M","M","M","$","M","E","E","E","T","E","$","E","$","M"],"character_chosen":"WATCHER","items_purchased":["Matryoshka","Ice Cream","Toolbox","AT_MibuBalloonWealth","InkBottle","BrkXgEgg","Apotheosis+1","Art of War","Toxic Egg 2","SynthV:MejaisSoulstealer","Damaru","Shuriken","Orrery","Singing Bowl","Thread and Needle","BirthdayGift-Icosahedron"],"campfire_rested":0,"item_purchase_floors":[20,20,20,22,22,22,22,38,38,38,45,45,45,47,47,47],"current_hp_per_floor":[51,68,61,61,47,47,47,21,21,21,45,45,45,45,45,68,68,68,68,68,68,68,68,68,68,68,68,68,68,68,68,68,68,68,68,68,64,64,64,64,64,64,64,76,76,78,78,78,78],"gold":2406,"neow_bonus":"","is_daily":false,"chose_seed":false,"campfire_upgraded":1,"win_rate":0.0,"timestamp":1614081115,"path_taken":["M","M","M","?","M","E","E","E","T","E","E","E","E","M","R","BOSS","M","?","$","M","$","E","E","E","T","E","E","M","M","E","R","BOSS","M","M","M","$","M","E","E","E","T","E","$","E","$","M"],"items_purchased_type":["Relic","Relic","Relic","Relic","Relic","Relic","Card","Relic","Relic","Relic","Relic","Relic","Relic","Relic","Relic","Relic"],"build_version":"2020-12-22","purchased_purges":5,"victory":false,"max_hp_per_floor":[68,68,68,68,68,68,68,68,68,68,68,68,68,68,68,68,68,68,68,68,68,68,68,68,68,68,68,68,68,68,68,68,68,68,68,68,68,68,68,68,68,68,68,78,78,78,78,78,78],"card_choices":[{"not_picked":["MostiFishMod:DustFall","Ragnarok","Judgement","MostiFishMod:Moonprays"],"picked":"Brilliance","floor":6.0},{"not_picked":["MostiFishMod:Adaptation","MostiFishMod:Pointsdynamics","SpiritShield","MostiFishMod:Dust"],"picked":"Ragnarok","floor":7.0},{"not_picked":["MostiFishMod:Adaptation","MostiFishMod:StarWish","MostiFishMod:StarHerder","AT_MachinaRedman"],"picked":"Scrawl","floor":8.0},{"not_picked":["Scrawl","MostiFishMod:Minus","Alpha","SpiritShield","MostiFishMod:StarOceanP"],"picked":"SKIP","floor":10.0},{"not_picked":["Ragnarok","AT_ChampionKick","Wish","MostiFishMod:Minus","MostiFishMod:OutWit"],"picked":"SKIP","floor":11.0},{"not_picked":["Establishment","MostiFishMod:DisColor","MostiFishMod:Adaptation","MostiFishMod:Pointsdynamics","Blasphemy"],"picked":"SKIP","floor":12.0},{"not_picked":["Establishment","Blasphemy","MasterReality","DevaForm"],"picked":"Omniscience","floor":13.0},{"not_picked":["MostiFishMod:Unraveling+1","Blasphemy+1","MostiFishMod:Minus+1","Brilliance+1"],"picked":"Wish+1","floor":23.0},{"not_picked":["MostiFishMod:StarHerder+1","Ragnarok+1","AT_ChampionKick+1","DevaForm+1"],"picked":"Omniscience+1","floor":24.0},{"not_picked":["MostiFishMod:OutWit+1","AT_RealColorLess+1","MostiFishMod:Dust+1","MostiFishMod:Adaptation+1"],"picked":"MostiFishMod:KamiSmash+1","floor":25.0},{"not_picked":["DevaForm+1","MostiFishMod:StarWish+1","AT_RealColorLess+1","Blasphemy+1","MostiFishMod:DustFall+1"],"picked":"Omniscience+1","floor":27.0},{"not_picked":["MostiFishMod:StarHerder+1","Ragnarok+1","MostiFishMod:Unraveling+1","Establishment+1","DevaForm+1"],"picked":"DeusExMachina+1","floor":28.0},{"not_picked":["MostiFishMod:DustFall+1","LessonLearned+1","Establishment+1","Brilliance+1","Ragnarok+1"],"picked":"AT_IrregularMenstruation+1","floor":31},{"not_picked":["MostiFishMod:KamiSmash+1","DevaForm+1","ConjureBlade+1","MostiFishMod:Adaptation+1","MostiFishMod:Unraveling+1"],"picked":"Wish+1","floor":33},{"not_picked":["Scrawl+1","MostiFishMod:Moonprays+1","AT_MachinaRedman+1","Judgement+1","Blasphemy+1"],"picked":"MostiFishMod:Disappear+1","floor":40},{"not_picked":["AT_RealColorLess+1","MasterReality+1","MostiFishMod:Pointsdynamics+1","MostiFishMod:StarWish+1","MostiFishMod:Dust+1"],"picked":"DevaForm+1","floor":41},{"not_picked":["MostiFishMod:StarOceanP+1","MostiFishMod:Pointsdynamics+1","Blasphemy+1","MostiFishMod:KamiSmash+1","SpiritShield+1"],"picked":"Vault+1","floor":42},{"not_picked":["Judgement+1","MostiFishMod:Minus+1","MostiFishMod:Unraveling+1","MasterReality+1","Alpha+1","Blasphemy+1"],"picked":"SKIP","floor":44},{"not_picked":["Scrawl+1","MostiFishMod:Pointsdynamics+1","MostiFishMod:Disappear+1","MostiFishMod:OutWit+1","MostiFishMod:StarLaLaLa+1"],"picked":"Omniscience+1","floor":46}],"player_experience":652430,"relics_obtained":[{"floor":1.0,"key":"CeramicFish"},{"floor":1.0,"key":"SynthV:TestCard"},{"floor":2.0,"key":"AT_ImmortalShieldbow"},{"floor":3.0,"key":"Akabeko"},{"floor":5.0,"key":"StrikeDummy"},{"floor":6.0,"key":"Omamori"},{"floor":7.0,"key":"AT_Kusabimaru"},{"floor":8.0,"key":"AT_RabadonDeathcap"},{"floor":10.0,"key":"AT_TimeSand"},{"floor":11.0,"key":"Pantograph"},{"floor":12.0,"key":"AT_BladeRuinedKing"},{"floor":13.0,"key":"AT_ChloranthyRing"},{"floor":14.0,"key":"Mummified Hand"},{"floor":18.0,"key":"Bag of Preparation"},{"floor":19.0,"key":"TeardropLocket"},{"floor":21.0,"key":"AT_RedTearstoneRing"},{"floor":23.0,"key":"MostiFishMod:Haymaker"},{"floor":24.0,"key":"CaptainsWheel"},{"floor":25.0,"key":"AT_GoldPhoenixTree"},{"floor":26.0,"key":"Molten Egg 2"},{"floor":26.0,"key":"Question Card"},{"floor":27.0,"key":"Eternal Feather"},{"floor":28.0,"key":"Nunchaku"},{"floor":29.0,"key":"MawBank"},{"floor":30.0,"key":"ImprovedEquipment"},{"floor":31,"key":"Blue Candle"},{"floor":35,"key":"StoneCalendar"},{"floor":36,"key":"Vajra"},{"floor":37,"key":"Dream Catcher"},{"floor":39,"key":"Happy Flower"},{"floor":40,"key":"Whetstone"},{"floor":40,"key":"AT_ForceNature"},{"floor":41,"key":"Frozen Egg 2"},{"floor":41,"key":"AT_ArchangelStaff"},{"floor":42,"key":"Regal Pillow"},{"floor":42,"key":"AT_TheCollector"},{"floor":43,"key":"Blood Vial"},{"floor":43,"key":"AT_EbonyIvory"},{"floor":44,"key":"Pear"},{"floor":46,"key":"War Paint"},{"floor":46,"key":"Bottled Flame"},{"floor":48,"key":"Ornamental Fan"}],"event_choices":[{"damage_healed":0.0,"max_hp_gain":0.0,"max_hp_loss":0.0,"gold_gain":0.0,"event_name":"The Woman in Blue","player_choice":"Bought 1 Potion","floor":4.0,"gold_loss":0.0,"damage_taken":0.0}],"is_beta":false,"boss_relics":[{"not_picked":["FixedStarFall","AT_MortalBlade"],"picked":"Snecko Eye"},{"not_picked":["Astrolabe","Cursed Key"],"picked":"Black Star"}],"items_purged_floors":[20,22,38,45,47],"is_endless":false,"potions_floor_spawned":[1,2,8,10,14,18,27,28,29,30,33,35,36,40],"killed_by":"Writhing Mass","ascension_level":20}}