{"host":"9brt9rggm379u2p7","time":1614110714,"event":{"mods":["AchievementEnabler","BaseMod","Highlight Path","Minty Spire (QoL Compilation)","Permanent Neow","Quick Restart","SuperFastMode"],"gold_per_floor":[119,135,135,147,158,158,83,108,135,135,163,178,78,78,78,78,78],"floor_reached":16,"language":"ENG","playtime":805,"items_purged":["Strike_R","Strike_R"],"score":220,"play_id":"c4176566-bda2-4759-be17-9cc3f5c9f631","local_time":"20210224050514","is_ascension_mode":true,"campfire_choices":[{"data":"Armaments","floor":6,"key":"SMITH"},{"data":"Feed","floor":15,"key":"SMITH"}],"circlet_count":0,"master_deck":["AscendersBane","Strike_R","Strike_R","Strike_R","Defend_R","Defend_R+1","Defend_R","Bash","Offering+1","Armaments+1","True Grit","Battle Trance","Feed+1"],"relics":["Burning Blood","Toy Ornithopter","War Paint","MealTicket","Bag of Preparation"],"acts_visited":["Exordium"],"potions_floor_usage":[8,8,11,16],"damage_taken":[{"damage":6,"enemies":"2 Louse","floor":1,"turns":4},{"damage":7,"enemies":"Cultist","floor":2,"turns":3},{"damage":10,"enemies":"Jaw Worm","floor":4,"turns":3},{"damage":12,"enemies":"Looter","floor":5,"turns":3},{"damage":40,"enemies":"Gremlin Nob","floor":8,"turns":4},{"damage":29,"enemies":"3 Sentries","floor":11,"turns":12},{"damage":7,"enemies":"Exordium Thugs","floor":12,"turns":6},{"damage":50,"enemies":"The Guardian","floor":16,"turns":16}],"seed_played":"-7962498470732857374","potions_obtained":[{"floor":2,"key":"FearPotion"},{"floor":4,"key":"Block Potion"},{"floor":8,"key":"BloodPotion"},{"floor":11,"key":"Energy Potion"}],"is_trial":false,"path_per_floor":["M","M","?","M","M","R","$","E","T","?","E","M","$","?","R","B"],"character_chosen":"IRONCLAD","items_purchased":[],"campfire_rested":0,"item_purchase_floors":[],"current_hp_per_floor":[68,67,67,63,57,57,57,33,33,38,36,38,53,46,46,1,1],"gold":78,"neow_bonus":"ONE_RANDOM_RARE_CARD","is_daily":false,"chose_seed":false,"campfire_upgraded":2,"win_rate":0.0,"timestamp":1614110714,"path_taken":["M","M","?","M","?","R","$","E","T","?","E","M","$","?","R","BOSS"],"items_purchased_type":[],"build_version":"2020-12-22","purchased_purges":2,"victory":false,"max_hp_per_floor":[75,75,75,75,75,75,75,75,75,80,80,83,83,83,83,83,83],"card_choices":[{"not_picked":["Clash","Reckless Charge"],"picked":"Armaments","floor":1},{"not_picked":["Clothesline","Metallicize"],"picked":"True Grit","floor":2},{"not_picked":["Body Slam","Clash"],"picked":"Battle Trance","floor":4},{"not_picked":["Fire Breathing","Armaments","Havoc"],"picked":"SKIP","floor":5},{"not_picked":["Wild Strike","Pommel Strike","Searing Blow"],"picked":"SKIP","floor":8},{"not_picked":["Headbutt","Shockwave"],"picked":"Feed","floor":11},{"not_picked":["Havoc","Clash","Clothesline"],"picked":"SKIP","floor":12}],"player_experience":442949,"relics_obtained":[{"floor":3,"key":"Toy Ornithopter"},{"floor":8,"key":"War Paint"},{"floor":9,"key":"MealTicket"},{"floor":11,"key":"Bag of Preparation"}],"event_choices":[{"damage_healed":0,"gold_gain":0,"player_choice":"Relic","damage_taken":0,"max_hp_gain":0,"max_hp_loss":0,"event_name":"Wheel of Change","floor":3,"gold_loss":0},{"damage_healed":0,"gold_gain":0,"player_choice":"Donut","damage_taken":0,"max_hp_gain":5,"max_hp_loss":0,"event_name":"Big Fish","floor":10,"gold_loss":0},{"cards_removed":["Defend_R"],"damage_healed":0,"gold_gain":0,"player_choice":"Card Removal","damage_taken":7,"max_hp_gain":0,"max_hp_loss":0,"event_name":"Golden Wing","floor":14,"gold_loss":0}],"is_beta":false,"boss_relics":[],"items_purged_floors":[7,13],"is_endless":false,"potions_floor_spawned":[2,4,8,11],"killed_by":"The Guardian","ascension_level":20}}