{"host":"15miz8rv3pjbfiz2","time":1614059962,"event":{"mods":["AchievementEnabler","Aspiration","Astrologer","Bard","BaseMod","BetterRewards","Colored Map","Colored Powertips","Conspire","Gremlin Mod","Highlight Path","Hubris","Infinite Spire","Jorbs\u0027s Wanderer Trilogy","Minty Spire (QoL Compilation)","Quick Restart","READ ME - Snecko Mod","Replay The Spire","Shop Mod","Somnambulant","StSLib","The Blackbeard","The Bladedancer","The Bug Knight","The Construct","The Cursed","The Disciple","The Forsaken","The Hayseed","The Hierophant","The Judge","The Jungle","The Necromancer","The Poker Player","The Runesmith","The Servant 0.9.4","TheFirefly"],"gold_per_floor":[109,109,124,124,124,149,149,149,149,169,195,195,229,72,72,170,170,183,183,183,197,215,244,244,273,273,303,175,175,191,191,191,288,288,302,320,320,332,332,332],"floor_reached":39,"language":"ENG","playtime":3326,"items_purged":["infinitespire:Pacifist","Defend_W"],"score":503,"play_id":"79101957-88cd-4780-baa5-af650c1f9f7b","local_time":"20210223005922","is_ascension_mode":true,"campfire_choices":[{"data":"Blood_Is_Power","floor":8,"key":"SMITH"},{"data":"Mirror Shield","floor":15,"key":"SMITH"},{"floor":24,"key":"REST"},{"floor":29,"key":"REST"},{"floor":32,"key":"REST"}],"circlet_count":0,"master_deck":["Strike_W","Strike_W","Strike_W","Defend_W","Defend_W","Defend_W","Negative_Energy_Arrows","Bone_Wall","Scare","Negative_Energy_Arrows","Cold Snap","Bone_Armor","Blood_Is_Power+1","Blood_for_Blood+1","Clash","Whirlwind_of_Bones+1","Bone_Armor","Mirror Shield+1","ReplayTheSpireMod:Omega Cannon","Summon_Lich+1","Writhe","Bone_Spikes+1","Bone_Armor","Death_Coil+1","Blood_for_Blood+1","Summon_Vampire_Lady+1","Summon_Vampire_Lady+1","Bandage Up+1","Negative_Energy_Sphere","Blood_Magic+1","Bone_Armor+1","Death_March_Dance"],"relics":["Vampire_Amulet","aspiration:Nostalgia","Iron Core","Frozen Egg 2","hubris:GlazedTorus","Letter Opener","Pantograph","Mango","Philosopher\u0027s Stone","Kunai","hubris:TinFlute","Pondfish Scales","Toxic Egg 2","hubris:BundleOfHerbs","ReplayTheSpireMod:CursedCoin","conspire:SpecialSausage","Runic Pyramid","Strange Spoon"],"acts_visited":["Exordium","TheCity","TheBeyond"],"potions_floor_usage":[18,22,22,23,27,38],"damage_taken":[{"damage":6,"enemies":"2 Louse","floor":1,"turns":3},{"damage":3,"enemies":"Cultist","floor":3,"turns":3},{"damage":5,"enemies":"3 Sentries","floor":6,"turns":8},{"damage":3,"enemies":"Small Slimes","floor":10,"turns":3},{"damage":13,"enemies":"Lagavulin","floor":11,"turns":5},{"damage":13,"enemies":"3 Sentries","floor":13,"turns":6},{"damage":12,"enemies":"The Guardian","floor":16,"turns":12},{"damage":4,"enemies":"2 Thieves","floor":18,"turns":2},{"damage":23,"enemies":"conspire:FuzzyDice","floor":21,"turns":3},{"damage":14,"enemies":"Shelled Parasite and Fungi","floor":22,"turns":4},{"damage":49,"enemies":"Slavers","floor":23,"turns":5},{"damage":6,"enemies":"HollowMod:Nosk","floor":25,"turns":6},{"damage":28,"enemies":"conspire:SneckoGhost","floor":27,"turns":7},{"damage":20,"enemies":"Snecko","floor":30,"turns":6},{"damage":77,"enemies":"Collector","floor":33,"turns":10},{"damage":33,"enemies":"3 Shapes","floor":35,"turns":4},{"damage":21,"enemies":"Orb Walker","floor":36,"turns":4},{"damage":47,"enemies":"Transient","floor":38,"turns":5},{"damage":84,"enemies":"4 Shapes","floor":39,"turns":3}],"seed_played":"-7365047604075451167","potions_obtained":[{"floor":1,"key":"Adrenaline Potion"},{"floor":6,"key":"Swift Potion"},{"floor":13,"key":"Elixir"},{"floor":18,"key":"SteroidPotion"},{"floor":22,"key":"Reflective Coating"},{"floor":27,"key":"Energy Potion"},{"floor":38,"key":"Venom Potion"}],"is_trial":false,"path_per_floor":["M","?","M","T","?","E","?","R","T","M","E","?","E","$","R","B",null,"M","?","?","M","M","E","R","E","T","E","$","R","M","?","R","B",null,"M","M","AVR","M","M"],"character_chosen":"NECROMANCER","items_purchased":["Mirror Shield","ReplayTheSpireMod:CursedCoin","Summon_Vampire_Lady+1","Bandage Up+1"],"campfire_rested":3,"item_purchase_floors":[14,28,28,28],"current_hp_per_floor":[73,73,72,72,72,73,73,73,73,74,63,56,63,63,63,78,89,89,89,89,70,60,17,43,39,39,13,13,39,39,39,65,89,89,77,79,79,55,0,0],"gold":332,"neow_bonus":"NOSTALGIA","is_daily":false,"chose_seed":false,"campfire_upgraded":2,"win_rate":0.0,"timestamp":1614059962,"path_taken":["M","?","?","?","?","E","?","R","T","M","E","?","E","$","R","BOSS","M","?","?","M","M","E","R","E","T","E","?","R","?","?","R","BOSS","M","M","AVR","M","M"],"items_purchased_type":["Card","Relic","Card","Card"],"build_version":"2020-12-22","purchased_purges":2,"victory":false,"max_hp_per_floor":[75,75,75,75,75,75,75,75,75,75,75,75,89,89,89,89,89,89,89,89,89,89,89,89,89,89,89,89,89,89,89,89,89,89,89,89,89,89,89,89],"card_choices":[{"not_picked":["ReplayTheSpireMod:System Scan","Pandemic"],"picked":"Scare","floor":1},{"not_picked":["Vampiric_Strike","Recycle"],"picked":"Bone_Armor","floor":3},{"not_picked":["Bone_Bullets","Iron Wave"],"picked":"Blood_for_Blood+1","floor":6},{"not_picked":["ReplayReversal","WeaponsOverheat"],"picked":"Clash","floor":10},{"not_picked":["Cold Snap","Vampiric_Strike"],"picked":"Whirlwind_of_Bones","floor":11},{"not_picked":["Negative_Energy_Sphere","Toxic_Smoke_Screen"],"picked":"Bone_Armor","floor":13},{"not_picked":["Mirror Shield","Negative_Energy_Bomb"],"picked":"ReplayTheSpireMod:Omega Cannon","floor":16},{"not_picked":["Death_Knell+1","Plague_Bolt+1"],"picked":"Summon_Lich+1","floor":18},{"not_picked":["Slay_Living","Exploit"],"picked":"Bone_Spikes+1","floor":21},{"not_picked":["Violent_Necrosis","Corrupt","Consume_Illness+1"],"picked":"SKIP","floor":22},{"not_picked":["Deaths_Shadow","Spectral_Walk+1"],"picked":"Bone_Armor","floor":23},{"not_picked":["Summon_Undead","Blood_for_Blood+1"],"picked":"Death_Coil+1","floor":25},{"not_picked":["Violent_Necrosis+1","Negative_Energy_Shield+1"],"picked":"Blood_for_Blood+1","floor":27},{"not_picked":["Epidemic+1","Bones_to_Steel+1"],"picked":"Negative_Energy_Sphere","floor":30},{"not_picked":["Cloudkill+1","Blood_Wake"],"picked":"Blood_Magic+1","floor":33},{"not_picked":["Negative_Energy_Javelin+1","Negative_Energy_Shield+1"],"picked":"Bone_Armor+1","floor":35},{"not_picked":["Shackles_Of_Pain+1","Necrotic_Claws","Finger_Of_Death+1"],"picked":"SKIP","floor":36},{"not_picked":["Chill_Blood+1","Toxic_Smoke_Screen+1"],"picked":"Death_March_Dance","floor":38}],"player_experience":418599,"relics_obtained":[{"floor":4,"key":"Frozen Egg 2"},{"floor":6,"key":"hubris:GlazedTorus"},{"floor":9,"key":"Letter Opener"},{"floor":11,"key":"Pantograph"},{"floor":13,"key":"Mango"},{"floor":23,"key":"hubris:TinFlute"},{"floor":25,"key":"Pondfish Scales"},{"floor":26,"key":"Toxic Egg 2"},{"floor":27,"key":"hubris:BundleOfHerbs"}],"event_choices":[{"damage_healed":0,"gold_gain":0,"player_choice":"2 cards matched","damage_taken":0,"max_hp_gain":0,"max_hp_loss":0,"event_name":"Match and Keep!","floor":2,"gold_loss":0,"cards_obtained":["Negative_Energy_Arrows","Cold Snap"]},{"cards_removed":["Strike_W"],"damage_healed":0,"gold_gain":0,"player_choice":"Card Removal","damage_taken":7,"max_hp_gain":0,"max_hp_loss":0,"event_name":"Golden Wing","floor":12,"gold_loss":0},{"damage_healed":0,"gold_gain":0,"player_choice":"Opened","damage_taken":0,"relics_obtained":["Kunai"],"max_hp_gain":0,"max_hp_loss":0,"event_name":"The Mausoleum","floor":20,"gold_loss":0,"cards_obtained":["Writhe"]},{"damage_healed":0,"gold_gain":0,"player_choice":"Upgraded","damage_taken":0,"max_hp_gain":0,"max_hp_loss":0,"event_name":"Upgrade Shrine","floor":31,"gold_loss":0,"cards_upgraded":["Whirlwind_of_Bones"]}],"is_beta":false,"boss_relics":[{"not_picked":["infinitespire:Cupcake","hubris:Backtick"],"picked":"Philosopher\u0027s Stone"},{"not_picked":["hubris:RunicObelisk","hubris:ScarierMask"],"picked":"conspire:SpecialSausage"}],"items_purged_floors":[28,37],"is_endless":false,"potions_floor_spawned":[1,6,13,18,22,27,38],"killed_by":"4 Shapes","ascension_level":1}}