{"host":"g8a0qo0vjtg6u5wv","time":1614082564,"event":{"mods":["BaseMod","Colored Map","Custom Start","KOR Keyword Fix","Minty Spire (QoL Compilation)","StSLib","SuperFastMode"],"gold_per_floor":[111,124,135,20,95,121,180,199,250,262,31,50,50,27,27,98,98,98,98,17,17,17,17,17,17,17,17,17,17,17,17,17,17,17,17,0,0,0,0,0,0,0,0,0,0,0,0,0,0,0],"floor_reached":51,"language":"KOR","playtime":1096,"items_purged":["Strike_G","Strike_G"],"score":1192,"play_id":"cdba2f93-dd5e-43bd-af1f-006ae450f83c","local_time":"20210223211604","is_ascension_mode":true,"campfire_choices":[{"data":"Bouncing Flask","floor":13.0,"key":"SMITH"},{"data":"Footwork","floor":15.0,"key":"SMITH"},{"data":"Catalyst","floor":23.0,"key":"SMITH"},{"data":"Catalyst","floor":27.0,"key":"SMITH"},{"data":"Leg Sweep","floor":29.0,"key":"SMITH"},{"floor":32.0,"key":"REST"},{"data":"Night Terror","floor":41.0,"key":"SMITH"},{"floor":44.0,"key":"REST"},{"data":"After Image","floor":49.0,"key":"SMITH"}],"circlet_count":0,"master_deck":["AscendersBane","Strike_G","Strike_G","Defend_G","Defend_G","Defend_G","Defend_G","Survivor","Neutralize","Dramatic Entrance","All Out Attack","Bouncing Flask+1","Poisoned Stab","Backstab","Flying Knee","PiercingWail","Footwork+1","Leg Sweep+1","Dodge and Roll","Corpse Explosion","Sucker Punch","Footwork","Catalyst+1","Catalyst+1","Dodge and Roll","Bouncing Flask","Heel Hook","Night Terror+1","Dash+1","Deflect","Catalyst","Backflip+1","Bane+1","After Image+1"],"relics":["Ring of the Snake","Ornamental Fan","MawBank","TwistedFunnel","Ectoplasm","Pen Nib","Centennial Puzzle","Smiling Mask","Blood Vial","Sozu","Red Mask","StrikeDummy","TungstenRod"],"acts_visited":["Exordium","TheCity","TheBeyond"],"potions_floor_usage":[],"damage_taken":[{"damage":0.0,"enemies":"Small Slimes","floor":1.0,"turns":3.0},{"damage":0.0,"enemies":"Jaw Worm","floor":2.0,"turns":4.0},{"damage":7.0,"enemies":"2 Louse","floor":3.0,"turns":2.0},{"damage":22.0,"enemies":"Lagavulin","floor":6.0,"turns":5.0},{"damage":0.0,"enemies":"Lots of Slimes","floor":8.0,"turns":2.0},{"damage":0.0,"enemies":"3 Louse","floor":12.0,"turns":2.0},{"damage":5.0,"enemies":"The Guardian","floor":16.0,"turns":10.0},{"damage":8.0,"enemies":"Chosen","floor":18.0,"turns":4.0},{"damage":0.0,"enemies":"Spheric Guardian","floor":19.0,"turns":3.0},{"damage":0.0,"enemies":"Cultist and Chosen","floor":21.0,"turns":4.0},{"damage":10.0,"enemies":"3 Cultists","floor":22.0,"turns":3.0},{"damage":6.0,"enemies":"Book of Stabbing","floor":24.0,"turns":5.0},{"damage":2.0,"enemies":"Snecko","floor":28.0,"turns":3.0},{"damage":7.0,"enemies":"Gremlin Leader","floor":31.0,"turns":4.0},{"damage":67.0,"enemies":"Automaton","floor":33.0,"turns":7.0},{"damage":0.0,"enemies":"Orb Walker","floor":35.0,"turns":3.0},{"damage":6.0,"enemies":"3 Shapes","floor":37.0,"turns":5.0},{"damage":0.0,"enemies":"Maw","floor":38.0,"turns":4.0},{"damage":32.0,"enemies":"Reptomancer","floor":40.0,"turns":6.0},{"damage":3.0,"enemies":"4 Shapes","floor":42.0,"turns":4.0},{"damage":0.0,"enemies":"Transient","floor":45.0,"turns":5.0},{"damage":0.0,"enemies":"Jaw Worm Horde","floor":48.0,"turns":2.0},{"damage":47,"enemies":"Donu and Deca","floor":50,"turns":12}],"seed_played":"-3746115035444369382","potions_obtained":[{"floor":1.0,"key":"Swift Potion"},{"floor":2.0,"key":"AttackPotion"},{"floor":6.0,"key":"Dexterity Potion"},{"floor":22.0,"key":"Poison Potion"},{"floor":31.0,"key":"FairyPotion"}],"is_trial":false,"path_per_floor":["M","M","M","$","?","E","?","M","T","?","$","M","R","$","R","B",null,"M","M","$","M","M","R","E","?","T","R","M","R","?","E","R","B",null,"M","?","M","M","$","E","R","M","T","R","M","$","?","M","R","B",null],"character_chosen":"THE_SILENT","items_purchased":["Backstab","TwistedFunnel","Dodge and Roll","Catalyst"],"campfire_rested":2,"item_purchase_floors":[4,11,14,20],"current_hp_per_floor":[63,63,56,56,45,23,23,23,23,23,23,23,23,23,23,18,57,49,49,49,49,39,39,33,33,33,33,31,31,18,11,33,14,60,62,62,58,60,60,30,30,29,29,51,53,53,53,55,55,10],"gold":0,"neow_bonus":"RANDOM_COLORLESS","is_daily":false,"chose_seed":false,"campfire_upgraded":7,"win_rate":0.0,"timestamp":1614082564,"path_taken":["M","M","M","$","?","E","?","M","T","?","$","M","R","$","R","BOSS","M","M","$","M","?","R","E","?","T","R","M","R","?","E","R","BOSS","M","?","M","M","$","E","R","M","T","R","M","$","?","M","R","BOSS"],"items_purchased_type":["Card","Relic","Card","Card"],"build_version":"2020-12-22","purchased_purges":2,"victory":true,"max_hp_per_floor":[70,70,70,70,70,70,70,70,70,70,70,70,70,70,70,70,70,70,70,70,70,70,70,70,70,70,70,70,70,75,75,75,75,75,75,75,75,75,75,75,75,75,75,75,75,75,75,75,75,75],"card_choices":[{"not_picked":["Forethought","Impatience"],"picked":"Dramatic Entrance","floor":0.0},{"not_picked":["Reflex","Deflect"],"picked":"All Out Attack","floor":1.0},{"not_picked":["Cloak And Dagger","Accuracy"],"picked":"Bouncing Flask","floor":2.0},{"not_picked":["Noxious Fumes","Backflip"],"picked":"Poisoned Stab","floor":3.0},{"not_picked":["Prepared","Quick Slash"],"picked":"Flying Knee","floor":6.0},{"not_picked":["Infinite Blades","All Out Attack"],"picked":"PiercingWail","floor":8.0},{"not_picked":["Dagger Throw","Acrobatics"],"picked":"Leg Sweep","floor":12.0},{"not_picked":["Storm of Steel","Doppelganger"],"picked":"Corpse Explosion","floor":16.0},{"not_picked":["Deflect","Flying Knee"],"picked":"Sucker Punch","floor":18.0},{"not_picked":["Acrobatics+1","Prepared"],"picked":"Footwork","floor":19.0},{"not_picked":["Caltrops","Underhanded Strike+1"],"picked":"Catalyst","floor":21.0},{"not_picked":["Acrobatics+1","Quick Slash"],"picked":"Dodge and Roll","floor":22.0},{"not_picked":["Envenom","Prepared"],"picked":"Bouncing Flask","floor":24.0},{"not_picked":["Flying Knee","Dagger Throw","Underhanded Strike"],"picked":"SKIP","floor":28.0},{"not_picked":["Deadly Poison","Backstab"],"picked":"Heel Hook","floor":31.0},{"not_picked":["Envenom","Tools of the Trade"],"picked":"Night Terror","floor":33.0},{"not_picked":["Poisoned Stab+1","Outmaneuver+1"],"picked":"Dash+1","floor":35.0},{"not_picked":["Setup","Blade Dance+1","Poisoned Stab"],"picked":"SKIP","floor":37.0},{"not_picked":["Dagger Spray+1","Poisoned Stab+1"],"picked":"Deflect","floor":38.0},{"not_picked":["Endless Agony","Unload"],"picked":"Catalyst","floor":40.0},{"not_picked":["Underhanded Strike+1","Dagger Spray"],"picked":"Backflip+1","floor":42.0},{"not_picked":["Dagger Spray+1","Prepared"],"picked":"Bane+1","floor":45.0},{"not_picked":["Underhanded Strike","Deadly Poison+1"],"picked":"After Image","floor":48.0}],"player_experience":588118,"relics_obtained":[{"floor":6.0,"key":"Ornamental Fan"},{"floor":9.0,"key":"MawBank"},{"floor":24.0,"key":"Pen Nib"},{"floor":26.0,"key":"Smiling Mask"},{"floor":31.0,"key":"Blood Vial"},{"floor":40.0,"key":"StrikeDummy"},{"floor":43.0,"key":"TungstenRod"}],"event_choices":[{"damage_healed":0.0,"max_hp_gain":0.0,"max_hp_loss":0.0,"gold_gain":75.0,"event_name":"World of Goop","player_choice":"Gather Gold","floor":5.0,"gold_loss":0.0,"damage_taken":11.0},{"damage_healed":0.0,"max_hp_gain":0.0,"max_hp_loss":0.0,"gold_gain":59.0,"event_name":"Golden Wing","player_choice":"Gained Gold","floor":7.0,"gold_loss":0.0,"damage_taken":0.0},{"damage_healed":0.0,"max_hp_gain":0.0,"max_hp_loss":0.0,"gold_gain":0.0,"cards_transformed":["Strike_G"],"event_name":"Transmorgrifier","player_choice":"Transformed","floor":10.0,"gold_loss":0.0,"damage_taken":0.0,"cards_obtained":["Footwork"]},{"damage_healed":0.0,"max_hp_gain":0.0,"max_hp_loss":0.0,"gold_gain":0.0,"event_name":"The Mausoleum","player_choice":"Opened","floor":25.0,"gold_loss":0.0,"damage_taken":0.0,"relics_obtained":["Centennial Puzzle"]},{"damage_healed":0.0,"max_hp_gain":5.0,"max_hp_loss":0.0,"gold_gain":0.0,"event_name":"Forgotten Altar","player_choice":"Shed Blood","floor":30.0,"gold_loss":0.0,"damage_taken":18.0},{"damage_healed":0.0,"max_hp_gain":0.0,"max_hp_loss":0.0,"gold_gain":0.0,"event_name":"Tomb of Lord Red Mask","player_choice":"Paid","floor":36.0,"gold_loss":17.0,"damage_taken":0.0,"relics_obtained":["Red Mask"]},{"cards_removed":["Defend_G"],"damage_healed":0.0,"max_hp_gain":0.0,"max_hp_loss":0.0,"gold_gain":0.0,"event_name":"Falling","player_choice":"Removed Skill","floor":47.0,"gold_loss":0.0,"damage_taken":0.0}],"is_beta":false,"boss_relics":[{"not_picked":["Runic Dome","Snecko Eye"],"picked":"Ectoplasm"},{"not_picked":["Runic Pyramid","HoveringKite"],"picked":"Sozu"}],"items_purged_floors":[4,11],"is_endless":false,"potions_floor_spawned":[1,2,6,19,22,28,31,37,38,45],"ascension_level":13}}