{"host":"28p8ce41sjwa6lzf","time":1614097511,"event":{"mods":["BaseMod","Bestiary","Colored Map","Colored Powertips","Dark Map","Highlight Path","Minty Spire (QoL Compilation)","Permanent Neow","Quick Restart","Random Character Button","Rare Cards Sparkle","Relic Stats","StSLib","Unceasing Turn Reminder"],"gold_per_floor":[154,51,110,143,161,161,217,217,263,263,263,338,31,79,79,178,178,246,266,266,326,28,28,28,28,28,59,5,36,75,135,135,135,135],"floor_reached":33,"language":"ENG","playtime":2670,"items_purged":["Writhe","Injury","Strike_G"],"score":620,"play_id":"1eaeb927-5676-46fe-b950-7271e33805ca","local_time":"20210223102511","is_ascension_mode":true,"campfire_choices":[{"data":"HandOfGreed","floor":6.0,"key":"SMITH"},{"floor":8.0,"key":"REST"},{"data":"Deadly Poison","floor":11.0,"key":"SMITH"},{"floor":15.0,"key":"REST"},{"data":"Wraith Form v2","floor":23.0,"key":"SMITH"},{"data":"Catalyst","floor":25.0,"key":"SMITH"},{"data":"Infinite Blades","floor":32.0,"key":"SMITH"}],"circlet_count":0,"master_deck":["AscendersBane","Strike_G","Defend_G","Defend_G","Defend_G","Defend_G","Defend_G","Survivor","Neutralize","HandOfGreed+1","Acrobatics","Deadly Poison+1","Slice","Dagger Spray","Catalyst+1","Infinite Blades+1","Wraith Form v2+1","Cloak And Dagger+1","Backflip","Die Die Die","Acrobatics+1","Concentrate+1","Eviscerate+1","Finisher","Reflex+1","Ghostly","Ghostly","Ghostly+1","Deflect","Backstab+1","Cloak And Dagger+1","Noxious Fumes"],"relics":["Ring of the Snake","Ninja Scroll","Bloody Idol","Astrolabe","Red Mask","War Paint","HornCleat","Bronze Scales","Ginger"],"acts_visited":["Exordium","TheCity"],"potions_floor_usage":[33],"damage_taken":[{"damage":1.0,"enemies":"2 Louse","floor":1.0,"turns":4.0},{"damage":1.0,"enemies":"Small Slimes","floor":3.0,"turns":5.0},{"damage":0.0,"enemies":"Jaw Worm","floor":4.0,"turns":4.0},{"damage":6.0,"enemies":"Looter","floor":5.0,"turns":4.0},{"damage":42.0,"enemies":"Lagavulin","floor":7.0,"turns":8.0},{"damage":1.0,"enemies":"2 Fungi Beasts","floor":12.0,"turns":4.0},{"damage":9.0,"enemies":"Red Slaver","floor":14.0,"turns":2.0},{"damage":51.0,"enemies":"Hexaghost","floor":16.0,"turns":11.0},{"damage":9.0,"enemies":"3 Byrds","floor":18.0,"turns":6.0},{"damage":14.0,"enemies":"Chosen","floor":19.0,"turns":4.0},{"damage":2.0,"enemies":"Masked Bandits","floor":21.0,"turns":4.0},{"damage":13.0,"enemies":"Gremlin Leader","floor":27.0,"turns":10.0},{"damage":11.0,"enemies":"Book of Stabbing","floor":29.0,"turns":5.0},{"damage":0.0,"enemies":"Centurion and Healer","floor":30.0,"turns":10.0},{"damage":13.0,"enemies":"Sentry and Sphere","floor":31.0,"turns":8.0},{"damage":26,"enemies":"Collector","floor":33,"turns":7}],"seed_played":"7231187793437327874","potions_obtained":[{"floor":5.0,"key":"EssenceOfSteel"},{"floor":7.0,"key":"Explosive Potion"},{"floor":12.0,"key":"Regen Potion"},{"floor":16.0,"key":"Dexterity Potion"},{"floor":19.0,"key":"Energy Potion"},{"floor":21.0,"key":"SkillPotion"},{"floor":27.0,"key":"AttackPotion"},{"floor":31.0,"key":"CultistPotion"}],"is_trial":false,"path_per_floor":["M","$","M","M","M","R","E","R","T","?","R","M","$","M","R","B",null,"M","M","?","?","$","R","?","R","T","E","$","E","M","M","R","B"],"character_chosen":"THE_SILENT","items_purchased":["Deadly Poison","Wraith Form v2","Cloak And Dagger","War Paint","Fire Potion"],"campfire_rested":2,"item_purchase_floors":[2,13,13,22,28],"current_hp_per_floor":[58,58,57,57,51,51,9,28,28,28,28,27,27,18,37,1,50,41,27,27,25,25,25,25,25,25,17,17,11,21,23,23,0,0],"gold":135,"neow_bonus":"RANDOM_COLORLESS_2","is_daily":false,"chose_seed":false,"campfire_upgraded":5,"win_rate":0.0,"timestamp":1614097511,"path_taken":["M","$","M","M","M","R","E","R","T","?","R","M","$","M","R","BOSS","M","M","?","?","$","R","?","R","T","E","$","E","?","M","R","BOSS"],"items_purchased_type":["Card","Card","Card","Relic","Potion"],"build_version":"2020-12-22","purchased_purges":3,"victory":false,"max_hp_per_floor":[66,66,66,66,66,66,66,66,66,66,66,66,66,66,66,66,66,66,66,33,33,33,33,33,33,33,33,33,33,33,33,33,33,33],"relic_stats":{"counters":[16,96],"Bloody Idol":35,"Astrolabe":["Acrobatics","Concentrate","Eviscerate"],"Bronze Scales":[66],"Ginger":[5],"War Paint":["Ghostly","Cloak And Dagger"],"obtain_stats":[{"HornCleat":26,"Ninja Scroll":7,"Golden Idol":10,"Astrolabe":17,"Bloody Idol":24,"Bronze Scales":27,"Red Mask":21,"Ginger":29,"War Paint":22,"Ring of the Snake":0},{"HornCleat":11,"Ninja Scroll":5,"Golden Idol":5,"Astrolabe":8,"Bloody Idol":11,"Bronze Scales":12,"Red Mask":11,"Ginger":13,"War Paint":11,"Ring of the Snake":0},{"HornCleat":56,"Ninja Scroll":25,"Golden Idol":25,"Astrolabe":42,"Bloody Idol":56,"Bronze Scales":66,"Red Mask":56,"Ginger":71,"War Paint":56,"Ring of the Snake":0}],"Ring of the Snake":[32]},"card_choices":[{"not_picked":["Transmutation","Secret Technique"],"picked":"HandOfGreed","floor":0.0},{"not_picked":["Poisoned Stab","Endless Agony"],"picked":"Acrobatics","floor":1.0},{"not_picked":["Choke","Prepared"],"picked":"Slice","floor":3.0},{"not_picked":["Setup","Expertise","Distraction"],"picked":"SKIP","floor":4.0},{"not_picked":["Deflect","Underhanded Strike"],"picked":"Dagger Spray","floor":5.0},{"not_picked":["Choke","Eviscerate"],"picked":"Catalyst","floor":7.0},{"not_picked":["PiercingWail","Flying Knee"],"picked":"Infinite Blades","floor":12.0},{"not_picked":["Bane","Outmaneuver"],"picked":"Backflip","floor":14.0},{"not_picked":["Storm of Steel","Doppelganger"],"picked":"Die Die Die","floor":16.0},{"not_picked":["PiercingWail","Backstab"],"picked":"Finisher","floor":18.0},{"not_picked":["Blur","Crippling Poison+1"],"picked":"Reflex+1","floor":19.0},{"not_picked":["Dagger Spray","Outmaneuver"],"picked":"Deflect","floor":21.0},{"not_picked":["Dodge and Roll","Cloak And Dagger"],"picked":"Backstab+1","floor":27.0},{"not_picked":["Bane","Flying Knee","Dagger Throw"],"picked":"SKIP","floor":29.0},{"not_picked":["Heel Hook","Backstab"],"picked":"Cloak And Dagger+1","floor":30.0},{"not_picked":["Deadly Poison","A Thousand Cuts"],"picked":"Noxious Fumes","floor":31.0}],"player_experience":1377726,"relics_obtained":[{"floor":7.0,"key":"Ninja Scroll"},{"floor":21.0,"key":"Red Mask"},{"floor":26.0,"key":"HornCleat"},{"floor":27.0,"key":"Bronze Scales"},{"floor":29.0,"key":"Ginger"}],"event_choices":[{"damage_healed":0.0,"max_hp_gain":0.0,"max_hp_loss":0.0,"gold_gain":0.0,"event_name":"Golden Idol","player_choice":"Take Wound","floor":10.0,"gold_loss":0.0,"damage_taken":0.0,"relics_obtained":["Golden Idol"],"cards_obtained":["Injury"]},{"damage_healed":0.0,"max_hp_gain":0.0,"max_hp_loss":33.0,"gold_gain":0.0,"event_name":"Ghosts","player_choice":"Became a Ghost","floor":20.0,"gold_loss":0.0,"damage_taken":0.0,"cards_obtained":["Ghostly","Ghostly","Ghostly"]},{"damage_healed":0.0,"max_hp_gain":0.0,"max_hp_loss":0.0,"gold_gain":0.0,"event_name":"Masked Bandits","player_choice":"Fought Bandits","floor":21.0,"gold_loss":0.0,"damage_taken":0.0},{"damage_healed":0.0,"max_hp_gain":0.0,"max_hp_loss":0.0,"gold_gain":0.0,"event_name":"Forgotten Altar","player_choice":"Gave Idol","floor":24.0,"relics_lost":["Golden Idol"],"gold_loss":0.0,"damage_taken":0.0,"relics_obtained":["Bloody Idol"]}],"is_beta":false,"boss_relics":[{"not_picked":["Empty Cage","Velvet Choker"],"picked":"Astrolabe"}],"items_purged_floors":[2,13,22],"is_endless":false,"potions_floor_spawned":[5,7,12,16,19,21,27,31],"killed_by":"Collector","ascension_level":20}}