{"host":"k8zxn3kyvyydvrxi","time":1614084229,"event":{"mods":["BaseMod","BetterRewards","Minty Spire (QoL Compilation)","Quick Restart","Replay The Spire","StSLib"],"gold_per_floor":[366,441,142,160,160,194,208,208,208,208,52,63,63,95,95,191,191,205,217,316,327,106,106,126,226,226,242,242,157,157,172,172,272,272,289,399,172,183,201,201,201],"floor_reached":40,"language":"ENG","playtime":2337,"items_purged":["Strike_R"],"score":446,"play_id":"1333a15f-b6ac-4ea2-a7aa-e9d35cf37acc","local_time":"20210223044349","is_ascension_mode":false,"campfire_choices":[{"data":"Armaments","floor":8,"key":"SMITH"},{"data":"Sever Soul","floor":13,"key":"SMITH"},{"data":"Sever Soul","floor":15,"key":"SMITH"},{"data":"True Grit","floor":23,"key":"SMITH"},{"data":"Defy Death","floor":28,"key":"SMITH"},{"data":"Abandon","floor":30,"key":"SMITH"},{"data":"Feed","floor":32,"key":"SMITH"}],"circlet_count":0,"master_deck":["Strike_R","Strike_R","Strike_R","Strike_R","Defend_R","Defend_R","Defend_R","Defend_R","Perfected Strike","ReplayReversal","Armaments+1","Survivor","Neutralize","Sever Soul+1","Sever Soul+1","Feed","True Grit","Iron Wave","True Grit","True Grit+1","Abandon+1","Defy Death+1","Feed+1","Power Through+1","Demonic Infusion","Cleave+1","Infernal Blade","Metallicize","ReplayTheSpireMod:Corrosion Curse","Sever Soul","Pommel Strike","Perfected Strike+1"],"relics":["Burning Blood","Dead Branch","ReplayTheSpireMod:Shallot","Bronze Scales","Lee\u0027s Waffle","Prayer Wheel","Snecko Heart","Juzu Bracelet","Pet Ghost","Bag of Marbles","Painkiller Herb","Replay:Baseball"],"acts_visited":["Exordium","TheCity","TheBeyond"],"potions_floor_usage":[16,16,18,21,24,33,33],"damage_taken":[{"damage":11,"enemies":"Jaw Worm","floor":1,"turns":2},{"damage":7,"enemies":"2 Louse","floor":4,"turns":3},{"damage":27,"enemies":"Replay:BlueRogue","floor":6,"turns":6},{"damage":0,"enemies":"Cultist","floor":7,"turns":3},{"damage":1,"enemies":"Blue Slaver","floor":12,"turns":3},{"damage":7,"enemies":"Gremlin Nob","floor":14,"turns":4},{"damage":32,"enemies":"Slime Boss","floor":16,"turns":10},{"damage":0,"enemies":"3 Byrds","floor":18,"turns":2},{"damage":4,"enemies":"Chosen","floor":19,"turns":4},{"damage":12,"enemies":"Shelled Parasite and Fungi","floor":21,"turns":5},{"damage":23,"enemies":"3 Cultists","floor":24,"turns":6},{"damage":9,"enemies":"Cultist and Chosen","floor":27,"turns":7},{"damage":7,"enemies":"Centurion and Healer","floor":31,"turns":6},{"damage":35,"enemies":"Champ","floor":33,"turns":13},{"damage":14,"enemies":"3 Shapes","floor":35,"turns":6},{"damage":11,"enemies":"3 Darklings","floor":38,"turns":6},{"damage":31,"enemies":"Transient","floor":39,"turns":5},{"damage":33,"enemies":"Giant Head","floor":40,"turns":6}],"seed_played":"-5658416356359534470","potions_obtained":[{"floor":4,"key":"PowerPotion"},{"floor":14,"key":"Flashbang"},{"floor":16,"key":"Explosive Potion"},{"floor":18,"key":"Swift Potion"},{"floor":19,"key":"ColorlessPotion"},{"floor":21,"key":"ColorlessPotion"},{"floor":31,"key":"Swift Potion"},{"floor":33,"key":"Languid Potion"}],"is_trial":false,"path_per_floor":["M","?","$","M","?","E","M","R","T","?","$","M","R","E","R","B",null,"M","M","?","M","$","R","M","?","T","M","R","?","R","M","R","B",null,"?","?","T","?","?","E"],"character_chosen":"IRONCLAD","items_purchased":["Dead Branch","Lee\u0027s Waffle","Juzu Bracelet","Replay:Baseball","Sever Soul"],"campfire_rested":0,"item_purchase_floors":[3,11,22,37,37],"current_hp_per_floor":[51,40,40,39,39,18,24,24,24,24,87,87,87,86,86,60,87,90,90,90,84,84,84,71,71,71,68,68,68,68,70,70,41,97,89,51,51,46,21,0,0],"gold":201,"neow_bonus":"TWO_FIFTY_GOLD","is_daily":false,"chose_seed":false,"campfire_upgraded":7,"win_rate":0.0,"timestamp":1614084229,"path_taken":["M","?","$","M","?","E","M","R","T","?","?","M","R","E","R","BOSS","M","M","?","M","$","R","M","?","T","M","R","?","R","M","R","BOSS","?","?","T","?","?","E"],"items_purchased_type":["Relic","Relic","Relic","Relic","Card"],"build_version":"2020-12-22","purchased_purges":1,"victory":false,"max_hp_per_floor":[80,80,80,80,80,80,80,80,80,80,87,87,87,87,87,87,87,90,90,90,90,90,90,94,94,94,94,94,94,94,97,97,97,97,97,97,97,97,97,97,97],"card_choices":[{"not_picked":["Flex","ReplayTheSpireMod:Limb From Limb"],"picked":"Perfected Strike","floor":1},{"not_picked":["Evolve","Clothesline","Headbutt"],"picked":"SKIP","floor":4},{"not_picked":["Hemogenesis","Carnage"],"picked":"ReplayReversal","floor":6},{"not_picked":["Pommel Strike","Shockwave"],"picked":"Armaments","floor":7},{"not_picked":["Sever Soul","Flex","Headbutt"],"picked":"SKIP","floor":12},{"not_picked":["Flex","Headbutt"],"picked":"Sever Soul","floor":12},{"not_picked":["True Grit","Warcry"],"picked":"Sever Soul","floor":14},{"not_picked":["Impervious","Brutality"],"picked":"Feed","floor":16},{"not_picked":["ReplayTheSpireMod:Strike From Hell","Sword Boomerang"],"picked":"True Grit","floor":18},{"not_picked":["Disarm","Twin Strike"],"picked":"Iron Wave","floor":18},{"not_picked":["Carnage+1","Disarm+1"],"picked":"True Grit","floor":19},{"not_picked":["Replay:Many Hands","Run Through","Clash+1"],"picked":"SKIP","floor":19},{"not_picked":["Hemokinesis+1","Flex"],"picked":"True Grit","floor":21},{"not_picked":["ReplayTheSpireMod:Limb From Limb+1","Warcry+1","Wild Strike+1"],"picked":"SKIP","floor":21},{"not_picked":["Clothesline","Shrug It Off"],"picked":"Abandon","floor":24},{"not_picked":["Thunderclap","Shrug It Off"],"picked":"Defy Death","floor":24},{"not_picked":["Spot Weakness","Burning Pact"],"picked":"Feed","floor":27},{"not_picked":["Sword Boomerang+1","Anger","Run Through+1"],"picked":"SKIP","floor":27},{"not_picked":["Cleave","Clash"],"picked":"Power Through+1","floor":31},{"not_picked":["Headbutt+1","Heavy Blade","ReplayTheSpireMod:Strike From Hell"],"picked":"SKIP","floor":31},{"not_picked":["Impervious","Brutality"],"picked":"Demonic Infusion","floor":33},{"not_picked":["Flex+1","Sever Soul+1"],"picked":"Cleave+1","floor":35},{"not_picked":["Clothesline","Feel No Pain","Fire Breathing+1"],"picked":"SKIP","floor":35},{"not_picked":["Headbutt+1","Battle Trance+1"],"picked":"Infernal Blade","floor":36},{"not_picked":["Battle Trance","Clothesline"],"picked":"Metallicize","floor":36},{"not_picked":["Heavy Blade+1","Inflame+1"],"picked":"ReplayTheSpireMod:Corrosion Curse","floor":36},{"not_picked":["Ghostly Armor+1","Brutality"],"picked":"Pommel Strike","floor":38},{"not_picked":["Body Slam+1","Feel No Pain","Disarm+1"],"picked":"SKIP","floor":38},{"not_picked":["Iron Wave+1","Ghostly Armor"],"picked":"Perfected Strike+1","floor":39},{"not_picked":["Fiend Fire","Flex","Rupture"],"picked":"SKIP","floor":39}],"player_experience":315490,"relics_obtained":[{"floor":6,"key":"ReplayTheSpireMod:Shallot"},{"floor":9,"key":"Bronze Scales"},{"floor":14,"key":"Prayer Wheel"},{"floor":26,"key":"Pet Ghost"}],"event_choices":[{"damage_healed":0,"gold_gain":75,"player_choice":"Gather Gold","damage_taken":11,"max_hp_gain":0,"max_hp_loss":0,"event_name":"World of Goop","floor":2,"gold_loss":0},{"damage_healed":0,"gold_gain":0,"player_choice":"Fled","damage_taken":0,"max_hp_gain":0,"max_hp_loss":0,"event_name":"Scrap Ooze","floor":5,"gold_loss":0},{"damage_healed":0,"gold_gain":99,"player_choice":"Stole From Cult","damage_taken":0,"max_hp_gain":0,"max_hp_loss":0,"event_name":"Nest","floor":20,"gold_loss":0},{"damage_healed":0,"gold_gain":100,"player_choice":"Pray","damage_taken":0,"max_hp_gain":0,"max_hp_loss":0,"event_name":"Golden Shrine","floor":25,"gold_loss":0},{"damage_healed":0,"gold_gain":0,"player_choice":"Obtained Relic","damage_taken":0,"relics_obtained":["Bag of Marbles"],"max_hp_gain":0,"max_hp_loss":0,"event_name":"Addict","floor":29,"gold_loss":85}],"is_beta":false,"boss_relics":[{"not_picked":["Cursed Key","Coffee Dripper"],"picked":"Snecko Heart"},{"not_picked":["Runic Dome","Replay:Bronze Core"],"picked":"Painkiller Herb"}],"items_purged_floors":[22],"is_endless":false,"potions_floor_spawned":[4,14,16,18,19,21,31,33],"killed_by":"Giant Head","ascension_level":0}}