{"host":"c6u7e77myxvw4d0m","time":1614111634,"event":{"mods":["AchievementEnabler","BaseMod","Bestiary","Colored Map","Colored Powertips","Minty Spire (QoL Compilation)","Rare Cards Sparkle","Relic Stats","everything is the same but u backflip on backflip"],"gold_per_floor":[109,121,135,148,168,199,199,229,229,243,243,261,261,277,277,277,277],"floor_reached":16,"language":"ENG","playtime":869,"items_purged":[],"score":232,"play_id":"2dfc40d9-2856-4018-9a3f-db48d3cbee15","local_time":"20210223222034","is_ascension_mode":true,"campfire_choices":[{"data":"Neutralize","floor":7,"key":"SMITH"},{"floor":11,"key":"REST"},{"floor":15,"key":"REST"}],"circlet_count":0,"master_deck":["AscendersBane","Strike_G","Strike_G","Strike_G","Strike_G","Defend_G","Defend_G","Defend_G","Defend_G","Defend_G","Survivor","Neutralize+1","Flying Knee","Poisoned Stab","Deadly Poison","Quick Slash","Quick Slash","Wraith Form v2","Blade Dance","Dagger Spray","Bouncing Flask"],"relics":["SacredBark","Toy Ornithopter","Unceasing Top","Smiling Mask"],"acts_visited":["Exordium"],"potions_floor_usage":[5,6,8,12],"damage_taken":[{"damage":0,"enemies":"2 Louse","floor":1,"turns":5},{"damage":13,"enemies":"Jaw Worm","floor":2,"turns":7},{"damage":0,"enemies":"Small Slimes","floor":3,"turns":5},{"damage":4,"enemies":"Blue Slaver","floor":4,"turns":5},{"damage":0,"enemies":"3 Louse","floor":5,"turns":3},{"damage":7,"enemies":"3 Sentries","floor":6,"turns":5},{"damage":26,"enemies":"Gremlin Nob","floor":8,"turns":4},{"damage":8,"enemies":"Looter","floor":10,"turns":4},{"damage":9,"enemies":"Lots of Slimes","floor":12,"turns":4},{"damage":6,"enemies":"Red Slaver","floor":14,"turns":3},{"damage":30,"enemies":"The Guardian","floor":16,"turns":9}],"seed_played":"5272164065583989101","potions_obtained":[{"floor":1,"key":"Block Potion"},{"floor":5,"key":"Explosive Potion"},{"floor":6,"key":"SneckoOil"},{"floor":10,"key":"SpeedPotion"}],"is_trial":false,"path_per_floor":["M","M","M","M","M","E","R","E","T","M","R","M","?","M","R","B"],"character_chosen":"THE_SILENT","items_purchased":[],"campfire_rested":2,"item_purchase_floors":[],"current_hp_per_floor":[59,46,46,42,42,35,35,14,14,6,25,21,14,8,27,0,0],"gold":277,"neow_bonus":"BOSS_RELIC","is_daily":false,"chose_seed":false,"campfire_upgraded":1,"win_rate":0.0,"timestamp":1614111634,"path_taken":["M","M","M","M","M","E","R","E","T","M","R","M","?","M","R","BOSS"],"items_purchased_type":[],"build_version":"2020-12-22","purchased_purges":0,"victory":false,"max_hp_per_floor":[66,66,66,66,66,66,66,66,66,66,66,66,66,66,66,66,66],"relic_stats":{"counters":[11,54],"Smiling Mask":0,"obtain_stats":[{"SacredBark":0,"Smiling Mask":9,"Toy Ornithopter":6,"Unceasing Top":8,"Ring of the Snake":0},{"SacredBark":0,"Smiling Mask":7,"Toy Ornithopter":6,"Unceasing Top":7,"Ring of the Snake":0},{"SacredBark":0,"Smiling Mask":34,"Toy Ornithopter":30,"Unceasing Top":34,"Ring of the Snake":0}],"Toy Ornithopter":10,"Unceasing Top":[0]},"card_choices":[{"not_picked":["Escape Plan","Tactician"],"picked":"Flying Knee","floor":1},{"not_picked":["Cloak And Dagger","Slice"],"picked":"Poisoned Stab","floor":2},{"not_picked":["Reflex","Backflip"],"picked":"Deadly Poison","floor":3},{"not_picked":["Riddle With Holes","PiercingWail"],"picked":"Quick Slash","floor":4},{"not_picked":["Underhanded Strike","Slice"],"picked":"Quick Slash","floor":5},{"not_picked":["Sucker Punch","Finisher","Prepared"],"picked":"SKIP","floor":6},{"not_picked":["Underhanded Strike","Dagger Throw"],"picked":"Wraith Form v2","floor":8},{"not_picked":["Dagger Spray","Crippling Poison"],"picked":"Blade Dance","floor":10},{"not_picked":["Deadly Poison","Acrobatics"],"picked":"Dagger Spray","floor":12},{"not_picked":["Outmaneuver","Dagger Throw"],"picked":"Bouncing Flask","floor":14}],"player_experience":885699,"relics_obtained":[{"floor":6,"key":"Toy Ornithopter"},{"floor":8,"key":"Unceasing Top"},{"floor":9,"key":"Smiling Mask"}],"event_choices":[{"cards_removed":["Strike_G"],"damage_healed":0,"gold_gain":0,"player_choice":"Card Removal","damage_taken":7,"max_hp_gain":0,"max_hp_loss":0,"event_name":"Golden Wing","floor":13,"gold_loss":0}],"is_beta":false,"boss_relics":[],"items_purged_floors":[],"is_endless":false,"potions_floor_spawned":[1,5,6,10],"killed_by":"The Guardian","ascension_level":20}}