{"host":"en4narc5947t7k9n","time":1614114127,"event":{"mods":["AchievementEnabler","BaseMod","Colored Map","Minty Spire (QoL Compilation)","SuperFastMode"],"gold_per_floor":[114,114,132,148,165,192,167,167,167,215,257,280,303,69,69,69,69],"floor_reached":16,"language":"KOR","playtime":688,"items_purged":[],"score":112,"play_id":"0a01616a-aefc-4843-8947-59c30d4d4a7d","local_time":"20210224060207","is_ascension_mode":false,"campfire_choices":[{"floor":15,"key":"REST"}],"circlet_count":0,"master_deck":["Strike_G","Strike_G","Strike_G","Strike_G","Strike_G","Defend_G","Defend_G","Defend_G","Defend_G","Defend_G","Survivor","Neutralize","Deadly Poison","Deadly Poison","Tactician","PiercingWail","Deadly Poison","Poisoned Stab","Distraction","Prepared","Crippling Poison","Discovery","Calculated Gamble"],"relics":["Ring of the Snake","NeowsBlessing","Dream Catcher","MawBank","Gremlin Horn","Omamori"],"acts_visited":["Exordium"],"potions_floor_usage":[6,6,11,13,16],"damage_taken":[{"damage":0,"enemies":"Cultist","floor":1,"turns":1},{"damage":0,"enemies":"Jaw Worm","floor":3,"turns":1},{"damage":0,"enemies":"2 Louse","floor":4,"turns":1},{"damage":3,"enemies":"2 Fungi Beasts","floor":5,"turns":5},{"damage":28,"enemies":"3 Sentries","floor":6,"turns":10},{"damage":25,"enemies":"Gremlin Nob","floor":11,"turns":4},{"damage":7,"enemies":"Looter","floor":12,"turns":4},{"damage":2,"enemies":"Blue Slaver","floor":13,"turns":4},{"damage":40,"enemies":"Slime Boss","floor":16,"turns":13}],"seed_played":"-2609516499931226277","potions_obtained":[{"floor":1,"key":"BlessingOfTheForge"},{"floor":3,"key":"AttackPotion"},{"floor":5,"key":"AttackPotion"},{"floor":11,"key":"Regen Potion"},{"floor":12,"key":"Strength Potion"}],"is_trial":false,"path_per_floor":["M","$","M","M","M","E","$","?","T","T","E","M","M","$","R","B"],"character_chosen":"THE_SILENT","items_purchased":["Poisoned Stab","Omamori","Discovery"],"campfire_rested":1,"item_purchase_floors":[7,14,14],"current_hp_per_floor":[70,70,70,70,67,39,39,39,39,39,14,7,19,19,40,0,0],"gold":69,"neow_bonus":"THREE_ENEMY_KILL","is_daily":false,"chose_seed":false,"campfire_upgraded":0,"win_rate":0.0,"timestamp":1614114127,"path_taken":["M","$","M","M","M","E","$","?","T","?","E","M","M","$","R","BOSS"],"items_purchased_type":["Card","Relic","Card"],"build_version":"2020-12-22","purchased_purges":0,"victory":false,"max_hp_per_floor":[70,70,70,70,70,70,70,70,70,70,70,70,70,70,70,70,70],"card_choices":[{"not_picked":["Setup","Underhanded Strike"],"picked":"Deadly Poison","floor":1},{"not_picked":["Sucker Punch","Footwork"],"picked":"Deadly Poison","floor":3},{"not_picked":["Infinite Blades","Heel Hook"],"picked":"Tactician","floor":4},{"not_picked":["Prepared","Dagger Spray"],"picked":"PiercingWail","floor":5},{"not_picked":["Eviscerate","Setup"],"picked":"Deadly Poison","floor":6},{"not_picked":["Glass Knife","Deflect"],"picked":"Distraction","floor":11},{"not_picked":["Outmaneuver","Choke"],"picked":"Prepared","floor":12},{"not_picked":["Eviscerate","Flechettes"],"picked":"Crippling Poison","floor":13},{"not_picked":["Deflect","A Thousand Cuts"],"picked":"Calculated Gamble","floor":15}],"player_experience":187818,"relics_obtained":[{"floor":6,"key":"Dream Catcher"},{"floor":10,"key":"MawBank"},{"floor":11,"key":"Gremlin Horn"}],"event_choices":[{"damage_healed":0,"gold_gain":0,"player_choice":"Ignored","damage_taken":0,"max_hp_gain":0,"max_hp_loss":0,"event_name":"Liars Game","floor":8,"gold_loss":0}],"is_beta":false,"boss_relics":[],"items_purged_floors":[],"is_endless":false,"potions_floor_spawned":[1,3,5,11,12],"killed_by":"Slime Boss","ascension_level":0}}