{"host":"birdoosa9v9yfc1w","time":1614116023,"event":{"mods":["2.2 Compatiblity","BaseMod","Bossed Relics","Colored Map","Colored Powertips","Dark Map","Halation","Highlight Path","Minty Spire (QoL Compilation)","Rare Cards Sparkle","Relic Filter","SacredBarkPlus","StSLib","The Jungle","Thrall Mod"],"gold_per_floor":[109,284,303,303,56,86,100,100,100],"floor_reached":8,"language":"ENG","playtime":275,"items_purged":[],"score":95,"play_id":"ae030645-f126-4b17-9d6c-63f512781c8c","local_time":"20210223163343","is_ascension_mode":true,"campfire_choices":[],"circlet_count":0,"master_deck":["AscendersBane","Strike_Thrall","Strike_Thrall","Strike_Thrall","Strike_Thrall","Strike_Thrall","Defend_Thrall","Defend_Thrall","Defend_Thrall","Defend_Thrall","Defend_Thrall","Lightningbolt","Thecoin","Frostshock","Doubt","Manatidetotem","Beakeredlightning"],"relics":["Totem","halation:StarCompass","Singing Bowl","Omamori"],"acts_visited":["Exordium"],"potions_floor_usage":[],"damage_taken":[{"damage":8,"enemies":"2 Louse","floor":1,"turns":2},{"damage":2,"enemies":"Jaw Worm","floor":3,"turns":3},{"damage":53,"enemies":"Gremlin Nob","floor":6,"turns":6},{"damage":3,"enemies":"Small Slimes","floor":7,"turns":3},{"damage":10,"enemies":"3 Sentries","floor":8,"turns":3}],"seed_played":"-4142318021059232829","potions_obtained":[{"floor":6,"key":"Swift Potion"}],"is_trial":false,"path_per_floor":["M","?","M","?","$","E","M","E"],"character_chosen":"THRALL","items_purchased":["Singing Bowl"],"campfire_rested":0,"item_purchase_floors":[5],"current_hp_per_floor":[57,57,57,57,57,8,7,0,0],"gold":100,"neow_bonus":"TEN_PERCENT_HP_BONUS","is_daily":false,"chose_seed":false,"campfire_upgraded":0,"win_rate":0.0,"timestamp":1614116023,"path_taken":["M","?","M","?","?","E","M","E"],"items_purchased_type":["Relic"],"build_version":"2020-12-22","purchased_purges":0,"victory":false,"max_hp_per_floor":[72,72,72,72,72,72,74,74,74],"card_choices":[{"not_picked":["Menacingnimbus","Evolve"],"picked":"Frostshock","floor":1},{"not_picked":["Blazing","Fireelemental"],"picked":"Manatidetotem","floor":3},{"not_picked":["Earthshock","Thecoin"],"picked":"Beakeredlightning","floor":6},{"not_picked":["Murksparkeel","Rockbiter","Ancestralknow"],"picked":"Singing Bowl","floor":7}],"player_experience":669451,"relics_obtained":[{"floor":6,"key":"Omamori"}],"event_choices":[{"damage_healed":0,"gold_gain":175,"player_choice":"AGREE","damage_taken":0,"max_hp_gain":0,"max_hp_loss":0,"event_name":"Liars Game","floor":2,"gold_loss":0,"cards_obtained":["Doubt"]}],"is_beta":false,"boss_relics":[],"items_purged_floors":[],"is_endless":false,"potions_floor_spawned":[6],"killed_by":"3 Sentries","ascension_level":14}}