{"host":"en4narc5947t7k9n","time":1614117269,"event":{"mods":["AchievementEnabler","BaseMod","Colored Map","Minty Spire (QoL Compilation)","SuperFastMode"],"gold_per_floor":[113,113,133,151,0,0,21,21,91,91,130,208,226,246,246,246,246],"floor_reached":16,"language":"KOR","playtime":579,"items_purged":["Strike_G"],"score":102,"play_id":"430c04d6-a390-493d-8b8a-613a2577d1b3","local_time":"20210224065429","is_ascension_mode":false,"campfire_choices":[{"data":"Distraction","floor":6,"key":"SMITH"},{"data":"Bouncing Flask","floor":8,"key":"SMITH"},{"floor":10,"key":"RECALL"},{"data":"Backstab","floor":15,"key":"SMITH"}],"circlet_count":0,"master_deck":["Strike_G","Strike_G","Strike_G","Strike_G","Defend_G","Defend_G","Defend_G","Defend_G","Defend_G","Survivor","Neutralize+1","Deflect","Deadly Poison","Acrobatics","Distraction+1","Bouncing Flask+1","Deadly Poison","Backstab+1","PiercingWail"],"relics":["Ring of the Snake","Golden Idol","Meat on the Bone","Lantern","White Beast Statue"],"acts_visited":["Exordium"],"potions_floor_usage":[11,16,16,16],"damage_taken":[{"damage":0,"enemies":"Jaw Worm","floor":1,"turns":5},{"damage":1,"enemies":"2 Louse","floor":3,"turns":4},{"damage":5,"enemies":"Small Slimes","floor":4,"turns":5},{"damage":0,"enemies":"Looter","floor":7,"turns":3},{"damage":24,"enemies":"Gremlin Nob","floor":11,"turns":4},{"damage":9,"enemies":"Exordium Thugs","floor":13,"turns":4},{"damage":0,"enemies":"Large Slime","floor":14,"turns":5},{"damage":39,"enemies":"Slime Boss","floor":16,"turns":10}],"seed_played":"99583314034263092","potions_obtained":[{"floor":4,"key":"Poison Potion"},{"floor":7,"key":"EssenceOfSteel"},{"floor":13,"key":"LiquidMemories"},{"floor":14,"key":"DistilledChaos"}],"is_trial":false,"path_per_floor":["M","?","M","M","$","R","M","R","T","R","E","T","M","M","R","B"],"character_chosen":"THE_SILENT","items_purchased":["Distraction"],"campfire_rested":0,"item_purchase_floors":[5],"current_hp_per_floor":[70,53,52,47,47,47,47,47,47,47,35,35,38,38,38,0,0],"gold":246,"neow_bonus":"UPGRADE_CARD","is_daily":false,"chose_seed":false,"campfire_upgraded":3,"win_rate":0.0,"timestamp":1614117269,"path_taken":["M","?","M","M","$","R","M","R","T","R","E","?","M","M","R","BOSS"],"items_purchased_type":["Card"],"build_version":"2020-12-22","purchased_purges":1,"victory":false,"max_hp_per_floor":[70,70,70,70,70,70,70,70,70,70,70,70,70,70,70,70,70],"card_choices":[{"not_picked":["Cloak And Dagger","Footwork"],"picked":"Deflect","floor":1},{"not_picked":["Infinite Blades","Dodge and Roll"],"picked":"Deadly Poison","floor":3},{"not_picked":["Sucker Punch","Backflip"],"picked":"Acrobatics","floor":4},{"not_picked":["Prepared","Deflect"],"picked":"Bouncing Flask","floor":7},{"not_picked":["Blade Dance","Deflect"],"picked":"Deadly Poison","floor":11},{"not_picked":["Masterful Stab","Dodge and Roll"],"picked":"Backstab","floor":13},{"not_picked":["Cloak And Dagger","Accuracy"],"picked":"PiercingWail","floor":14}],"player_experience":191027,"relics_obtained":[{"floor":9,"key":"Meat on the Bone"},{"floor":11,"key":"Lantern"},{"floor":12,"key":"White Beast Statue"}],"event_choices":[{"damage_healed":0,"gold_gain":0,"player_choice":"Take Damage","damage_taken":17,"relics_obtained":["Golden Idol"],"max_hp_gain":0,"max_hp_loss":0,"event_name":"Golden Idol","floor":2,"gold_loss":0}],"is_beta":false,"boss_relics":[],"items_purged_floors":[5],"is_endless":false,"potions_floor_spawned":[4,7,13,14],"killed_by":"Slime Boss","ascension_level":0}}