{"host":"0kk91h4bq4kgfj0u","time":1614045369,"event":{"mods":["BaseMod","Bestiary","Block Reminder","Colored Map","Colored Powertips","Curses Come First","Highlight Path","Minty Spire (QoL Compilation)","Relic Stats","StSLib"],"gold_per_floor":[113,113,14,27,41,66,66,77,77,95,105,70,70,99,99,202,202,217,217,236,63,63,63,98,48,48,48,48],"floor_reached":27,"language":"ENG","playtime":764,"items_purged":[],"score":352,"play_id":"04b12949-a61b-483d-bd05-e3fe4d849530","local_time":"20210222205609","is_ascension_mode":true,"campfire_choices":[{"floor":7.0,"key":"RECALL"},{"floor":15.0,"key":"REST"},{"floor":23,"key":"REST"}],"circlet_count":0,"master_deck":["Strike_R","Strike_R","Strike_R","Strike_R","Strike_R","Defend_R","Defend_R","Defend_R","Defend_R","Bash","Rampage","Whirlwind","Inflame+1","Bludgeon+1","Flex","Twin Strike+1","Body Slam+1","Limit Break","Ghostly Armor","Apotheosis","Power Through"],"relics":["Burning Blood","Molten Egg 2","Kunai","Matryoshka","SlaversCollar","HornCleat","Sundial"],"acts_visited":["Exordium","TheCity"],"potions_floor_usage":[22,24,27],"damage_taken":[{"damage":6.0,"enemies":"Cultist","floor":1.0,"turns":4.0},{"damage":0.0,"enemies":"Small Slimes","floor":4.0,"turns":3.0},{"damage":4.0,"enemies":"2 Louse","floor":5.0,"turns":4.0},{"damage":40.0,"enemies":"Gremlin Nob","floor":6.0,"turns":5.0},{"damage":6.0,"enemies":"Exordium Thugs","floor":8.0,"turns":4.0},{"damage":22.0,"enemies":"3 Louse","floor":10.0,"turns":4.0},{"damage":9.0,"enemies":"Red Slaver","floor":11.0,"turns":2.0},{"damage":50.0,"enemies":"3 Sentries","floor":14.0,"turns":8.0},{"damage":49.0,"enemies":"Hexaghost","floor":16.0,"turns":11.0},{"damage":48,"enemies":"Shell Parasite","floor":18,"turns":5},{"damage":23,"enemies":"Spheric Guardian","floor":20,"turns":4},{"damage":0,"enemies":"Snake Plant","floor":22,"turns":1},{"damage":40,"enemies":"Slavers","floor":24,"turns":6},{"damage":22,"enemies":"Shelled Parasite and Fungi","floor":27,"turns":3}],"seed_played":"3828652475455396020","potions_obtained":[{"floor":1.0,"key":"Dexterity Potion"},{"floor":6.0,"key":"Swift Potion"},{"floor":14.0,"key":"Block Potion"},{"floor":18,"key":"Energy Potion"},{"floor":20,"key":"SmokeBomb"},{"floor":24,"key":"Block Potion"}],"is_trial":false,"path_per_floor":["M","?","$","M","M","E","R","M","T","M","M","?","?","E","R","B",null,"M","?","M","$","M","R","E","?","T","M"],"character_chosen":"IRONCLAD","items_purchased":["FairyPotion","Apotheosis"],"campfire_rested":2,"item_purchase_floors":[3,21],"current_hp_per_floor":[72,90,90,90,90,56,56,56,56,40,37,59,59,15,42,33,76,34,34,17,17,23,50,16,16,16,0,0],"gold":48,"neow_bonus":"ONE_RANDOM_RARE_CARD","is_daily":false,"chose_seed":false,"campfire_upgraded":0,"win_rate":0.0,"timestamp":1614045369,"path_taken":["M","?","?","M","M","E","R","M","T","M","M","?","?","E","R","BOSS","M","?","M","$","M","R","E","?","T","M"],"items_purchased_type":["Potion","Card"],"build_version":"2020-12-22","purchased_purges":0,"victory":false,"max_hp_per_floor":[80,90,90,90,90,90,90,90,90,90,90,90,90,90,90,90,90,90,90,90,90,90,90,90,90,90,90,90],"relic_stats":{"counters":[14,64],"Sundial":[0],"Kunai":[5],"obtain_stats":[{"SlaversCollar":17,"Matryoshka":14,"HornCleat":24,"Sundial":26,"Molten Egg 2":6,"Kunai":9,"Burning Blood":0},{"SlaversCollar":9,"Matryoshka":8,"HornCleat":13,"Sundial":13,"Molten Egg 2":4,"Kunai":5,"Burning Blood":0},{"SlaversCollar":45,"Matryoshka":34,"HornCleat":61,"Sundial":61,"Molten Egg 2":16,"Kunai":20,"Burning Blood":0}],"Burning Blood":70},"card_choices":[{"not_picked":["Evolve","Perfected Strike"],"picked":"Rampage","floor":1.0},{"not_picked":["Clash","Ghostly Armor"],"picked":"Whirlwind","floor":4.0},{"not_picked":["Sever Soul","Headbutt"],"picked":"Inflame","floor":5.0},{"not_picked":["Perfected Strike+1","Hemokinesis+1"],"picked":"Bludgeon+1","floor":6.0},{"not_picked":["Iron Wave+1","Sentinel"],"picked":"Flex","floor":8.0},{"not_picked":["Hemokinesis+1","Battle Trance"],"picked":"Twin Strike+1","floor":10.0},{"not_picked":["Dropkick+1","Fire Breathing"],"picked":"Body Slam+1","floor":11.0},{"not_picked":["Twin Strike+1","Intimidate","Havoc"],"picked":"SKIP","floor":14.0},{"not_picked":["Double Tap","Fiend Fire+1"],"picked":"Limit Break","floor":16.0},{"not_picked":["Evolve+1","Twin Strike+1","Disarm"],"picked":"SKIP","floor":18},{"not_picked":["Twin Strike+1","Blood for Blood+1"],"picked":"Ghostly Armor","floor":20},{"not_picked":["Hemokinesis+1","Combust"],"picked":"Power Through","floor":24}],"player_experience":909951,"relics_obtained":[{"floor":6.0,"key":"Molten Egg 2"},{"floor":9.0,"key":"Kunai"},{"floor":14.0,"key":"Matryoshka"},{"floor":24,"key":"HornCleat"},{"floor":26,"key":"Sundial"}],"event_choices":[{"cards_removed":["Exhume"],"damage_healed":8.0,"max_hp_gain":10.0,"max_hp_loss":0.0,"gold_gain":0.0,"event_name":"Bonfire Elementals","player_choice":"Offered Rare","floor":2.0,"gold_loss":0.0,"damage_taken":0.0},{"damage_healed":22.0,"max_hp_gain":0.0,"max_hp_loss":0.0,"gold_gain":0.0,"event_name":"The Cleric","player_choice":"Healed","floor":12.0,"gold_loss":35.0,"damage_taken":0.0},{"damage_healed":0.0,"max_hp_gain":0.0,"max_hp_loss":0.0,"gold_gain":0.0,"event_name":"Accursed Blacksmith","player_choice":"Forge","floor":13.0,"gold_loss":0.0,"damage_taken":0.0,"cards_upgraded":["Inflame"]},{"damage_healed":0,"gold_gain":0,"player_choice":"Ignored","damage_taken":0,"max_hp_gain":0,"max_hp_loss":0,"event_name":"Vampires","floor":19,"gold_loss":0},{"damage_healed":0,"gold_gain":0,"player_choice":"Bet on Murderer","damage_taken":0,"max_hp_gain":0,"max_hp_loss":0,"event_name":"The Joust","floor":25,"gold_loss":50}],"is_beta":false,"boss_relics":[{"not_picked":["Coffee Dripper","Calling Bell"],"picked":"SlaversCollar"}],"items_purged_floors":[],"is_endless":false,"potions_floor_spawned":[1,6,11,14,18,20,24],"killed_by":"Shelled Parasite and Fungi","ascension_level":9}}