{"host":"u7lm8z2rvb4dg2oo","time":1614063848,"event":{"mods":["AchievementEnabler","BaseMod","Bestiary","Block Reminder","Colored Map","Colored Powertips","Curses Come First","DeckTracker","Googly Eyes","Highlight Path","Minty Spire (QoL Compilation)","Quick Restart","StSLib"],"gold_per_floor":[19,37,48,63,28,55,55,55,105,105,136,150,150,181,181,258,258,277,296,327,252,270,270,270,270,317,344,37,86,86,96,96,170,170,188,188,69,87,103,103,133,144,214,239,255,286,286,316,316,316],"floor_reached":51,"language":"ENG","playtime":2820,"items_purged":[],"score":1541,"play_id":"7e34b78e-20b7-4ee4-8e6d-a684464d5df5","local_time":"20210223020408","is_ascension_mode":true,"campfire_choices":[{"floor":7.0,"key":"REST"},{"data":"Bouncing Flask","floor":10.0,"key":"SMITH"},{"data":"Terror","floor":13.0,"key":"SMITH"},{"data":"Finisher","floor":15.0,"key":"SMITH"},{"floor":23.0,"key":"REST"},{"floor":25.0,"key":"REST"},{"data":"Catalyst","floor":30.0,"key":"SMITH"},{"data":"Envenom","floor":32.0,"key":"SMITH"},{"floor":40.0,"key":"REST"},{"floor":47,"key":"REST"},{"data":"Blade Dance","floor":49,"key":"SMITH"}],"circlet_count":0,"master_deck":["AscendersBane","Strike_G","Strike_G","Defend_G","Defend_G","Defend_G","Defend_G","Defend_G","Survivor","Neutralize","Blade Dance","PiercingWail","Poisoned Stab","Bouncing Flask+1","Finisher+1","Slice","Terror+1","Noxious Fumes","Venomology","Predator","Crippling Poison","Backstab","Noxious Fumes+1","Catalyst+1","Envenom+1","Bullet Time","Dash","Footwork","Backstab","Blade Dance+1","Dagger Spray+1","Accuracy","Choke+1","Endless Agony"],"relics":["Ring of the Snake","Pocketwatch","HornCleat","Blood Vial","Ancient Tea Set","Akabeko","Runic Pyramid","Red Mask","Strawberry","Mercury Hourglass","Gremlin Horn","Lantern","WristBlade","Question Card","Eternal Feather","Art of War","StrikeDummy","Oddly Smooth Stone"],"acts_visited":["Exordium","TheCity","TheBeyond"],"potions_floor_usage":[46,46,46,50],"damage_taken":[{"damage":0.0,"enemies":"2 Louse","floor":1.0,"turns":3.0},{"damage":1.0,"enemies":"Small Slimes","floor":2.0,"turns":4.0},{"damage":0.0,"enemies":"Cultist","floor":3.0,"turns":4.0},{"damage":7.0,"enemies":"3 Louse","floor":4.0,"turns":3.0},{"damage":35.0,"enemies":"Lagavulin","floor":6.0,"turns":5.0},{"damage":0.0,"enemies":"Gremlin Nob","floor":11.0,"turns":3.0},{"damage":1.0,"enemies":"Large Slime","floor":12.0,"turns":5.0},{"damage":9.0,"enemies":"Lagavulin","floor":14.0,"turns":4.0},{"damage":25.0,"enemies":"The Guardian","floor":16.0,"turns":8.0},{"damage":0.0,"enemies":"Spheric Guardian","floor":18.0,"turns":2.0},{"damage":3.0,"enemies":"2 Thieves","floor":19.0,"turns":4.0},{"damage":27.0,"enemies":"Masked Bandits","floor":20.0,"turns":5.0},{"damage":0.0,"enemies":"Cultist and Chosen","floor":22.0,"turns":3.0},{"damage":11.0,"enemies":"Slavers","floor":27.0,"turns":5.0},{"damage":0.0,"enemies":"Chosen and Byrds","floor":31.0,"turns":3.0},{"damage":33.0,"enemies":"Collector","floor":33.0,"turns":5.0},{"damage":28.0,"enemies":"3 Darklings","floor":35.0,"turns":3.0},{"damage":0.0,"enemies":"3 Shapes","floor":38.0,"turns":5.0},{"damage":8.0,"enemies":"Maw","floor":39.0,"turns":6.0},{"damage":50.0,"enemies":"Reptomancer","floor":41.0,"turns":5.0},{"damage":0.0,"enemies":"4 Shapes","floor":42.0,"turns":5.0},{"damage":0.0,"enemies":"Jaw Worm Horde","floor":45.0,"turns":2.0},{"damage":0,"enemies":"Nemesis","floor":46,"turns":3},{"damage":7,"enemies":"Reptomancer","floor":48,"turns":2},{"damage":74,"enemies":"Donu and Deca","floor":50,"turns":7}],"seed_played":"4425360811869608362","potions_obtained":[{"floor":6.0,"key":"Ancient Potion"},{"floor":12.0,"key":"AttackPotion"},{"floor":14.0,"key":"SkillPotion"},{"floor":16.0,"key":"Swift Potion"},{"floor":18.0,"key":"SpeedPotion"},{"floor":20.0,"key":"Explosive Potion"},{"floor":27.0,"key":"Energy Potion"},{"floor":33.0,"key":"SteroidPotion"},{"floor":39.0,"key":"Swift Potion"},{"floor":42.0,"key":"Poison Potion"},{"floor":45.0,"key":"Poison Potion"},{"floor":46,"key":"FairyPotion"}],"is_trial":false,"path_per_floor":["M","M","M","M","?","E","R","?","T","R","E","M","R","E","R","B",null,"M","M","?","?","M","R","?","R","T","E","$","T","R","M","R","B",null,"M","?","$","M","M","R","E","M","T","T","M","E","R","E","R","B",null],"character_chosen":"THE_SILENT","items_purchased":["Catalyst","Gremlin Horn","Dash","Footwork"],"campfire_rested":5,"item_purchase_floors":[28,28,37,37],"current_hp_per_floor":[59,58,58,51,66,31,50,50,50,50,52,53,53,46,46,23,55,57,56,31,31,33,52,31,50,57,48,48,48,48,50,50,19,60,34,34,34,36,30,51,3,5,5,5,7,9,48,43,61,19],"gold":316,"neow_bonus":"ONE_RARE_RELIC","is_daily":false,"chose_seed":false,"campfire_upgraded":6,"win_rate":0.0,"timestamp":1614063848,"path_taken":["M","M","M","M","?","E","R","?","T","R","E","M","R","E","R","BOSS","M","M","?","?","M","R","?","R","T","E","$","?","R","?","R","BOSS","M","?","$","M","?","R","E","M","T","?","M","E","R","E","R","BOSS"],"items_purchased_type":["Card","Relic","Card","Card"],"build_version":"2020-12-22","purchased_purges":0,"victory":true,"max_hp_per_floor":[66,66,66,66,66,66,66,66,66,66,66,66,66,66,66,66,66,66,66,66,66,66,66,66,66,73,73,73,73,73,73,73,73,73,73,73,73,73,73,73,73,73,73,73,73,73,73,73,73,73],"card_choices":[{"not_picked":["Flying Knee","Escape Plan"],"picked":"Blade Dance","floor":1.0},{"not_picked":["Reflex","Quick Slash"],"picked":"PiercingWail","floor":2.0},{"not_picked":["Dodge and Roll","Flying Knee"],"picked":"Poisoned Stab","floor":3.0},{"not_picked":["Prepared","Cloak And Dagger"],"picked":"Bouncing Flask","floor":4.0},{"not_picked":["Storm of Steel","Deadly Poison"],"picked":"Finisher","floor":6.0},{"not_picked":["Caltrops","Skewer"],"picked":"Terror","floor":11.0},{"not_picked":["Poisoned Stab","Deflect"],"picked":"Noxious Fumes","floor":12.0},{"not_picked":["Underhanded Strike","Riddle With Holes","Doppelganger"],"picked":"SKIP","floor":14.0},{"not_picked":["Storm of Steel","After Image"],"picked":"Venomology","floor":16.0},{"not_picked":["Slice","Concentrate"],"picked":"Predator","floor":18.0},{"not_picked":["Dodge and Roll","Blur"],"picked":"Crippling Poison","floor":19.0},{"not_picked":["Dagger Throw","Tactician"],"picked":"Backstab","floor":20.0},{"not_picked":["Riddle With Holes","Well Laid Plans+1"],"picked":"Noxious Fumes+1","floor":22.0},{"not_picked":["Dagger Throw","Slice","Prepared"],"picked":"SKIP","floor":27.0},{"not_picked":["Sucker Punch","Dagger Throw"],"picked":"Envenom","floor":31.0},{"not_picked":["Venomology","Burst"],"picked":"Bullet Time","floor":33.0},{"not_picked":["Concentrate","PiercingWail","Dagger Spray"],"picked":"SKIP","floor":35.0},{"not_picked":["Prepared+1","Masterful Stab"],"picked":"Backstab","floor":38.0},{"not_picked":["PiercingWail","Flechettes"],"picked":"Blade Dance","floor":39.0},{"not_picked":["Outmaneuver","Backflip"],"picked":"Dagger Spray+1","floor":41.0},{"not_picked":["Underhanded Strike","Malaise","Tactician"],"picked":"Accuracy","floor":42.0},{"not_picked":["Dagger Throw","Quick Slash","Acrobatics","Outmaneuver+1"],"picked":"SKIP","floor":45.0},{"not_picked":["Acrobatics","Blade Dance+1","Backstab"],"picked":"Choke+1","floor":46},{"not_picked":["Expertise","Deadly Poison","PiercingWail+1"],"picked":"Endless Agony","floor":48}],"player_experience":2044828,"relics_obtained":[{"floor":6.0,"key":"HornCleat"},{"floor":9.0,"key":"Blood Vial"},{"floor":11.0,"key":"Ancient Tea Set"},{"floor":14.0,"key":"Akabeko"},{"floor":20.0,"key":"Red Mask"},{"floor":26.0,"key":"Strawberry"},{"floor":27.0,"key":"Mercury Hourglass"},{"floor":29.0,"key":"Lantern"},{"floor":41.0,"key":"Question Card"},{"floor":43.0,"key":"Eternal Feather"},{"floor":44.0,"key":"Art of War"},{"floor":46,"key":"StrikeDummy"},{"floor":48,"key":"Oddly Smooth Stone"}],"event_choices":[{"damage_healed":16.0,"max_hp_gain":0.0,"max_hp_loss":0.0,"gold_gain":0.0,"event_name":"The Cleric","player_choice":"Healed","floor":5.0,"gold_loss":35.0,"damage_taken":0.0},{"damage_healed":0.0,"max_hp_gain":0.0,"max_hp_loss":0.0,"gold_gain":0.0,"cards_transformed":["Strike_G"],"event_name":"Transmorgrifier","player_choice":"Transformed","floor":8.0,"gold_loss":0.0,"damage_taken":0.0,"cards_obtained":["Slice"]},{"damage_healed":0.0,"max_hp_gain":0.0,"max_hp_loss":0.0,"gold_gain":0.0,"event_name":"Masked Bandits","player_choice":"Fought Bandits","floor":20.0,"gold_loss":0.0,"damage_taken":0.0},{"cards_removed":["Strike_G"],"damage_healed":0.0,"max_hp_gain":0.0,"max_hp_loss":0.0,"gold_gain":0.0,"event_name":"Beggar","player_choice":"Gave Gold","floor":21.0,"gold_loss":75.0,"damage_taken":0.0},{"damage_healed":0.0,"max_hp_gain":0.0,"max_hp_loss":0.0,"gold_gain":0.0,"event_name":"Cursed Tome","player_choice":"Obtained Book","floor":24.0,"gold_loss":0.0,"damage_taken":21.0},{"cards_removed":["Strike_G"],"damage_healed":0.0,"max_hp_gain":0.0,"max_hp_loss":0.0,"gold_gain":0.0,"event_name":"Bonfire Elementals","player_choice":"Offered Basic","floor":36.0,"gold_loss":0.0,"damage_taken":0.0}],"is_beta":false,"boss_relics":[{"not_picked":["Ectoplasm","Velvet Choker"],"picked":"Runic Pyramid"},{"not_picked":["Fusion Hammer","SlaversCollar"],"picked":"WristBlade"}],"items_purged_floors":[],"is_endless":false,"potions_floor_spawned":[6,12,14,16,18,20,27,33,39,42,45,46],"ascension_level":18}}