{"host":"mm0v83pkg2fvsdgl","time":1614046972,"event":{"mods":["2.2 Compatiblity","Alarm Clock","AlwaysNeverKeys","BaseMod","Beaked The Cultist","Bestiary","Better Altar","Better Match","Better Note","Better Sensory Stone","Better Silent Start","Better Third Choice","Clawfect","Displayed Cursed Tome","Energized Spire","Friendly Minions","Highlight Path","Ironclad Rager","Keyboard Shortcuts","Lotus Mark","Marisa????????","Marked Mod","Mimic Mod","Minty Spire (QoL Compilation)","Permanent Neow","Railgun Mod","Remove Card Discount Mod","Shade Mod","Somnambulant","Spicy Shops","StSLib","Swap Starting Deck Mod","The Construct","The Disciple","The Dragon Tamer","TheHeartMod","TheVacant","Transform Curses","Unceasing Turn Reminder","Wandering Minibosses"],"gold_per_floor":[117,133,31,48,68,98,34,60,60,70,90,102,25,38,38,136,136,149,169,46,46,58,85,100,100,100],"floor_reached":25,"language":"ENG","playtime":5850,"items_purged":["Strike_Br","Strike_Br","Strike_Br","Strike_Br","Defend_Br","Defend_Br"],"score":251,"play_id":"7af02b5a-6b04-4835-85d8-4ffacadfef09","local_time":"20210222212252","is_ascension_mode":true,"campfire_choices":[{"data":"ExoVibe","floor":15.0,"key":"SMITH"}],"circlet_count":0,"master_deck":["Defend_Br","Defend_Br","SecondHand","PatternShift","PrimeTime","BlueShift","TiringSlam","HandsUpB","LockedBlood","BlueShift","WindUp","Accruing","PrimeTime","BackFourSeconds","LockedBlood","ExoVibe+18","OverTime","WindUp","Cuckoo+1","ExoVibe","Decay","WindUp","BackFourSeconds"],"relics":["Chronograph","Strawberry","Anchor","Tiny Chest","Toolbox","Vajra","Kunai"],"acts_visited":["Exordium","TheCity"],"potions_floor_usage":[16,23,23,25,25,25],"damage_taken":[{"damage":4.0,"enemies":"Cultist","floor":1.0,"turns":4.0},{"damage":2.0,"enemies":"Small Slimes","floor":2.0,"turns":3.0},{"damage":0.0,"enemies":"Jaw Worm","floor":4.0,"turns":4.0},{"damage":5.0,"enemies":"Looter","floor":5.0,"turns":4.0},{"damage":4.0,"enemies":"Lagavulin","floor":6.0,"turns":6.0},{"damage":20.0,"enemies":"3 Sentries","floor":8.0,"turns":11.0},{"damage":2.0,"enemies":"3 Louse","floor":10.0,"turns":7.0},{"damage":0.0,"enemies":"Exordium Wildlife","floor":11.0,"turns":5.0},{"damage":1.0,"enemies":"Gremlin Gang","floor":12.0,"turns":5.0},{"damage":0.0,"enemies":"Lots of Slimes","floor":14.0,"turns":3.0},{"damage":17,"enemies":"The Guardian","floor":16,"turns":16},{"damage":13,"enemies":"3 Byrds","floor":18,"turns":10},{"damage":5,"enemies":"Spheric Guardian","floor":19,"turns":6},{"damage":33,"enemies":"3 Cultists","floor":22,"turns":8},{"damage":36,"enemies":"Book of Stabbing","floor":23,"turns":6},{"damage":30,"enemies":"Centurion and Healer","floor":24,"turns":7},{"damage":47,"enemies":"Slavers","floor":25,"turns":4}],"seed_played":"-8926730631288207794","potions_obtained":[{"floor":2.0,"key":"Dexterity Potion"},{"floor":5.0,"key":"FairyPotion"},{"floor":11.0,"key":"LiquidBronze"},{"floor":14.0,"key":"Fire Potion"},{"floor":16,"key":"Fruit Juice"},{"floor":18,"key":"LiquidMemories"},{"floor":23,"key":"EntropicBrew"}],"is_trial":false,"path_per_floor":["M","M","$","M","M","E","$","E","T","M","M","M","$","M","R","B",null,"M","M","$","?","M","E","M","E"],"character_chosen":"CHRONO_CLASS","items_purchased":["HandsUpB","LockedBlood","PrimeTime","Toolbox","Vajra","ExoVibe"],"campfire_rested":0,"item_purchase_floors":[3,3,7,13,20,20],"current_hp_per_floor":[61,59,59,59,58,67,67,47,47,52,64,69,69,69,69,76,77,77,73,73,73,56,30,17,0,0],"gold":100,"neow_bonus":"THREE_CARDS","is_daily":false,"chose_seed":false,"campfire_upgraded":1,"win_rate":0.0,"timestamp":1614046972,"path_taken":["M","M","?","M","M","E","$","E","T","M","M","?","$","M","R","BOSS","M","?","$","?","M","E","M","E"],"items_purchased_type":["Card","Card","Card","Relic","Relic","Card"],"build_version":"2020-12-22","purchased_purges":6,"victory":false,"max_hp_per_floor":[65,65,65,65,65,72,72,72,72,72,72,72,72,72,72,77,77,77,77,77,77,77,77,77,77,77],"card_choices":[{"not_picked":["CrunchTime","Tempo"],"picked":"PrimeTime","floor":0.0},{"not_picked":["Break","Tempo"],"picked":"BlueShift","floor":1.0},{"not_picked":["Break","Tempo"],"picked":"TiringSlam","floor":2.0},{"not_picked":["LockedAnchor","BiteCommand"],"picked":"BlueShift","floor":4.0},{"not_picked":["WakeUpCall","LockedBlood"],"picked":"WindUp","floor":5.0},{"not_picked":["LockedScales","ReapSow"],"picked":"Accruing","floor":6.0},{"not_picked":["HandsUpC","LockedWarPaint"],"picked":"BackFourSeconds","floor":8.0},{"not_picked":["HandsUpB","BlueShift"],"picked":"LockedBlood","floor":10.0},{"not_picked":["AlternateTimeline","Tempo","Facsimile"],"picked":"SKIP","floor":11.0},{"not_picked":["CrunchTime","Engulf","Stagnate"],"picked":"SKIP","floor":12.0},{"not_picked":["Tempo","BlueShift"],"picked":"ExoVibe","floor":14.0},{"not_picked":["Pendulum","Fragmentalize"],"picked":"OverTime","floor":16},{"not_picked":["Backlash","LockedBlood"],"picked":"WindUp","floor":18},{"not_picked":["SlimeSpray","Analog+1"],"picked":"Cuckoo+1","floor":19},{"not_picked":["HandsUpC+1","LockedAnchor"],"picked":"WindUp","floor":22},{"not_picked":["PrimeTime+1","Stagnate+1","HandsUpC+1"],"picked":"SKIP","floor":23},{"not_picked":["Break","AlternateTimeline"],"picked":"BackFourSeconds","floor":24}],"player_experience":672799,"relics_obtained":[{"floor":6.0,"key":"Strawberry"},{"floor":8.0,"key":"Anchor"},{"floor":9.0,"key":"Tiny Chest"},{"floor":23,"key":"Kunai"}],"event_choices":[{"damage_healed":0,"gold_gain":0,"player_choice":"Cursed","damage_taken":0,"max_hp_gain":0,"max_hp_loss":0,"event_name":"Wheel of Change","floor":21,"gold_loss":0,"cards_obtained":["Decay"]}],"is_beta":false,"boss_relics":[{"not_picked":["energizedSpire:NeverEndingSparkler","beaked:SacredDeck"],"picked":"Chronograph"}],"items_purged_floors":[3,3,3,3,3,3],"is_endless":false,"potions_floor_spawned":[2,5,11,14,16,18,22,23],"killed_by":"Slavers","ascension_level":1}}