{"host":"2l5k2wp87eek7qja","time":1614104516,"event":{"mods":["BaseMod","Colored Map","Minty Spire (QoL Compilation)","Relic Stats"],"gold_per_floor":[116,116,41,52,52,52,82,105,105,124,124,154,169,11,11,89,89,71,103,165,92,120,132,154,166,166],"floor_reached":25,"language":"ENG","playtime":1015,"items_purged":["Strike_G"],"score":472,"play_id":"7d1299e7-98c6-44e1-90e7-274459acd256","local_time":"20210223202156","is_ascension_mode":true,"campfire_choices":[{"data":"Cloak And Dagger","floor":6,"key":"SMITH"},{"data":"Neutralize","floor":11,"key":"SMITH"},{"data":"Leg Sweep","floor":15,"key":"SMITH"},{"data":"Night Terror","floor":23,"key":"SMITH"}],"circlet_count":0,"master_deck":["AscendersBane","Strike_G","Strike_G","Strike_G","Strike_G","Defend_G","Defend_G","Defend_G","Defend_G","Defend_G","Survivor","Neutralize+1","Quick Slash","Cloak And Dagger+1","Backstab","Dash","Leg Sweep+1","Night Terror+1","CurseOfTheBell","Flying Knee"],"relics":["Ring of the Snake","NeowsBlessing","Art of War","Odd Mushroom","White Beast Statue","Kunai","Toy Ornithopter","Calling Bell","MawBank","HornCleat","FossilizedHelix","Ginger"],"acts_visited":["Exordium","TheCity"],"potions_floor_usage":[12,13,16,19,19,24,25],"damage_taken":[{"damage":0,"enemies":"Cultist","floor":1,"turns":1},{"damage":0,"enemies":"Small Slimes","floor":4,"turns":1},{"damage":0,"enemies":"Gremlin Nob","floor":7,"turns":1},{"damage":3,"enemies":"The Mushroom Lair","floor":8,"turns":6},{"damage":0,"enemies":"2 Louse","floor":10,"turns":2},{"damage":10,"enemies":"3 Sentries","floor":12,"turns":9},{"damage":0,"enemies":"Looter","floor":13,"turns":2},{"damage":21,"enemies":"The Guardian","floor":16,"turns":20},{"damage":0,"enemies":"2 Thieves","floor":18,"turns":4},{"damage":5,"enemies":"Spheric Guardian","floor":19,"turns":8},{"damage":16,"enemies":"Snake Plant","floor":22,"turns":10},{"damage":0,"enemies":"Centurion and Healer","floor":24,"turns":25},{"damage":0,"enemies":"Gremlin Leader","floor":25,"turns":4}],"seed_played":"1674467820647151572","potions_obtained":[{"floor":4,"key":"Block Potion"},{"floor":8,"key":"Explosive Potion"},{"floor":12,"key":"SpeedPotion"},{"floor":13,"key":"Fruit Juice"},{"floor":16,"key":"Poison Potion"},{"floor":19,"key":"Fruit Juice"},{"floor":22,"key":"Regen Potion"},{"floor":24,"key":"SneckoOil"}],"is_trial":false,"path_per_floor":["M","?","$","M","?","R","E","?","T","M","R","E","M","$","R","B",null,"M","M","?","?","M","R","M","E"],"character_chosen":"THE_SILENT","items_purchased":["Toy Ornithopter"],"campfire_rested":0,"item_purchase_floors":[14],"current_hp_per_floor":[59,59,59,59,64,64,64,61,61,61,61,51,51,51,51,40,67,67,72,72,72,56,56,66,81,81],"gold":166,"neow_bonus":"THREE_ENEMY_KILL","is_daily":false,"chose_seed":false,"campfire_upgraded":4,"win_rate":0.0,"timestamp":1614104516,"path_taken":["M","?","?","?","?","R","E","?","T","M","R","E","M","$","R","BOSS","M","M","?","?","M","R","M","E"],"items_purchased_type":["Relic"],"build_version":"2020-12-22","purchased_purges":1,"victory":false,"max_hp_per_floor":[66,66,66,66,71,71,71,71,71,71,71,71,71,71,71,76,76,76,76,76,76,76,76,81,81,81],"relic_stats":{"counters":[13,93],"Art of War":[3],"Kunai":[37],"Ginger":[6],"MawBank":96,"obtain_stats":[{"Calling Bell":17,"HornCleat":17,"NeowsBlessing":0,"Art of War":7,"Kunai":12,"Ginger":21,"Odd Mushroom":8,"MawBank":17,"White Beast Statue":9,"Toy Ornithopter":14,"FossilizedHelix":17,"Ring of the Snake":0},{"Calling Bell":8,"HornCleat":8,"NeowsBlessing":0,"Art of War":3,"Kunai":6,"Ginger":10,"Odd Mushroom":4,"MawBank":8,"White Beast Statue":4,"Toy Ornithopter":7,"FossilizedHelix":8,"Ring of the Snake":0},{"Calling Bell":42,"HornCleat":42,"NeowsBlessing":0,"Art of War":3,"Kunai":20,"Ginger":54,"Odd Mushroom":9,"MawBank":42,"White Beast Statue":9,"Toy Ornithopter":22,"FossilizedHelix":42,"Ring of the Snake":0}],"Toy Ornithopter":25,"Ring of the Snake":[26]},"card_choices":[{"not_picked":["Bane","PiercingWail"],"picked":"Quick Slash","floor":1},{"not_picked":["Crippling Poison","Calculated Gamble"],"picked":"Cloak And Dagger","floor":4},{"not_picked":["Poisoned Stab","Slice"],"picked":"Backstab","floor":7},{"not_picked":["Acrobatics","Deflect"],"picked":"Dash","floor":10},{"not_picked":["Sucker Punch","Heel Hook"],"picked":"Leg Sweep","floor":12},{"not_picked":["Dagger Throw","Crippling Poison","Dodge and Roll"],"picked":"SKIP","floor":13},{"not_picked":["Bullet Time","Envenom"],"picked":"Night Terror","floor":16},{"not_picked":["Deadly Poison","Endless Agony","Underhanded Strike"],"picked":"SKIP","floor":18},{"not_picked":["Tactician","Distraction","Escape Plan"],"picked":"SKIP","floor":19},{"not_picked":["Quick Slash","Acrobatics"],"picked":"Flying Knee","floor":22},{"not_picked":["Dodge and Roll","Tools of the Trade","Sucker Punch"],"picked":"SKIP","floor":24}],"player_experience":866106,"relics_obtained":[{"floor":7,"key":"Art of War"},{"floor":8,"key":"Odd Mushroom"},{"floor":9,"key":"White Beast Statue"},{"floor":12,"key":"Kunai"},{"floor":17,"key":"MawBank"},{"floor":17,"key":"HornCleat"},{"floor":17,"key":"FossilizedHelix"}],"event_choices":[{"damage_healed":0,"gold_gain":0,"player_choice":"0 cards matched","damage_taken":0,"max_hp_gain":0,"max_hp_loss":0,"event_name":"Match and Keep!","floor":2,"gold_loss":0,"cards_obtained":[]},{"damage_healed":0,"gold_gain":0,"player_choice":"Donut","damage_taken":0,"max_hp_gain":5,"max_hp_loss":0,"event_name":"Big Fish","floor":5,"gold_loss":0},{"damage_healed":0,"gold_gain":0,"player_choice":"Fought Mushrooms","damage_taken":0,"max_hp_gain":0,"max_hp_loss":0,"event_name":"Mushrooms","floor":8,"gold_loss":0},{"damage_healed":0,"gold_gain":50,"player_choice":"Stole From Cult","damage_taken":0,"max_hp_gain":0,"max_hp_loss":0,"event_name":"Nest","floor":20,"gold_loss":0},{"damage_healed":0,"gold_gain":0,"player_choice":"Obtained Relic","damage_taken":0,"relics_obtained":["Ginger"],"max_hp_gain":0,"max_hp_loss":0,"event_name":"Addict","floor":21,"gold_loss":85}],"is_beta":false,"boss_relics":[{"not_picked":["Ectoplasm","Pandora\u0027s Box"],"picked":"Calling Bell"}],"items_purged_floors":[3],"is_endless":false,"potions_floor_spawned":[4,8,10,12,13,16,18,19,22,24],"killed_by":"Gremlin Leader","ascension_level":20}}