{"host":"gfybn4j1d26rvz5e","time":1614056210,"event":{"mods":["BaseMod","Better Altar","Better Match","Better Note","Better Sensory Stone","Better Skull","Better Third Choice","BetterRewards","Highlight Path","Minty Spire (QoL Compilation)","Random Character Button","Relic Stats","StSLib"],"gold_per_floor":[144,189,189,114,38,38,83,173,185,287,389,401,413,425,437,749,761,818,830,646,496,496,586,586,676,676,676,371,461,461,551,551,851,851,896,896,941,941,941,1031,1031,1031,1056,1056,1056,1101,872,872,872,872],"floor_reached":51,"language":"ENG","playtime":1862,"items_purged":["Wild Strike","Berserk","Decay"],"score":834,"play_id":"9aa19d29-0ca8-4f1f-9383-3575eef89912","local_time":"20210222225650","daily_mods":["Draft","Flight","Midas"],"is_ascension_mode":false,"campfire_choices":[{"floor":6,"key":"REST"},{"floor":13,"key":"REST"},{"floor":15,"key":"REST"},{"floor":24,"key":"REST"},{"floor":32,"key":"REST"},{"floor":42,"key":"REST"},{"floor":44,"key":"REST"},{"floor":45,"key":"REST"},{"floor":49,"key":"REST"}],"circlet_count":0,"master_deck":["Spot Weakness+1","Battle Trance+1","Iron Wave+1","Shrug It Off+1","Flex+1","Thunderclap+1","Iron Wave+1","Rampage+1","Pummel+1","Cleave+1","Anger+1","Iron Wave+1","Battle Trance+1","True Grit+1","Rage+1","Flame Barrier+1","Heavy Blade+1","Whirlwind+1","Body Slam+1","Uppercut+1","Juggernaut+1","Demon Form+1","Master of Strategy+1","Spot Weakness+1","Double Tap+1","Decay","Disarm+1"],"relics":["Burning Blood","MawBank","Centennial Puzzle","InkBottle","Molten Egg 2","Sozu","Whetstone","Calipers","Akabeko","Toxic Egg 2","Bird Faced Urn","Dream Catcher","SlaversCollar","Mark of the Bloom","War Paint","Red Skull","Lee\u0027s Waffle"],"acts_visited":["Exordium","TheCity","TheBeyond"],"potions_floor_usage":[8,40,50],"damage_taken":[{"damage":0,"enemies":"Jaw Worm","floor":1,"turns":3},{"damage":0,"enemies":"Cultist","floor":2,"turns":3},{"damage":0,"enemies":"2 Louse","floor":7,"turns":2},{"damage":6,"enemies":"Gremlin Nob","floor":8,"turns":3},{"damage":8,"enemies":"3 Sentries","floor":10,"turns":5},{"damage":21,"enemies":"Lagavulin","floor":11,"turns":5},{"damage":29,"enemies":"Hexaghost","floor":16,"turns":6},{"damage":0,"enemies":"Chosen","floor":18,"turns":4},{"damage":0,"enemies":"Gremlin Leader","floor":23,"turns":5},{"damage":14,"enemies":"Slavers","floor":25,"turns":2},{"damage":21,"enemies":"Book of Stabbing","floor":29,"turns":4},{"damage":7,"enemies":"Slavers","floor":31,"turns":2},{"damage":18,"enemies":"Collector","floor":33,"turns":5},{"damage":9,"enemies":"Orb Walker","floor":35,"turns":3},{"damage":8,"enemies":"3 Darklings","floor":37,"turns":3},{"damage":18,"enemies":"Reptomancer","floor":40,"turns":3},{"damage":28,"enemies":"Writhing Mass","floor":46,"turns":4},{"damage":29,"enemies":"Awakened One","floor":50,"turns":8}],"seed_played":"-7386017133472573341","potions_obtained":[{"floor":1,"key":"LiquidBronze"},{"floor":2,"key":"AttackPotion"},{"floor":16,"key":"Block Potion"}],"is_trial":false,"path_per_floor":["M","M","?","$","$","R","M","E","T","E","E","?","R","?","R","B",null,"M","?","$","$","?","E","R","E","T","?","$","E","?","E","R","B",null,"M","?","M","?","$","E","?","R","T","R","R","M","$","?","R","B",null],"character_chosen":"IRONCLAD","items_purchased":["Flame Barrier","Whirlwind+1","Body Slam+1","Whetstone","Master of Strategy+1","Lee\u0027s Waffle","Disarm+1"],"campfire_rested":9,"item_purchase_floors":[5,20,20,21,28,47,47],"current_hp_per_floor":[80,80,80,80,80,80,80,80,80,78,63,47,71,76,85,62,85,85,85,85,85,85,85,85,77,77,60,60,45,45,44,69,61,85,84,84,82,82,82,64,64,64,64,64,64,36,36,36,36,7],"gold":872,"neow_bonus":"","is_daily":true,"chose_seed":false,"campfire_upgraded":0,"win_rate":0.0,"timestamp":1614056210,"path_taken":["M","M","?","$","$","R","?","E","T","E","E","?","R","?","R","BOSS","M","?","$","$","?","E","R","E","T","?","$","E","?","E","R","BOSS","M","?","?","?","$","E","?","R","T","R","R","?","$","?","R","BOSS"],"items_purchased_type":["Card","Card","Card","Relic","Card","Relic","Card"],"build_version":"2020-12-22","purchased_purges":3,"victory":true,"max_hp_per_floor":[80,80,80,80,80,80,80,80,80,80,80,80,80,85,85,85,85,85,85,85,85,85,85,85,85,85,85,85,85,85,85,85,85,85,85,85,85,85,85,85,85,85,85,85,85,85,92,92,92,92],"relic_stats":{"Mark of the Bloom":225,"Lee\u0027s Waffle":0,"counters":[18,70],"Whetstone":["Iron Wave","Iron Wave"],"War Paint":[],"MawBank":144,"Burning Blood":60,"Sozu":4,"Centennial Puzzle":[36],"Dream Catcher":5,"Bird Faced Urn":[6],"obtain_stats":[{"Mark of the Bloom":38,"Lee\u0027s Waffle":47,"Calipers":23,"Whetstone":21,"War Paint":40,"MawBank":8,"Burning Blood":0,"Akabeko":25,"Sozu":17,"SlaversCollar":34,"Centennial Puzzle":9,"Dream Catcher":31,"Bird Faced Urn":29,"Molten Egg 2":11,"Toxic Egg 2":26,"InkBottle":10,"Red Skull":43},{"Mark of the Bloom":15,"Lee\u0027s Waffle":17,"Calipers":9,"Whetstone":8,"War Paint":16,"MawBank":4,"Burning Blood":0,"Akabeko":10,"Sozu":7,"SlaversCollar":13,"Centennial Puzzle":4,"Dream Catcher":12,"Bird Faced Urn":11,"Molten Egg 2":6,"Toxic Egg 2":10,"InkBottle":5,"Red Skull":16},{"Mark of the Bloom":55,"Lee\u0027s Waffle":62,"Calipers":36,"Whetstone":31,"War Paint":58,"MawBank":11,"Burning Blood":0,"Akabeko":38,"Sozu":27,"SlaversCollar":49,"Centennial Puzzle":11,"Dream Catcher":44,"Bird Faced Urn":42,"Molten Egg 2":21,"Toxic Egg 2":38,"InkBottle":16,"Red Skull":58}],"InkBottle":[17]},"card_choices":[{"not_picked":["Entrench","Thunderclap"],"picked":"Spot Weakness","floor":0},{"not_picked":["True Grit","Evolve"],"picked":"Battle Trance","floor":0},{"not_picked":["Body Slam","Armaments"],"picked":"Iron Wave","floor":0},{"not_picked":["Searing Blow","Flame Barrier"],"picked":"Shrug It Off","floor":0},{"not_picked":["Heavy Blade","Shockwave"],"picked":"Flex","floor":0},{"not_picked":["Clash","Heavy Blade"],"picked":"Wild Strike","floor":0},{"not_picked":["Flex","Infernal Blade"],"picked":"Thunderclap","floor":0},{"not_picked":["Heavy Blade","Body Slam"],"picked":"Iron Wave","floor":0},{"not_picked":["True Grit","Pommel Strike"],"picked":"Rampage","floor":0},{"not_picked":["Reckless Charge","Headbutt"],"picked":"Pummel","floor":0},{"not_picked":["Flex","Body Slam"],"picked":"Cleave","floor":0},{"not_picked":["Perfected Strike","Heavy Blade"],"picked":"Anger","floor":0},{"not_picked":["Heavy Blade","Warcry"],"picked":"Iron Wave","floor":0},{"not_picked":["Uppercut","Pommel Strike"],"picked":"Battle Trance","floor":0},{"not_picked":["Perfected Strike","Headbutt"],"picked":"True Grit","floor":0},{"not_picked":["Heavy Blade","Anger","Sword Boomerang"],"picked":"SKIP","floor":1},{"not_picked":["Entrench","Shrug It Off"],"picked":"Armaments","floor":2},{"not_picked":["Entrench","Headbutt","Heavy Blade"],"picked":"SKIP","floor":7},{"not_picked":["Rage","Perfected Strike","Combust"],"picked":"SKIP","floor":8},{"not_picked":["Heavy Blade","Reckless Charge","Warcry"],"picked":"SKIP","floor":10},{"not_picked":["Reckless Charge+1","Havoc"],"picked":"Heavy Blade+1","floor":11},{"not_picked":["Offering","Exhume"],"picked":"Berserk","floor":16},{"not_picked":["Thunderclap+1","Heavy Blade+1","Dropkick+1"],"picked":"SKIP","floor":18},{"not_picked":["Whirlwind+1","Clash+1"],"picked":"Uppercut+1","floor":23},{"not_picked":["Armaments","Twin Strike+1"],"picked":"Juggernaut","floor":25},{"not_picked":["Seeing Red+1","Shrug It Off+1","Clothesline+1"],"picked":"SKIP","floor":29},{"not_picked":["Power Through+1","Whirlwind+1","Dropkick+1"],"picked":"SKIP","floor":31},{"not_picked":["Heavy Blade+1","Wild Strike+1"],"picked":"Spot Weakness+1","floor":32},{"not_picked":["Brutality","Feed+1"],"picked":"Double Tap+1","floor":33},{"not_picked":["Power Through+1","Thunderclap+1","True Grit+1"],"picked":"SKIP","floor":35},{"not_picked":["Armaments+1","Pommel Strike+1","Havoc+1"],"picked":"SKIP","floor":37},{"not_picked":["Flame Barrier+1","Anger+1","Barricade"],"picked":"SKIP","floor":40},{"not_picked":["Inflame","Sword Boomerang+1","Body Slam+1"],"picked":"SKIP","floor":46}],"player_experience":677816,"relics_obtained":[{"floor":8,"key":"MawBank"},{"floor":9,"key":"Centennial Puzzle"},{"floor":10,"key":"InkBottle"},{"floor":11,"key":"Molten Egg 2"},{"floor":23,"key":"Calipers"},{"floor":25,"key":"Akabeko"},{"floor":26,"key":"Toxic Egg 2"},{"floor":29,"key":"Bird Faced Urn"},{"floor":31,"key":"Dream Catcher"},{"floor":40,"key":"War Paint"},{"floor":43,"key":"Red Skull"}],"event_choices":[{"damage_healed":0,"gold_gain":0,"cards_transformed":["Armaments"],"player_choice":"Transformed","damage_taken":0,"max_hp_gain":0,"max_hp_loss":0,"event_name":"Transmorgrifier","floor":3,"gold_loss":0,"cards_obtained":["Rage"]},{"damage_healed":63,"gold_gain":0,"player_choice":"Upgrade","damage_taken":16,"max_hp_gain":0,"max_hp_loss":80,"event_name":"betterThird:BetterShining","floor":12,"gold_loss":0,"cards_upgraded":["True Grit","Rage"]},{"damage_healed":0,"gold_gain":0,"player_choice":"Donut","damage_taken":0,"max_hp_gain":5,"max_hp_loss":0,"event_name":"Big Fish","floor":14,"gold_loss":0},{"damage_healed":0,"gold_gain":0,"player_choice":"Ignored","damage_taken":0,"max_hp_gain":0,"max_hp_loss":0,"event_name":"Vampires","floor":19,"gold_loss":0},{"damage_healed":0,"gold_gain":0,"player_choice":" Defy","damage_taken":0,"max_hp_gain":0,"max_hp_loss":0,"event_name":"betterAltar:BetterAltar","floor":22,"gold_loss":0,"cards_obtained":["Decay"]},{"damage_healed":0,"gold_gain":2,"player_choice":"2","damage_taken":0,"max_hp_gain":0,"max_hp_loss":17,"event_name":"betterStone:BetterStone","floor":27,"gold_loss":0},{"damage_healed":0,"gold_gain":0,"player_choice":"Ignored","damage_taken":0,"max_hp_gain":0,"max_hp_loss":0,"event_name":"The Mausoleum","floor":30,"gold_loss":0},{"damage_healed":0,"gold_gain":0,"player_choice":"Forge","damage_taken":0,"max_hp_gain":0,"max_hp_loss":0,"event_name":"Accursed Blacksmith","floor":36,"gold_loss":0,"cards_upgraded":["Demon Form"]},{"damage_healed":0,"gold_gain":0,"player_choice":"Upgrade","damage_taken":0,"relics_obtained":["Mark of the Bloom"],"max_hp_gain":0,"max_hp_loss":0,"event_name":"MindBloom","floor":38,"gold_loss":0,"cards_upgraded":["Spot Weakness","Battle Trance","Iron Wave","Shrug It Off","Flex","Thunderclap","Rampage","Pummel","Cleave","Anger","Battle Trance","Flame Barrier","Juggernaut"]},{"damage_healed":0,"gold_gain":0,"player_choice":"Cursed","damage_taken":0,"max_hp_gain":0,"max_hp_loss":0,"event_name":"Wheel of Change","floor":41,"gold_loss":0,"cards_obtained":["Decay"]},{"damage_healed":0,"gold_gain":0,"player_choice":"Ignored","damage_taken":0,"max_hp_gain":0,"max_hp_loss":0,"event_name":"The Moai Head","floor":48,"gold_loss":0}],"is_beta":false,"boss_relics":[{"not_picked":["Snecko Eye","Astrolabe"],"picked":"Sozu"},{"not_picked":["Black Star","Tiny House"],"picked":"SlaversCollar"}],"items_purged_floors":[4,20,28],"is_endless":false,"potions_floor_spawned":[1,2,16,29,33,40,46],"ascension_level":0}}