{"host":"lehbxtjrpalkmwwj","time":1614074485,"event":{"mods":["ATMod(°¢èªMod)","Aspiration","BaseMod","Challenge The Spire","Colored Map","Colored Powertips","Conspire","Dota2Spire","Energized Spire","Hunter ÁÔÈË","Minty Spire (QoL Compilation)","Quick Restart","Relic Stats","Reliquary","Replay The Spire","Spicy Shops","StSLib","TestMod","The Cursed","The IronCluck","The Poker Player","Waifu the Spire","Wide Potions","[IsaacMod]ÒÔÈö¼âËþ","¡¾ÒÅÎï¿¨ÅÆ¡¿REMEMod","É³µñ²ÄÖÊ°ümod","óô»ðÖ¸ÄÏ"],"gold_per_floor":[117,127,140,158,168,200,220,220,220],"floor_reached":8,"language":"ZHS","playtime":277,"items_purged":[],"score":102,"play_id":"ae087467-dad0-44da-bbed-8134d8ac3eb6","local_time":"20210223180125","is_ascension_mode":true,"campfire_choices":[],"circlet_count":0,"master_deck":["AscendersBane","TheCursedMod:Strike_TheCursed","TheCursedMod:Strike_TheCursed","TheCursedMod:Strike_TheCursed","TheCursedMod:Strike_TheCursed","TheCursedMod:Defend_TheCursed","TheCursedMod:Defend_TheCursed","TheCursedMod:Defend_TheCursed","TheCursedMod:Defend_TheCursed","TheCursedMod:CursedWand","TheCursedMod:CleanUpWorkshop","TheCursedMod:Dregs","EpicFetus","AT_FamilyPortrait","REME_Flogging","TheCursedMod:CursedBoomerang","TheCursedMod:SmokeScreen","TheCursedMod:CursedStaff","TheCursedMod:CursedMace","TheCursedMod:LuckyCharm","TheCursedMod:DemonSword","TheCursedMod:Stigma"],"relics":["TheCursedMod:BlackMagic101","HushsDoor","AT_ATBox","testmod-TestBox","REME_ComplimentaryCards","UnicornStump","testmod-RandomTest","NeowsBlessing","testmod-TurbochargingSystem"],"acts_visited":["Exordium"],"potions_floor_usage":[6],"damage_taken":[{"damage":0,"enemies":"Small Slimes","floor":1,"turns":1},{"damage":0,"enemies":"Cultist","floor":2,"turns":1},{"damage":0,"enemies":"2 Louse","floor":3,"turns":1},{"damage":10,"enemies":"Blue Slaver","floor":4,"turns":2},{"damage":3,"enemies":"3 Louse","floor":5,"turns":2},{"damage":32,"enemies":"3 Sentries","floor":6,"turns":5},{"damage":3,"enemies":"Exordium Thugs","floor":7,"turns":2},{"damage":25,"enemies":"Gremlin Nob","floor":8,"turns":3}],"seed_played":"6562458056050292587","potions_obtained":[{"floor":4,"key":"SpeedPotion"}],"is_trial":false,"path_per_floor":["M","M","M","M","M","E","M","E"],"character_chosen":"THE_CURSED","items_purchased":[],"campfire_rested":0,"item_purchase_floors":[],"current_hp_per_floor":[68,68,68,58,55,23,20,0,0],"gold":220,"neow_bonus":"THREE_ENEMY_KILL","is_daily":false,"chose_seed":false,"campfire_upgraded":0,"win_rate":0.0,"timestamp":1614074485,"path_taken":["M","M","M","M","M","E","M","E"],"items_purchased_type":[],"build_version":"2020-12-22","purchased_purges":0,"victory":false,"max_hp_per_floor":[75,75,75,75,75,75,75,75,75],"relic_stats":{"counters":[8,17],"obtain_stats":[{"KeepersGift":0,"TheCursedMod:BlackMagic101":0,"UnicornStump":0,"AT_ATBox":0,"testmod-TestBox":0,"NeowsBlessing":0,"testmod-TurbochargingSystem":6,"testmod-RandomTest":0,"HushsDoor":0,"REME_ComplimentaryCards":0},{"KeepersGift":0,"TheCursedMod:BlackMagic101":0,"UnicornStump":0,"AT_ATBox":0,"testmod-TestBox":0,"NeowsBlessing":0,"testmod-TurbochargingSystem":6,"testmod-RandomTest":0,"HushsDoor":0,"REME_ComplimentaryCards":0},{"KeepersGift":0,"TheCursedMod:BlackMagic101":0,"UnicornStump":0,"AT_ATBox":0,"testmod-TestBox":0,"NeowsBlessing":0,"testmod-TurbochargingSystem":12,"testmod-RandomTest":0,"HushsDoor":0,"REME_ComplimentaryCards":0}]},"card_choices":[{"not_picked":[],"picked":"EpicFetus","floor":0},{"not_picked":["TheCursedMod:CircleOfCorruption","TheCursedMod:CursedBlade"],"picked":"TheCursedMod:CursedBoomerang","floor":1},{"not_picked":["TheCursedMod:Stretching","TheCursedMod:RapidMovement"],"picked":"TheCursedMod:SmokeScreen","floor":2},{"not_picked":["TheCursedMod:HellfireBreathing","TheCursedMod:RapidMovement"],"picked":"TheCursedMod:CursedStaff","floor":3},{"not_picked":["TheCursedMod:Evocation","TheCursedMod:SoulReap"],"picked":"TheCursedMod:CursedMace","floor":4},{"not_picked":["Bomb","TheCursedMod:SmokeScreen"],"picked":"TheCursedMod:LuckyCharm","floor":5},{"not_picked":["TheCursedMod:SpitefulPray","TheCursedMod:Torture"],"picked":"TheCursedMod:DemonSword","floor":6},{"not_picked":["TheCursedMod:CircleOfCorruption","TheCursedMod:SmokeScreen"],"picked":"TheCursedMod:Stigma","floor":7}],"player_experience":207726,"relics_obtained":[{"floor":6,"key":"testmod-TurbochargingSystem"}],"event_choices":[],"is_beta":false,"boss_relics":[],"items_purged_floors":[],"is_endless":false,"potions_floor_spawned":[4,5],"killed_by":"Gremlin Nob","ascension_level":13}}