{"host":"kiehjq3lc4w5t4uc","time":1614095715,"event":{"mods":["AchievementEnabler","BaseMod","BetterRewards","Colored Map","Colored Powertips","DeckTracker","Good Game Mod","Keyboard Shortcuts","Minty Spire (QoL Compilation)","Permanent Neow","Quick Restart","Rare Cards Sparkle","Relic Stats","StSLib","SuperFastMode"],"gold_per_floor":[119,137,237,66,66,66,95,114,114,134,134,151,186,201,201,276,276,286,303,149,161,37,72,72,72,97,117,146,146,146,24,24,103,103,117,117,132,146,166,166,166,176,176,136,166,177,177,195,195,195],"floor_reached":51,"language":"KOR","playtime":3321,"items_purged":["Strike_R","Strike_R","Defend_R"],"score":1399,"play_id":"98468f43-e62c-414b-84bb-b13862c17b65","local_time":"20210224005515","is_ascension_mode":true,"campfire_choices":[{"data":"Enlightenment","floor":6.0,"key":"SMITH"},{"data":"Armaments","floor":11.0,"key":"SMITH"},{"data":"Searing Blow","floor":15.0,"key":"SMITH"},{"data":"Armaments","floor":25.0,"key":"SMITH"},{"data":"Seek","floor":29.0,"key":"SMITH"},{"floor":32.0,"key":"REST"},{"data":"Searing Blow+1","floor":40.0,"key":"SMITH"},{"data":"Searing Blow+3","floor":47,"key":"SMITH"},{"floor":49,"key":"REST"}],"circlet_count":0,"master_deck":["AscendersBane","Strike_R","Defend_R","Bash+1","Seek+1","Searing Blow+4","Enlightenment+1","Armaments+1","Armaments+1","Master of Strategy","Feed","Pummel","Impervious","Blood for Blood+1","Bludgeon+1","Combust+1","True Grit","Rupture","Shrug It Off+1","Rage","Armaments","Barricade","Inflame","Pommel Strike+1","Parasite"],"relics":["Burning Blood","REME:ComplimentaryCards","Nunchaku","Bag of Marbles","Blue Candle","Kunai","Bottled Lightning","The Courier","Astrolabe","Bronze Scales","Paper Frog","Potion Belt","Lantern","Oddly Smooth Stone","Busted Crown","Vajra","Bag of Preparation"],"acts_visited":["Exordium","TheCity","TheBeyond"],"potions_floor_usage":[45,48,50,50,50],"damage_taken":[{"damage":10.0,"enemies":"Small Slimes","floor":1.0,"turns":3.0},{"damage":0.0,"enemies":"Cultist","floor":2.0,"turns":2.0},{"damage":22.0,"enemies":"3 Sentries","floor":7.0,"turns":8.0},{"damage":0.0,"enemies":"2 Louse","floor":8.0,"turns":1.0},{"damage":31.0,"enemies":"Lots of Slimes","floor":10.0,"turns":5.0},{"damage":18.0,"enemies":"Large Slime","floor":12.0,"turns":6.0},{"damage":30.0,"enemies":"Lagavulin","floor":13.0,"turns":6.0},{"damage":1.0,"enemies":"Red Slaver","floor":14.0,"turns":2.0},{"damage":0.0,"enemies":"Slime Boss","floor":16.0,"turns":7.0},{"damage":4.0,"enemies":"3 Byrds","floor":18.0,"turns":5.0},{"damage":5.0,"enemies":"2 Thieves","floor":19.0,"turns":3.0},{"damage":26.0,"enemies":"Shelled Parasite and Fungi","floor":21.0,"turns":3.0},{"damage":15.0,"enemies":"Book of Stabbing","floor":23.0,"turns":3.0},{"damage":1.0,"enemies":"Cultist and Chosen","floor":27.0,"turns":2.0},{"damage":35.0,"enemies":"Gremlin Leader","floor":28.0,"turns":6.0},{"damage":40.0,"enemies":"Champ","floor":33.0,"turns":8.0},{"damage":8.0,"enemies":"3 Darklings","floor":35.0,"turns":5.0},{"damage":4.0,"enemies":"3 Shapes","floor":37.0,"turns":9.0},{"damage":11.0,"enemies":"Jaw Worm Horde","floor":38.0,"turns":5.0},{"damage":41.0,"enemies":"Writhing Mass","floor":39.0,"turns":7.0},{"damage":11.0,"enemies":"Transient","floor":42.0,"turns":5.0},{"damage":0,"enemies":"Reptomancer","floor":45,"turns":1},{"damage":3,"enemies":"Jaw Worm Horde","floor":46,"turns":4},{"damage":0,"enemies":"Writhing Mass","floor":48,"turns":4},{"damage":46,"enemies":"Awakened One","floor":50,"turns":7}],"seed_played":"438564277729043352","potions_obtained":[{"floor":2.0,"key":"Weak Potion"},{"floor":10.0,"key":"BloodPotion"},{"floor":12.0,"key":"Strength Potion"},{"floor":16.0,"key":"Block Potion"},{"floor":18.0,"key":"Energy Potion"},{"floor":21.0,"key":"Swift Potion"},{"floor":28.0,"key":"SteroidPotion"},{"floor":33.0,"key":"Explosive Potion"},{"floor":38.0,"key":"LiquidMemories"},{"floor":42.0,"key":"SkillPotion"},{"floor":45,"key":"FearPotion"}],"is_trial":false,"path_per_floor":["M","M","?","$","?","R","E","M","T","M","R","M","E","M","R","B",null,"M","M","$","M","$","E","?","R","T","M","E","R","?","$","R","B",null,"M","$","M","M","M","R","?","M","T","?","E","M","R","M","R","B",null],"character_chosen":"IRONCLAD","items_purchased":["Searing Blow","Carnage","Nunchaku","Bag of Marbles","Enlightenment","Armaments","Master of Strategy","Rupture","Bronze Scales","Oddly Smooth Stone"],"campfire_rested":2,"item_purchase_floors":[0,0,0,0,0,0,4,20,22,31],"current_hp_per_floor":[64,70,70,70,70,70,54,63,63,42,42,33,30,35,35,41,77,82,86,86,69,69,60,60,60,60,65,39,39,39,39,69,35,85,83,83,88,83,48,48,48,43,43,43,49,55,55,65,98,58],"gold":195,"neow_bonus":"","is_daily":false,"chose_seed":false,"campfire_upgraded":7,"win_rate":0.0,"timestamp":1614095715,"path_taken":["M","M","?","?","?","R","E","M","T","M","R","M","E","M","R","BOSS","M","M","$","M","?","E","?","R","T","M","E","R","?","$","R","BOSS","M","?","?","M","M","R","?","M","T","?","E","M","R","?","R","BOSS"],"items_purchased_type":["Card","Card","Relic","Relic","Card","Card","Card","Card","Relic","Relic"],"build_version":"2020-12-22","purchased_purges":3,"victory":true,"max_hp_per_floor":[75,75,75,75,75,75,75,78,78,82,82,85,89,89,89,89,89,92,95,95,98,98,98,98,98,98,98,101,101,101,101,101,101,101,101,101,104,104,104,104,104,104,104,104,104,107,107,111,111,111],"relic_stats":{"Nunchaku":[17],"Busted Crown":16,"counters":[25,117],"Blue Candle":[1],"Astrolabe":["Blood for Blood","Bludgeon","Combust"],"Bronze Scales":[158],"Bag of Preparation":[6],"Kunai":[15],"obtain_stats":[{"Potion Belt":26,"Lantern":28,"Blue Candle":5,"Astrolabe":17,"Oddly Smooth Stone":31,"Vajra":43,"The Courier":13,"Bag of Preparation":45,"Burning Blood":0,"REME:ComplimentaryCards":0,"Nunchaku":0,"Busted Crown":34,"Bronze Scales":22,"Bag of Marbles":0,"Kunai":7,"Bottled Lightning":9,"Paper Frog":23},{"Potion Belt":13,"Lantern":15,"Blue Candle":2,"Astrolabe":9,"Oddly Smooth Stone":15,"Vajra":21,"The Courier":7,"Bag of Preparation":22,"Burning Blood":0,"REME:ComplimentaryCards":0,"Nunchaku":0,"Busted Crown":16,"Bronze Scales":12,"Bag of Marbles":0,"Kunai":3,"Bottled Lightning":4,"Paper Frog":13},{"Potion Belt":54,"Lantern":62,"Blue Candle":5,"Astrolabe":40,"Oddly Smooth Stone":62,"Vajra":101,"The Courier":31,"Bag of Preparation":102,"Burning Blood":0,"REME:ComplimentaryCards":0,"Nunchaku":0,"Busted Crown":70,"Bronze Scales":51,"Bag of Marbles":0,"Kunai":13,"Bottled Lightning":14,"Paper Frog":54}],"Burning Blood":150},"card_choices":[{"not_picked":["Rampage","Cleave"],"picked":"Armaments","floor":1.0},{"not_picked":["Headbutt","Thunderclap","Fire Breathing"],"picked":"SKIP","floor":2.0},{"not_picked":["Pommel Strike","True Grit"],"picked":"Feed","floor":7.0},{"not_picked":["Perfected Strike","Pommel Strike","Thunderclap"],"picked":"SKIP","floor":8.0},{"not_picked":["Headbutt","Uppercut"],"picked":"Pummel","floor":10.0},{"not_picked":["Sword Boomerang","Whirlwind","Clash"],"picked":"SKIP","floor":12.0},{"not_picked":["Clash","Juggernaut","Havoc"],"picked":"SKIP","floor":13.0},{"not_picked":["Cleave","Anger","Clash"],"picked":"SKIP","floor":14.0},{"not_picked":["Feed","Berserk"],"picked":"Impervious","floor":16.0},{"not_picked":["Body Slam","Havoc"],"picked":"True Grit","floor":18.0},{"not_picked":["Havoc","Pommel Strike","Armaments"],"picked":"SKIP","floor":19.0},{"not_picked":["Armaments","True Grit","Seeing Red"],"picked":"SKIP","floor":21.0},{"not_picked":["Heavy Blade+1","Flex","Pommel Strike"],"picked":"SKIP","floor":23.0},{"not_picked":["Searing Blow","Carnage"],"picked":"Shrug It Off+1","floor":27.0},{"not_picked":["Burning Pact","Wild Strike"],"picked":"Rage","floor":28.0},{"not_picked":["Juggernaut","Limit Break"],"picked":"Barricade","floor":33.0},{"not_picked":["Clash"],"picked":"SKIP","floor":35.0},{"not_picked":["Thunderclap"],"picked":"SKIP","floor":37.0},{"not_picked":[],"picked":"Inflame","floor":38.0},{"not_picked":["Clash+1"],"picked":"SKIP","floor":39.0},{"not_picked":[],"picked":"Pommel Strike+1","floor":42.0},{"not_picked":["Thunderclap"],"picked":"SKIP","floor":45},{"not_picked":["Body Slam"],"picked":"SKIP","floor":46},{"not_picked":["Rupture"],"picked":"SKIP","floor":48}],"player_experience":208595,"relics_obtained":[{"floor":7.0,"key":"Kunai"},{"floor":9.0,"key":"Bottled Lightning"},{"floor":13.0,"key":"The Courier"},{"floor":23.0,"key":"Paper Frog"},{"floor":26.0,"key":"Potion Belt"},{"floor":28.0,"key":"Lantern"},{"floor":43.0,"key":"Vajra"},{"floor":45,"key":"Bag of Preparation"}],"event_choices":[{"damage_healed":0.0,"max_hp_gain":0.0,"max_hp_loss":0.0,"gold_gain":100.0,"event_name":"Golden Shrine","player_choice":"Pray","floor":3.0,"gold_loss":0.0,"damage_taken":0.0},{"damage_healed":0.0,"max_hp_gain":0.0,"max_hp_loss":0.0,"gold_gain":0.0,"event_name":"WeMeetAgain","player_choice":"Gave Potion","floor":5.0,"gold_loss":0.0,"damage_taken":0.0,"relics_obtained":["Blue Candle"]},{"damage_healed":0.0,"max_hp_gain":0.0,"max_hp_loss":0.0,"gold_gain":0.0,"event_name":"Vampires","player_choice":"Ignored","floor":24.0,"gold_loss":0.0,"damage_taken":0.0},{"damage_healed":0.0,"max_hp_gain":0.0,"max_hp_loss":0.0,"gold_gain":0.0,"cards_transformed":["Defend_R"],"event_name":"Transmorgrifier","player_choice":"Transformed","floor":30.0,"gold_loss":0.0,"damage_taken":0.0,"cards_obtained":["Armaments"]},{"cards_removed":["Carnage"],"damage_healed":0.0,"max_hp_gain":0.0,"max_hp_loss":0.0,"gold_gain":0.0,"event_name":"Falling","player_choice":"Removed Attack","floor":41.0,"gold_loss":0.0,"damage_taken":0.0},{"damage_healed":0.0,"max_hp_gain":0.0,"max_hp_loss":0.0,"gold_gain":0.0,"event_name":"Designer","player_choice":"Upgraded Two","floor":44.0,"gold_loss":40.0,"damage_taken":0.0,"cards_upgraded":["Searing Blow","Bash"]}],"is_beta":false,"boss_relics":[{"not_picked":["Black Blood","Tiny House"],"picked":"Astrolabe"},{"not_picked":["Snecko Eye","Sozu"],"picked":"Busted Crown"}],"items_purged_floors":[0,0,20],"is_endless":false,"potions_floor_spawned":[2,10,12,16,18,21,28,33,38,42,45],"ascension_level":14}}