{"host":"nsu382cuivk29rjh","time":1614088809,"event":{"mods":["BaseMod","Downfall","Minty Spire (QoL Compilation)","StSLib"],"gold_per_floor":[99,115,126,226,136,156,180,80,96,96,96,96,107,136,152,248,248,148,162,162,162,162],"floor_reached":20,"language":"ZHS","playtime":849,"items_purged":["champ:Defend"],"score":174,"play_id":"35cfb7db-bccd-4848-8a2d-609839b94f4a","local_time":"20210223220009","is_ascension_mode":false,"campfire_choices":[{"floor":1.0,"key":"RECALL"},{"data":"champ:StanceDance","floor":8.0,"key":"SMITH"},{"floor":11.0,"key":"REST"},{"data":"champ:LastStand","floor":18,"key":"SMITH"}],"circlet_count":0,"master_deck":["champ:Strike","champ:Strike","champ:Strike","champ:Strike","champ:Defend","champ:Defend","champ:Defend","champ:Execute","champ:Taunt+1","champ:SkillfulDodge","champ:StanceDance+1","champ:LastStand+1","champ:CalledShot+1","champ:EnragedBash","champ:SteelEdge","champ:SteelEdge"],"relics":["Black Star","CloakClasp","Boot","downfall:HeartBlessingRed","Omamori","Art of War","StrikeDummy","War Paint","Velvet Choker","downfall:HeartBlessingGreen"],"acts_visited":["Exordium","TheCity"],"potions_floor_usage":[14,16,16],"damage_taken":[{"damage":25.0,"enemies":"Small Slimes","floor":2.0,"turns":4.0},{"damage":13.0,"enemies":"Jaw Worm","floor":3.0,"turns":5.0},{"damage":95.0,"enemies":"Jaw Worm","floor":4.0,"turns":12.0},{"damage":0.0,"enemies":"downfall:FleeingMerchant","floor":5.0,"turns":4.0},{"damage":0.0,"enemies":"2 Louse","floor":6.0,"turns":2.0},{"damage":19.0,"enemies":"Large Slime","floor":9.0,"turns":3.0},{"damage":6.0,"enemies":"Lots of Slimes","floor":13.0,"turns":4.0},{"damage":18,"enemies":"Gremlin Nob","floor":14,"turns":3},{"damage":20,"enemies":"3 Louse","floor":15,"turns":3},{"damage":28,"enemies":"SI_SHIV_ARCHETYPE","floor":16,"turns":7},{"damage":19,"enemies":"Spheric Guardian","floor":19,"turns":4},{"damage":28,"enemies":"downfall:LooterAlt2","floor":20,"turns":2}],"seed_played":"1381023538794451195","potions_obtained":[{"floor":3.0,"key":"Block Potion"},{"floor":4.0,"key":"Fire Potion"},{"floor":13.0,"key":"champ:UltimateStancePotion"},{"floor":14,"key":"AttackPotion"},{"floor":15,"key":"LiquidMemories"},{"floor":19,"key":"Guardian:BlockOnCardUsePotion"}],"is_trial":false,"path_per_floor":["R","M","M","?","$","M","T","R","M","T","R","?","M","E","M","B",null,"R","M","M"],"character_chosen":"THE_CHAMP","items_purchased":[],"campfire_rested":1,"item_purchase_floors":[],"current_hp_per_floor":[90,85,82,32,32,32,32,32,23,23,50,25,24,11,11,3,90,90,76,48,48,48],"gold":162,"neow_bonus":"BOSS_RELIC","is_daily":false,"chose_seed":false,"campfire_upgraded":2,"win_rate":0.0,"timestamp":1614088809,"path_taken":["R","M","M","?","$","M","T","R","M","?","R","?","M","E","M","BOSS","R","M","M"],"items_purchased_type":[],"build_version":"2020-12-22","purchased_purges":1,"victory":false,"max_hp_per_floor":[90,90,90,90,90,90,90,90,90,90,90,90,90,90,90,90,90,90,90,90,90,90],"card_choices":[{"not_picked":["champ:EndlessRage","champ:GutPunch"],"picked":"champ:SkillfulDodge","floor":2.0},{"not_picked":["champ:Backstep","champ:RecklessLeap"],"picked":"champ:StanceDance","floor":3.0},{"not_picked":["champ:DefensiveShout","champ:Backstep"],"picked":"champ:LastStand","floor":5.0},{"not_picked":["champ:Parry","champ:DefensiveShout"],"picked":"champ:CalledShot","floor":6.0},{"not_picked":["champ:Endure","champ:GutPunch"],"picked":"champ:EnragedBash","floor":9.0},{"not_picked":["champ:BladeFlurry","champ:Parry","champ:BerserkersShout"],"picked":"SKIP","floor":13.0},{"not_picked":["champ:FlashCut","champ:Shatter"],"picked":"champ:SteelEdge","floor":14},{"not_picked":["champ:AdrenalArmor","champ:BringItOn","champ:FanOfKnives"],"picked":"SKIP","floor":15},{"not_picked":["champ:CheapShot","champ:Devastate"],"picked":"champ:SteelEdge","floor":16},{"not_picked":["champ:Circumvent+1","champ:PreciseThrust","champ:CrownThrow"],"picked":"SKIP","floor":19}],"player_experience":1174456,"relics_obtained":[{"floor":4.0,"key":"CloakClasp"},{"floor":7.0,"key":"Boot"},{"floor":10.0,"key":"Omamori"},{"floor":14,"key":"StrikeDummy"},{"floor":14,"key":"War Paint"}],"event_choices":[{"damage_healed":0.0,"max_hp_gain":0.0,"max_hp_loss":0.0,"gold_gain":0.0,"event_name":"Scrap Ooze","player_choice":"Success","floor":12.0,"gold_loss":0.0,"damage_taken":25.0,"relics_obtained":["Art of War"]}],"is_beta":false,"boss_relics":[{"not_picked":["Busted Crown","SlaversCollar"],"picked":"Velvet Choker"}],"items_purged_floors":[5],"is_endless":false,"potions_floor_spawned":[3,4,13,14,15,19],"killed_by":"downfall:LooterAlt2","ascension_level":0}}