{"host":"Doisman","time":1614101265,"event":{"mods":["AchievementEnabler","BaseMod","Better Note","Curses Come First","Minty Spire (QoL Compilation)","Permanent Neow","Quick Restart","Relic Stats","Replay The Spire","StSLib","slay the spire mod where everything is the same but ironclad has a cowboy hat"],"gold_per_floor":[117,192,0,19,94,126,126,156,456,483,483,493,511,526,526,630,630,649,739,689,5,25,25,60,60,60,60,60],"floor_reached":27,"language":"ENG","playtime":1125,"items_purged":[],"score":314,"play_id":"4a8ca638-473d-422b-b490-360bc7e05d69","local_time":"20210223112745","is_ascension_mode":true,"campfire_choices":[{"data":"Panic Button","floor":7,"key":"SMITH"},{"floor":11,"key":"REST"},{"floor":15,"key":"REST"},{"floor":23,"key":"REST"},{"floor":25,"key":"REST"}],"circlet_count":0,"master_deck":["Zap","Force Field+1","Machine Learning","ReplayGash","Time Bomb","ReplayTheSpireMod:Calculation Training+1","Heatsinks","Darkness","Panic Button+1","Steam","Conserve Battery","Echo Form","Steam+1","ReplayTheSpireMod:Calculation Training+1","Rainbow","Force Field","Gash","Coolheaded","Beam Cell","Go for the Eyes+1","Echo Form+1","Good Instincts+1","Cold Snap","Buffer","Panic Button+1"],"relics":["Pandora\u0027s Box","Gremlin Food","Ornamental Fan","Prayer Wheel","Old Coin","Kunai","Empty Cage","DollysMirror","Mango","ReplayTheSpireMod:TigerMarble","War Paint","ReplayTheSpireMod:Lightbulb"],"acts_visited":["Exordium","TheCity"],"potions_floor_usage":[8,16,22,27,27,27],"damage_taken":[{"damage":3,"enemies":"Small Slimes","floor":1,"turns":4},{"damage":5,"enemies":"2 Louse","floor":4,"turns":3},{"damage":0,"enemies":"Lagavulin","floor":6,"turns":6},{"damage":32,"enemies":"Gremlin Nob","floor":8,"turns":6},{"damage":0,"enemies":"Lagavulin","floor":10,"turns":6},{"damage":6,"enemies":"Cultist","floor":12,"turns":4},{"damage":4,"enemies":"Large Slime","floor":13,"turns":4},{"damage":0,"enemies":"Looter","floor":14,"turns":4},{"damage":10,"enemies":"Hexaghost","floor":16,"turns":9},{"damage":25,"enemies":"3 Byrds","floor":18,"turns":6},{"damage":17,"enemies":"2 Thieves","floor":22,"turns":4},{"damage":52,"enemies":"Gremlin Leader","floor":24,"turns":8},{"damage":18,"enemies":"Slavers","floor":27,"turns":4}],"seed_played":"8599976520677627565","potions_obtained":[{"floor":6,"key":"SkillPotion"},{"floor":8,"key":"SpeedPotion"},{"floor":10,"key":"LifebloodPotion"},{"floor":18,"key":"Block Potion"},{"floor":24,"key":"EntropicBrew"}],"is_trial":false,"path_per_floor":["M","?","$","M","?","E","R","E","T","E","R","M","M","M","R","B",null,"M","?","?","$","M","R","E","R","T","E"],"character_chosen":"DEFECT","items_purchased":["Gremlin Food","Steam","DollysMirror","Mango","ReplayTheSpireMod:TigerMarble","Good Instincts"],"campfire_rested":4,"item_purchase_floors":[3,3,21,21,21,21],"current_hp_per_floor":[72,61,61,56,49,49,49,17,17,17,39,33,29,29,51,41,75,50,38,38,52,35,61,9,35,35,17,17],"gold":60,"neow_bonus":"BOSS_RELIC","is_daily":false,"chose_seed":false,"campfire_upgraded":1,"win_rate":0.0,"timestamp":1614101265,"path_taken":["M","?","$","M","?","E","R","E","T","E","R","M","M","M","R","BOSS","M","?","?","$","M","R","E","R","T","E"],"items_purchased_type":["Relic","Card","Relic","Relic","Relic","Card"],"build_version":"2020-12-18","purchased_purges":0,"victory":false,"max_hp_per_floor":[75,75,75,75,75,75,75,75,75,75,75,75,75,75,75,75,75,75,75,75,89,89,89,89,89,89,89,89],"relic_stats":{"counters":[13,68],"Ornamental Fan":[24],"Pandora\u0027s Box":["Force Field","Machine Learning","ReplayGash","Time Bomb","ReplayTheSpireMod:GoodbyeWorld","ReplayTheSpireMod:Calculation Training","Heatsinks","Darkness"],"Prayer Wheel":5,"Kunai":[6],"War Paint":["Force Field","ReplayTheSpireMod:Calculation Training"],"obtain_stats":[{"Gremlin Food":3,"Mango":21,"War Paint":24,"Empty Cage":17,"Old Coin":9,"Ornamental Fan":6,"DollysMirror":21,"Pandora\u0027s Box":0,"Prayer Wheel":8,"ReplayTheSpireMod:TigerMarble":21,"Kunai":10,"Cracked Core":0,"ReplayTheSpireMod:Lightbulb":26},{"Gremlin Food":1,"Mango":10,"War Paint":12,"Empty Cage":9,"Old Coin":4,"Ornamental Fan":3,"DollysMirror":10,"Pandora\u0027s Box":0,"Prayer Wheel":4,"ReplayTheSpireMod:TigerMarble":10,"Kunai":5,"Cracked Core":0,"ReplayTheSpireMod:Lightbulb":12},{"Gremlin Food":4,"Mango":52,"War Paint":64,"Empty Cage":46,"Old Coin":19,"Ornamental Fan":13,"DollysMirror":52,"Pandora\u0027s Box":0,"Prayer Wheel":19,"ReplayTheSpireMod:TigerMarble":52,"Kunai":25,"Cracked Core":0,"ReplayTheSpireMod:Lightbulb":64}]},"card_choices":[{"not_picked":["Skim","BasicCrystalCard"],"picked":"Panic Button","floor":1},{"not_picked":["Hologram","Panic Button"],"picked":"Conserve Battery","floor":4},{"not_picked":["Cold Snap","Compile Driver"],"picked":"Echo Form","floor":6},{"not_picked":["Barrage","Redo"],"picked":"Steam","floor":8},{"not_picked":["Barrage","Conserve Battery"],"picked":"ReplayTheSpireMod:Calculation Training","floor":10},{"not_picked":["Redo","Turbo"],"picked":"Rainbow","floor":12},{"not_picked":["Redo","Barrage"],"picked":"Force Field","floor":12},{"not_picked":["Ball Lightning","Cold Snap"],"picked":"Gash","floor":13},{"not_picked":["Hologram","ReplayTheSpireMod:Reroute Power","Panic Button"],"picked":"SKIP","floor":13},{"not_picked":["Ball Lightning","Stack"],"picked":"Coolheaded","floor":14},{"not_picked":["Beam Cell","ReplayTheSpireMod:GoodbyeWorld","Sweeping Beam"],"picked":"SKIP","floor":14},{"not_picked":["Stack","Ball Lightning"],"picked":"Beam Cell","floor":18},{"not_picked":["Barrage","Panic Button"],"picked":"Go for the Eyes+1","floor":18},{"not_picked":["BasicCrystalCard+1","Compile Driver"],"picked":"Cold Snap","floor":22},{"not_picked":["Blizzard","BasicCrystalCard"],"picked":"Buffer","floor":22},{"not_picked":["ReplayTheSpireMod:Repulse+1","Cold Snap"],"picked":"Panic Button+1","floor":24}],"player_experience":785391,"relics_obtained":[{"floor":6,"key":"Ornamental Fan"},{"floor":8,"key":"Prayer Wheel"},{"floor":9,"key":"Old Coin"},{"floor":10,"key":"Kunai"},{"floor":24,"key":"War Paint"},{"floor":26,"key":"ReplayTheSpireMod:Lightbulb"}],"event_choices":[{"damage_healed":0,"gold_gain":75,"player_choice":"Gather Gold","damage_taken":11,"max_hp_gain":0,"max_hp_loss":0,"event_name":"World of Goop","floor":2,"gold_loss":0},{"damage_healed":0,"gold_gain":75,"player_choice":"Touch","damage_taken":7,"max_hp_gain":0,"max_hp_loss":0,"event_name":"FaceTrader","floor":5,"gold_loss":0},{"damage_healed":0,"gold_gain":90,"player_choice":"GOLD ","damage_taken":12,"max_hp_gain":0,"max_hp_loss":0,"event_name":"Knowing Skull","floor":19,"potions_obtained":[],"gold_loss":0,"cards_obtained":[]},{"damage_healed":0,"gold_gain":0,"player_choice":"Bet on Owner","damage_taken":0,"max_hp_gain":0,"max_hp_loss":0,"event_name":"The Joust","floor":20,"gold_loss":50}],"is_beta":true,"boss_relics":[{"not_picked":["Snecko Heart","Replay:Bronze Core"],"picked":"Empty Cage"}],"items_purged_floors":[],"is_endless":false,"potions_floor_spawned":[6,8,10,18,24],"killed_by":"Slavers","ascension_level":1}}