{"host":"zefmhu9ryehjj4p1","time":1614103732,"event":{"mods":["100% Spire Juice","2.2 Compatiblity","Act Like it!","Aspiration","BaseMod","Beaked The Cultist","Better Note","CapriCore","Colored Powertips","Conspire","DeckTracker","Downfall","Ekko","Elementarium","Friendly Minions","Gensokyo","Hallownest","Hermit","Highlight Path","Hubris","Infinite Spire","Koishi","Luminous","Marisa????????","Minty Spire (QoL Compilation)","Random Character Button","Reimu??????","Reliquary","Replay The Spire","Ruina","Shade Mod","Shapeshifter Mod","StSLib","The Administrix","The Blue Laboratory","The Bug Knight","The Construct","The Cursed","The Gatherer","The Hierophant","The Immortal","The Judge","The Jungle","The Marked","The Mystic","The Runesmith","The Senshi","The Servant 0.9.4","The Vixen","The Wild Card","TheBandit","TheVacant","Wandering Minibosses"],"gold_per_floor":[110,110,110,122,122,153,165,184,208,208,227,237,237,247,247,247,247,247],"floor_reached":16,"language":"ENG","playtime":676,"items_purged":[],"score":104,"play_id":"1ae0290e-fc3e-4476-a3c0-971b9f01046b","local_time":"20210223190852","is_ascension_mode":false,"campfire_choices":[{"floor":10,"key":"REST"},{"floor":15,"key":"REST"}],"circlet_count":0,"master_deck":["bronze:Strike","bronze:Strike","bronze:Strike","bronze:Strike","bronze:Defend","bronze:Defend","bronze:Defend","bronze:Defend","bronze:Replicate","bronze:Goto","bronze:BronzeOrb","bronze:Flail","theWildCard:Sakuya","bronze:BugBarrage","bronze:HardenedForm+1","bronze:Shield","bronze:BugBarrage","bronze:Iterate","bronze:Repulsor"],"relics":["bronze:BronzeCore","aspiration:Nostalgia","Gatherer:AlchemyBag","conspire:Dentures"],"acts_visited":["Exordium"],"potions_floor_usage":[16],"damage_taken":[{"damage":5,"enemies":"Jaw Worm","floor":1,"turns":4},{"damage":5,"enemies":"Small Slimes","floor":4,"turns":4},{"damage":36,"enemies":"Lagavulin","floor":6,"turns":11},{"damage":0,"enemies":"2 Louse","floor":7,"turns":3},{"damage":7,"enemies":"Blue Slaver","floor":8,"turns":5},{"damage":9,"enemies":"Lots of Slimes","floor":11,"turns":3},{"damage":0,"enemies":"Large Slime","floor":12,"turns":3},{"damage":11,"enemies":"Exordium Thugs","floor":14,"turns":5},{"damage":42,"enemies":"The Guardian","floor":16,"turns":8}],"seed_played":"8768961740111453989","potions_obtained":[{"floor":1,"key":"Elixir"},{"floor":4,"key":"FearPotion"},{"floor":12,"key":"bronze:CleanCodePotion"}],"is_trial":false,"path_per_floor":["M","?","?","M","?","E","M","M","T","R","M","M","?","M","R","B"],"character_chosen":"THE_AUTOMATON","items_purchased":[],"campfire_rested":2,"item_purchase_floors":[],"current_hp_per_floor":[65,65,65,60,60,24,24,17,17,38,29,29,29,18,39,0,0,0],"gold":247,"neow_bonus":"NOSTALGIA","is_daily":false,"chose_seed":false,"campfire_upgraded":0,"win_rate":0.0,"timestamp":1614103732,"path_taken":["M","?","?","M","?","E","M","M","T","R","?","?","?","M","R","BOSS"],"items_purchased_type":[],"build_version":"2020-12-22","purchased_purges":0,"victory":false,"max_hp_per_floor":[70,70,70,70,70,70,70,70,70,70,70,70,70,70,70,70,70,70],"card_choices":[{"not_picked":["bronze:GetLatest","bronze:Branch"],"picked":"bronze:BronzeOrb","floor":1},{"not_picked":["bronze:Deprecate","bronze:Turbo"],"picked":"bronze:Flail","floor":4},{"not_picked":["bronze:DarkDash","bronze:BitShift"],"picked":"bronze:BugBarrage","floor":6},{"not_picked":["bronze:Branch","bronze:Shield"],"picked":"bronze:HardenedForm","floor":7},{"not_picked":["bronze:FineTuning","bronze:Separator"],"picked":"bronze:Shield","floor":8},{"not_picked":["bronze:DarkDash","bronze:DelayedSlice"],"picked":"bronze:BugBarrage","floor":11},{"not_picked":["bronze:DelayedSlice","bronze:Overload"],"picked":"bronze:Iterate","floor":12},{"not_picked":["bronze:BronzeOrb","bronze:MaxOutput"],"picked":"bronze:Repulsor","floor":14}],"player_experience":210878,"relics_obtained":[{"floor":6,"key":"conspire:Dentures"}],"event_choices":[{"damage_healed":0,"gold_gain":0,"player_choice":"Leave","damage_taken":0,"max_hp_gain":0,"max_hp_loss":0,"event_name":"conspire:Investor","floor":2,"gold_loss":0},{"damage_healed":0,"gold_gain":0,"player_choice":"Disagree","damage_taken":0,"max_hp_gain":0,"max_hp_loss":0,"event_name":"conspire:LoneGhost","floor":3,"gold_loss":0},{"damage_healed":0,"gold_gain":0,"player_choice":"Grow","damage_taken":0,"max_hp_gain":0,"max_hp_loss":0,"event_name":"Living Wall","floor":13,"gold_loss":0,"cards_upgraded":["bronze:HardenedForm"]}],"is_beta":false,"boss_relics":[],"items_purged_floors":[],"is_endless":false,"potions_floor_spawned":[1,4,12],"killed_by":"The Guardian","ascension_level":0}}