{"host":"xrbxyo513dr24h85","time":1610177477,"event":{"mods":["BaseMod","Better Third Choice","Colored Map","Downfall","Googly Eyes","Halation","Hubris","Lobotomy","Minty Spire (QoL Compilation)","Random Character Button","Relic Stats","Replay The Spire","Retaliation","StSLib","The Blue Laboratory"],"gold_per_floor":[117,117,137,137,137,166,184,198,244,244,244,259,259,259],"floor_reached":13,"playtime":200,"items_purged":[],"score":85,"play_id":"264898d1-5dc1-4ec8-ae3f-7f5927cf7f66","local_time":"20210108233117","is_ascension_mode":false,"campfire_choices":[],"circlet_count":0,"master_deck":["Strike_B","Strike_B","Strike_B+1","Strike_B","Defend_B+1","Defend_B","Defend_B","Defend_B","Zap","Dualcast","Cold Snap","Redo","ReplayRNGCard","Consume","Injury"],"relics":["Cracked Core","halation:EternalFortune","hubris:ToyBattleship","Bag of Marbles","Golden Idol"],"acts_visited":["Exordium"],"potions_floor_usage":[12,12],"damage_taken":[{"damage":9,"enemies":"Jaw Worm","floor":1,"turns":4},{"damage":0,"enemies":"2 Louse","floor":3,"turns":1},{"damage":34,"enemies":"Gremlin Nob","floor":6,"turns":5},{"damage":0,"enemies":"Small Slimes","floor":7,"turns":2},{"damage":16,"enemies":"Red Slaver","floor":8,"turns":3},{"damage":0,"enemies":"Lots of Slimes","floor":12,"turns":3},{"damage":18,"enemies":"Lagavulin","floor":13,"turns":3}],"seed_played":"3260491237177928899","potions_obtained":[{"floor":6,"key":"Cursed Concoction"},{"floor":7,"key":"blueLaboratory:NullPotion"}],"is_trial":false,"path_per_floor":["M","?","M","?","?","E","M","M","T","$","?","M","E"],"character_chosen":"DEFECT","items_purchased":[],"campfire_rested":0,"item_purchase_floors":[],"current_hp_per_floor":[66,66,66,69,53,19,19,3,3,3,3,3,0,0],"gold":259,"neow_bonus":"THREE_CARDS","is_daily":false,"chose_seed":false,"campfire_upgraded":0,"win_rate":0.0,"timestamp":1610177477,"path_taken":["M","?","M","?","?","E","M","M","T","$","?","?","E"],"items_purchased_type":[],"build_version":"2020-12-22","purchased_purges":0,"victory":false,"max_hp_per_floor":[75,75,75,78,78,78,78,78,78,78,78,78,78,78],"relic_stats":{"counters":[7,21],"Golden Idol":3,"obtain_stats":[{"Golden Idol":11,"halation:EternalFortune":4,"hubris:ToyBattleship":6,"Bag of Marbles":9,"Cracked Core":0},{"Golden Idol":5,"halation:EternalFortune":2,"hubris:ToyBattleship":3,"Bag of Marbles":5,"Cracked Core":0},{"Golden Idol":15,"halation:EternalFortune":5,"hubris:ToyBattleship":10,"Bag of Marbles":15,"Cracked Core":0}]},"card_choices":[{"not_picked":["Rip and Tear","Crystallizer"],"picked":"Cold Snap","floor":0},{"not_picked":["Leap","Steam"],"picked":"Redo","floor":1},{"not_picked":["Blizzard","Rebound","Barrage"],"picked":"SKIP","floor":3},{"not_picked":["ReplayTheSpireMod:GoodbyeWorld","Hologram","Beam Cell"],"picked":"SKIP","floor":6},{"not_picked":["Scrape","Streamline"],"picked":"ReplayRNGCard","floor":7},{"not_picked":["Beam Cell","Chaos"],"picked":"Consume","floor":8},{"not_picked":["ReplaySort","Streamline","Hologram"],"picked":"SKIP","floor":12}],"player_experience":1172729,"relics_obtained":[{"floor":6,"key":"hubris:ToyBattleship"},{"floor":9,"key":"Bag of Marbles"}],"event_choices":[{"damage_healed":69,"gold_gain":0,"player_choice":"Upgrade","damage_taken":16,"max_hp_gain":0,"max_hp_loss":78,"event_name":"betterThird:BetterShining","floor":5,"gold_loss":0,"cards_upgraded":["Strike_B","Defend_B"]},{"damage_healed":0,"gold_gain":0,"player_choice":"Take Wound","damage_taken":0,"relics_obtained":["Golden Idol"],"max_hp_gain":0,"max_hp_loss":0,"event_name":"Golden Idol","floor":11,"gold_loss":0,"cards_obtained":["Injury"]}],"is_beta":false,"boss_relics":[],"items_purged_floors":[],"is_endless":false,"potions_floor_spawned":[6,7],"killed_by":"Lagavulin","ascension_level":0}}