{"host":"1yemetsqamtkb9ct","time":1610187087,"event":{"mods":["AchievementEnabler","BaseMod","Colored Map","Custom Start","KOR Keyword Fix","Lobotomy","Minty Spire (QoL Compilation)","Quick Restart","Random Character Button","StSLib","SuperFastMode"],"gold_per_floor":[117,135,150,150,169,169,182,197,197,208,222,232,232,244,244,244,244],"floor_reached":16,"playtime":511,"items_purged":[],"score":102,"play_id":"ed565c7a-5a5d-4d6d-b846-9dc8c49fbe2f","local_time":"20210109191127","is_ascension_mode":false,"campfire_choices":[{"floor":6.0,"key":"REST"},{"data":"Bash","floor":15,"key":"SMITH"}],"circlet_count":0,"master_deck":["Strike_R","Strike_R","Strike_R","Defend_R","Defend_R","Bash+1","Rudolta","BodiesMountain","Scorched","BigBird","Shrug It Off","MeatLantern","LaLuna","QueenBee","Shrug It Off","OldLady"],"relics":["Burning Blood","CogitoBucket","AspirationHeart","Molten Egg 2","LuminousBracelet"],"acts_visited":["Exordium"],"potions_floor_usage":[14],"damage_taken":[{"damage":11.0,"enemies":"Jaw Worm","floor":1.0,"turns":2.0},{"damage":2.0,"enemies":"Small Slimes","floor":2.0,"turns":4.0},{"damage":10.0,"enemies":"Cultist","floor":3.0,"turns":4.0},{"damage":39.0,"enemies":"Blue Slaver","floor":5.0,"turns":8.0},{"damage":18.0,"enemies":"Large Slime","floor":7.0,"turns":3.0},{"damage":10.0,"enemies":"2 Fungi Beasts","floor":8.0,"turns":3.0},{"damage":8.0,"enemies":"Looter","floor":10.0,"turns":3.0},{"damage":6.0,"enemies":"Exordium Wildlife","floor":11.0,"turns":3.0},{"damage":1.0,"enemies":"2 Fungi Beasts","floor":12.0,"turns":2.0},{"damage":0.0,"enemies":"Large Slime","floor":13.0,"turns":1.0},{"damage":22,"enemies":"Red Slaver","floor":14,"turns":5},{"damage":58,"enemies":"The Guardian","floor":16,"turns":9}],"seed_played":"-6842748502747592515","potions_obtained":[{"floor":3.0,"key":"Block Potion"},{"floor":5.0,"key":"ElixirPotion"},{"floor":12.0,"key":"SmokeBomb"}],"is_trial":false,"path_per_floor":["M","M","M","?","M","R","M","M","T","M","M","M","M","M","R","B"],"character_chosen":"IRONCLAD","items_purchased":[],"campfire_rested":1,"item_purchase_floors":[],"current_hp_per_floor":[75,79,75,75,47,71,60,67,67,66,67,72,45,47,47,0,0],"gold":244,"neow_bonus":"","is_daily":false,"chose_seed":false,"campfire_upgraded":1,"win_rate":0.0,"timestamp":1610187087,"path_taken":["M","M","M","?","M","R","M","M","T","M","M","?","M","M","R","BOSS"],"items_purchased_type":[],"build_version":"2020-12-22","purchased_purges":0,"victory":false,"max_hp_per_floor":[80,80,80,80,80,80,80,90,90,90,90,90,45,60,60,60,60],"card_choices":[{"not_picked":["WallGazer","PunishingBird"],"picked":"Rudolta","floor":1.0},{"not_picked":["Inflame","Infernal Blade","Iron Wave"],"picked":"SKIP","floor":1.0},{"not_picked":["GreedKing","UniverseFragment"],"picked":"BodiesMountain","floor":2.0},{"not_picked":["Juggernaut","Burning Pact","Thunderclap"],"picked":"SKIP","floor":2.0},{"not_picked":["VoidDream","OSAHOGD"],"picked":"Funeral","floor":3.0},{"not_picked":["Infernal Blade","Flex","Thunderclap"],"picked":"SKIP","floor":3.0},{"not_picked":["PunishingBird","MHz"],"picked":"Scorched","floor":5.0},{"not_picked":["Headbutt","Dual Wield","Armaments"],"picked":"SKIP","floor":5.0},{"not_picked":["PunishingBird","FairyFestival","Variant"],"picked":"Singing Bowl","floor":7.0},{"not_picked":["Armaments","Feed","Wild Strike"],"picked":"SKIP","floor":7.0},{"not_picked":["FairyFestival","Freischutz","OSAHOGD"],"picked":"Singing Bowl","floor":8.0},{"not_picked":["Yin","PunishingBird"],"picked":"BigBird","floor":8.0},{"not_picked":["Intimidate","Limit Break"],"picked":"Shrug It Off","floor":8.0},{"not_picked":["Variant","SingingMachine","FairyFestival"],"picked":"Singing Bowl","floor":10.0},{"not_picked":["DreamingCurrent","OldLady"],"picked":"MeatLantern","floor":10.0},{"not_picked":["Heavy Blade+1","True Grit","Headbutt+1"],"picked":"SKIP","floor":10.0},{"not_picked":["Heavy Blade+1","True Grit","Headbutt+1"],"picked":"SKIP","floor":10.0},{"not_picked":["FairyFestival","WallGazer"],"picked":"LaLuna","floor":11.0},{"not_picked":["Hemokinesis+1","Rupture","Disarm"],"picked":"SKIP","floor":11.0},{"not_picked":["OSAHOGD","QueenBee","UniverseFragment"],"picked":"Singing Bowl","floor":12.0},{"not_picked":["PunishingBird","Bloodbath"],"picked":"QueenBee","floor":12.0},{"not_picked":["Clothesline+1","True Grit"],"picked":"Shrug It Off","floor":12.0},{"not_picked":["Wellcheers","Murderer","BigBadWolf"],"picked":"Singing Bowl","floor":14},{"not_picked":["PunishingBird","ShyLook"],"picked":"OldLady","floor":14},{"not_picked":["Shrug It Off","Havoc","Shockwave"],"picked":"SKIP","floor":14}],"player_experience":601533,"relics_obtained":[{"floor":9.0,"key":"Molten Egg 2"}],"event_choices":[{"cards_removed":["Strike_R"],"damage_healed":0.0,"max_hp_gain":0.0,"max_hp_loss":0.0,"gold_gain":0.0,"event_name":"Living Wall","player_choice":"Forget","floor":4.0,"gold_loss":0.0,"damage_taken":0.0}],"is_beta":false,"boss_relics":[],"items_purged_floors":[],"is_endless":false,"potions_floor_spawned":[3,5,7,8,12],"killed_by":"The Guardian","ascension_level":0}}