{"host":"mydft8i2zzydgggw","time":1610203448,"event":{"mods":["AchievementEnabler","BaseMod","BetterRewards","Colored Map","Colored Powertips","DeckTracker","Keyboard Shortcuts","Minty Spire (QoL Compilation)","Quick Restart","Rare Cards Sparkle","StSLib","SuperFastMode","The Poker Player","everything is the same but u backflip on backflip"],"gold_per_floor":[17,29,29,39,55,87,87,87,110,110,120,136,61,79,79,176,176,190,190,205,220,220,220,220,220],"floor_reached":24,"playtime":426,"items_purged":["Strike_R"],"score":230,"play_id":"e16c50f7-4585-41f2-85e4-45f63ade2e2e","local_time":"20210109234408","is_ascension_mode":true,"campfire_choices":[{"data":"Bash","floor":7.0,"key":"SMITH"},{"data":"Heavy Blade","floor":8.0,"key":"SMITH"},{"data":"Spot Weakness","floor":10.0,"key":"SMITH"},{"floor":15.0,"key":"REST"},{"data":"Infernal Blade","floor":23,"key":"SMITH"}],"circlet_count":0,"master_deck":["Bash+1","Heavy Blade+1","Spot Weakness+1","Armaments","Shrug It Off","Flex","Impervious","Sever Soul","Infernal Blade+1","Twin Strike","Sword Boomerang","Combust","Cleave","Evolve","Heavy Blade","Finesse","Shrug It Off"],"relics":["Burning Blood","WingedGreaves","Toy Ornithopter","Boot","Pandora\u0027s Box"],"acts_visited":["Exordium","TheCity"],"potions_floor_usage":[21],"damage_taken":[{"damage":12.0,"enemies":"Jaw Worm","floor":1.0,"turns":2.0},{"damage":0.0,"enemies":"Small Slimes","floor":2.0,"turns":3.0},{"damage":6.0,"enemies":"Cultist","floor":4.0,"turns":3.0},{"damage":6.0,"enemies":"2 Fungi Beasts","floor":5.0,"turns":3.0},{"damage":34.0,"enemies":"Gremlin Nob","floor":6.0,"turns":4.0},{"damage":16.0,"enemies":"Blue Slaver","floor":11.0,"turns":3.0},{"damage":16.0,"enemies":"Lots of Slimes","floor":12.0,"turns":3.0},{"damage":9.0,"enemies":"Red Slaver","floor":14.0,"turns":4.0},{"damage":42.0,"enemies":"Hexaghost","floor":16.0,"turns":6.0},{"damage":13.0,"enemies":"Spheric Guardian","floor":18.0,"turns":3.0},{"damage":12.0,"enemies":"Chosen","floor":20.0,"turns":4.0},{"damage":36,"enemies":"Shelled Parasite and Fungi","floor":21,"turns":4},{"damage":54,"enemies":"Masked Bandits","floor":24,"turns":3}],"seed_played":"2013000423228137600","potions_obtained":[{"floor":4.0,"key":"BlessingOfTheForge"},{"floor":5.0,"key":"PowerPotion"},{"floor":6.0,"key":"SteroidPotion"},{"floor":14.0,"key":"LiquidBronze"},{"floor":20.0,"key":"ColorlessPotion"}],"is_trial":false,"path_per_floor":["M","M","?","M","M","E","R","R","T","R","M","M","$","M","R","B",null,"M","?","M","M","?","R","?"],"character_chosen":"IRONCLAD","items_purchased":[],"campfire_rested":1,"item_purchase_floors":[],"current_hp_per_floor":[74,80,80,80,80,52,52,52,52,52,42,42,42,39,63,32,80,73,73,67,42,42,42,0,0],"gold":220,"neow_bonus":"ONE_RARE_RELIC","is_daily":false,"chose_seed":false,"campfire_upgraded":4,"win_rate":0.0,"timestamp":1610203448,"path_taken":["M","M","?","M","M","E","R","R","T","R","M","M","$","M","R","BOSS","M","?","?","M","?","R","?"],"items_purchased_type":[],"build_version":"2020-12-22","purchased_purges":1,"victory":false,"max_hp_per_floor":[80,80,80,80,80,80,80,80,80,80,80,80,80,80,80,80,80,80,80,80,80,80,80,80,80],"card_choices":[{"not_picked":["Anger","Havoc"],"picked":"Heavy Blade","floor":1.0},{"not_picked":["Dropkick","Perfected Strike","Entrench"],"picked":"SKIP","floor":2.0},{"not_picked":["Thunderclap","Whirlwind"],"picked":"Spot Weakness","floor":4.0},{"not_picked":["Dual Wield","Sever Soul","Iron Wave"],"picked":"SKIP","floor":5.0},{"not_picked":["Second Wind","Sentinel","Twin Strike"],"picked":"SKIP","floor":6.0},{"not_picked":["Headbutt","Twin Strike"],"picked":"Armaments","floor":11.0},{"not_picked":["Iron Wave","Armaments"],"picked":"Shrug It Off","floor":12.0},{"not_picked":["Pommel Strike","Rage"],"picked":"Flex","floor":14.0},{"not_picked":["Offering","Berserk"],"picked":"Impervious","floor":16.0},{"not_picked":["True Grit","Uppercut"],"picked":"Heavy Blade","floor":18.0},{"not_picked":["Intimidate","Combust+1","Body Slam"],"picked":"SKIP","floor":20.0},{"not_picked":["Rupture","Dual Wield","Thunderclap"],"picked":"SKIP","floor":21}],"player_experience":161631,"relics_obtained":[{"floor":6.0,"key":"Toy Ornithopter"},{"floor":9.0,"key":"Boot"}],"event_choices":[{"cards_removed":["Strike_R"],"damage_healed":0.0,"max_hp_gain":0.0,"max_hp_loss":0.0,"gold_gain":0.0,"event_name":"Living Wall","player_choice":"Forget","floor":3.0,"gold_loss":0.0,"damage_taken":0.0},{"damage_healed":0.0,"max_hp_gain":0.0,"max_hp_loss":0.0,"gold_gain":0.0,"event_name":"Match and Keep!","player_choice":"2 cards matched","floor":19.0,"gold_loss":0.0,"damage_taken":0.0,"cards_obtained":["Finesse","Shrug It Off"]},{"damage_healed":0,"gold_gain":0,"player_choice":"Ignored","damage_taken":0,"max_hp_gain":0,"max_hp_loss":0,"event_name":"Vampires","floor":22,"gold_loss":0},{"damage_healed":0,"gold_gain":0,"player_choice":"Fought Bandits","damage_taken":0,"max_hp_gain":0,"max_hp_loss":0,"event_name":"Masked Bandits","floor":24,"gold_loss":0}],"is_beta":false,"boss_relics":[{"not_picked":["Runic Dome","Fusion Hammer"],"picked":"Pandora\u0027s Box"}],"items_purged_floors":[13],"is_endless":false,"potions_floor_spawned":[4,5,6,14,20],"killed_by":"Masked Bandits","ascension_level":3}}