{"host":"mydft8i2zzydgggw","time":1610184291,"event":{"mods":["AchievementEnabler","BaseMod","BetterRewards","Colored Map","Colored Powertips","DeckTracker","Keyboard Shortcuts","Minty Spire (QoL Compilation)","Rare Cards Sparkle","StSLib","SuperFastMode","The Poker Player","everything is the same but u backflip on backflip"],"gold_per_floor":[114,130,146,157,168,168,183,27,27,27,27,39,4,79,79,174,174,114,114,146,164,176,176,76,76,76,106,106,106,106],"floor_reached":29,"playtime":694,"items_purged":["Strike_B","Strike_B"],"score":326,"play_id":"e08bccd8-b509-4cad-b222-bda344867f6a","local_time":"20210109182451","is_ascension_mode":true,"campfire_choices":[{"data":"Zap","floor":6,"key":"SMITH"},{"data":"Echo Form","floor":11,"key":"SMITH"},{"data":"Stack","floor":15,"key":"SMITH"},{"floor":23,"key":"REST"},{"data":"Go for the Eyes","floor":25,"key":"SMITH"}],"circlet_count":0,"master_deck":["Strike_B","Strike_B","Defend_B","Defend_B","Defend_B","Defend_B","Zap+1","Dualcast","Beam Cell","FTL","Go for the Eyes+1","Stack+1","Echo Form+1","Glacier","Machine Learning","Redo+1","Electrodynamics","Turbo"],"relics":["Cracked Core","NeowsBlessing","Torii","Red Mask","Bag of Preparation","Happy Flower","Ginger"],"acts_visited":["Exordium","TheCity"],"potions_floor_usage":[16,16,22,29,29],"damage_taken":[{"damage":0,"enemies":"Cultist","floor":1,"turns":1},{"damage":0,"enemies":"2 Louse","floor":2,"turns":1},{"damage":0,"enemies":"Small Slimes","floor":3,"turns":1},{"damage":16,"enemies":"Exordium Thugs","floor":4,"turns":4},{"damage":8,"enemies":"Exordium Wildlife","floor":5,"turns":4},{"damage":12,"enemies":"Blue Slaver","floor":7,"turns":4},{"damage":2,"enemies":"Exordium Thugs","floor":12,"turns":3},{"damage":16,"enemies":"Slime Boss","floor":16,"turns":14},{"damage":19,"enemies":"2 Thieves","floor":18,"turns":4},{"damage":12,"enemies":"Masked Bandits","floor":20,"turns":2},{"damage":1,"enemies":"Chosen","floor":21,"turns":5},{"damage":11,"enemies":"3 Cultists","floor":22,"turns":4},{"damage":20,"enemies":"Slavers","floor":27,"turns":4},{"damage":25,"enemies":"Snecko","floor":29,"turns":4}],"seed_played":"5228101156627214395","potions_obtained":[{"floor":4,"key":"Swift Potion"},{"floor":7,"key":"Explosive Potion"},{"floor":12,"key":"Explosive Potion"},{"floor":16,"key":"GamblersBrew"},{"floor":27,"key":"DuplicationPotion"}],"is_trial":false,"path_per_floor":["M","M","M","M","M","R","M","$","T","$","R","M","?","?","R","B",null,"M","?","?","M","M","R","$","R","T","E","T","M"],"character_chosen":"DEFECT","items_purchased":["Echo Form"],"campfire_rested":1,"item_purchase_floors":[8],"current_hp_per_floor":[68,68,68,52,44,44,32,32,32,32,32,30,48,37,37,21,62,43,43,31,30,19,41,41,41,41,21,21,0,0],"gold":106,"neow_bonus":"THREE_ENEMY_KILL","is_daily":false,"chose_seed":false,"campfire_upgraded":4,"win_rate":0.0,"timestamp":1610184291,"path_taken":["M","M","M","M","M","R","?","$","T","?","R","M","?","?","R","BOSS","M","?","?","?","M","R","$","R","T","E","?","M"],"items_purchased_type":["Card"],"build_version":"2020-12-22","purchased_purges":2,"victory":false,"max_hp_per_floor":[75,75,75,75,75,75,75,75,75,75,75,75,75,75,75,75,75,75,75,75,75,75,75,75,75,75,75,75,75,75],"card_choices":[{"not_picked":["Barrage","Cold Snap"],"picked":"Beam Cell","floor":1},{"not_picked":["Sweeping Beam","Lockon"],"picked":"FTL","floor":2},{"not_picked":["Aggregate","Compile Driver","Double Energy"],"picked":"SKIP","floor":3},{"not_picked":["Steam","Storm"],"picked":"Go for the Eyes","floor":4},{"not_picked":["Melter","Darkness","Static Discharge"],"picked":"SKIP","floor":5},{"not_picked":["Aggregate","Lockon"],"picked":"Stack","floor":7},{"not_picked":["Streamline","Aggregate"],"picked":"Glacier","floor":12},{"not_picked":["Thunder Strike","All For One"],"picked":"Machine Learning","floor":16},{"not_picked":["Cold Snap","Go for the Eyes"],"picked":"Redo+1","floor":18},{"not_picked":["Doom and Gloom","Rip and Tear","Go for the Eyes"],"picked":"SKIP","floor":21},{"not_picked":["Cold Snap","BootSequence","Blizzard+1"],"picked":"SKIP","floor":22},{"not_picked":["Steam Power","Barrage"],"picked":"Turbo","floor":27}],"player_experience":160500,"relics_obtained":[{"floor":9,"key":"Torii"},{"floor":20,"key":"Red Mask"},{"floor":26,"key":"Bag of Preparation"},{"floor":27,"key":"Happy Flower"},{"floor":28,"key":"Ginger"}],"event_choices":[{"damage_healed":18,"gold_gain":0,"player_choice":"Healed","damage_taken":0,"max_hp_gain":0,"max_hp_loss":0,"event_name":"The Cleric","floor":13,"gold_loss":35},{"damage_healed":0,"gold_gain":75,"player_choice":"Gather Gold","damage_taken":11,"max_hp_gain":0,"max_hp_loss":0,"event_name":"World of Goop","floor":14,"gold_loss":0},{"damage_healed":0,"gold_gain":0,"player_choice":"Read","damage_taken":0,"max_hp_gain":0,"max_hp_loss":0,"event_name":"The Library","floor":19,"gold_loss":0,"cards_obtained":["Electrodynamics"]},{"damage_healed":0,"gold_gain":0,"player_choice":"Fought Bandits","damage_taken":0,"max_hp_gain":0,"max_hp_loss":0,"event_name":"Masked Bandits","floor":20,"gold_loss":0}],"is_beta":false,"boss_relics":[{"not_picked":["Ectoplasm","Velvet Choker","Coffee Dripper"]}],"items_purged_floors":[8,24],"is_endless":false,"potions_floor_spawned":[4,7,12,16,27],"killed_by":"Snecko","ascension_level":8}}