{"host":"fuszjwm6fqgjjp4d","time":1610159727,"event":{"mods":["BaseMod","Bestiary","Colored Map","DeckTracker","Minty Spire (QoL Compilation)","Permanent Neow","Relic Sorter","Relic Stats","StSLib"],"gold_per_floor":[126,152,152,176,208,208,230,262,262,287,287,49,83,105,105,203,203,225,275,190,190,214,214,236,21,45,64,64,96,96,144,144,144,144],"floor_reached":33,"playtime":982,"items_purged":["Strike_G","Neutralize"],"score":592,"play_id":"bfa1e2b1-57f9-448a-a388-095e159d6b0e","local_time":"20210108203527","is_ascension_mode":true,"campfire_choices":[{"data":"Blade Dance","floor":6,"key":"SMITH"},{"data":"Dash","floor":11,"key":"SMITH"},{"floor":15,"key":"REST"},{"data":"Choke","floor":23,"key":"SMITH"},{"data":"Backflip","floor":30,"key":"SMITH"},{"data":"Leg Sweep","floor":32,"key":"SMITH"}],"circlet_count":0,"master_deck":["AscendersBane","Strike_G","Strike_G","Strike_G+1","Strike_G","Defend_G","Defend_G","Defend_G","Defend_G","Defend_G","Survivor","Dagger Spray","Dash+1","Skewer+1","Blade Dance+1","Dagger Spray","Footwork","Dodge and Roll","Venomology","Bullet Time","Terror","Choke+1","Finisher+1","Backflip+1","Leg Sweep+1"],"relics":["Ring of the Snake","CeramicFish","Golden Idol","PreservedInsect","Regal Pillow","Pocketwatch","Coffee Dripper","Oddly Smooth Stone","Membership Card","Whetstone","MutagenicStrength","Question Card"],"acts_visited":["Exordium","TheCity"],"potions_floor_usage":[5,13,16,16,18,22,22,27,27,27,31,31,33],"damage_taken":[{"damage":3,"enemies":"Small Slimes","floor":1,"turns":5},{"damage":0,"enemies":"2 Louse","floor":2,"turns":3},{"damage":1,"enemies":"Cultist","floor":4,"turns":4},{"damage":8,"enemies":"Large Slime","floor":5,"turns":5},{"damage":0,"enemies":"2 Fungi Beasts","floor":7,"turns":3},{"damage":20,"enemies":"Exordium Wildlife","floor":8,"turns":4},{"damage":1,"enemies":"Blue Slaver","floor":10,"turns":6},{"damage":0,"enemies":"Gremlin Nob","floor":13,"turns":2},{"damage":0,"enemies":"2 Fungi Beasts","floor":14,"turns":2},{"damage":21,"enemies":"Slime Boss","floor":16,"turns":15},{"damage":2,"enemies":"Shell Parasite","floor":18,"turns":5},{"damage":26,"enemies":"Chosen","floor":22,"turns":5},{"damage":9,"enemies":"Centurion and Healer","floor":24,"turns":9},{"damage":1,"enemies":"3 Cultists","floor":27,"turns":3},{"damage":0,"enemies":"Snecko","floor":29,"turns":2},{"damage":10,"enemies":"Gremlin Leader","floor":31,"turns":4},{"damage":43,"enemies":"Champ","floor":33,"turns":10}],"seed_played":"8289119353115805717","potions_obtained":[{"floor":2,"key":"Strength Potion"},{"floor":7,"key":"PowerPotion"},{"floor":8,"key":"Energy Potion"},{"floor":16,"key":"AttackPotion"},{"floor":18,"key":"ColorlessPotion"},{"floor":29,"key":"Dexterity Potion"}],"is_trial":false,"path_per_floor":["M","M","?","M","M","R","M","M","T","M","R","$","E","M","R","B",null,"M","?","?","?","M","R","M","$","T","M","?","M","R","E","R","B"],"character_chosen":"THE_SILENT","items_purchased":["Regal Pillow","Membership Card"],"campfire_rested":1,"item_purchase_floors":[12,25],"current_hp_per_floor":[56,56,56,55,47,47,47,27,27,26,26,26,26,26,59,38,55,53,53,53,53,27,27,18,18,18,17,17,17,17,7,7,0,0],"gold":144,"neow_bonus":"RANDOM_COMMON_RELIC","is_daily":false,"chose_seed":false,"campfire_upgraded":5,"win_rate":0.0,"timestamp":1610159727,"path_taken":["M","M","?","M","M","R","M","M","T","M","R","$","E","M","R","BOSS","M","?","?","?","M","R","?","$","T","M","?","M","R","E","R","BOSS"],"items_purchased_type":["Relic","Relic"],"build_version":"2020-12-22","purchased_purges":2,"victory":false,"max_hp_per_floor":[66,66,60,60,60,60,60,60,60,60,60,60,60,60,60,60,60,60,60,60,60,60,60,60,60,60,60,60,60,60,60,60,60,60],"relic_stats":{"Regal Pillow":15,"counters":[17,87],"Golden Idol":73,"CeramicFish":126,"PreservedInsect":73,"Whetstone":["Skewer","Strike_G"],"Question Card":0,"obtain_stats":[{"Regal Pillow":12,"Golden Idol":3,"CeramicFish":0,"MutagenicStrength":28,"Oddly Smooth Stone":20,"PreservedInsect":9,"Coffee Dripper":17,"Membership Card":25,"Whetstone":26,"Question Card":31,"Ring of the Snake":0,"Pocketwatch":13},{"Regal Pillow":7,"Golden Idol":2,"CeramicFish":0,"MutagenicStrength":14,"Oddly Smooth Stone":11,"PreservedInsect":6,"Coffee Dripper":10,"Membership Card":13,"Whetstone":13,"Question Card":16,"Ring of the Snake":0,"Pocketwatch":8},{"Regal Pillow":30,"Golden Idol":8,"CeramicFish":0,"MutagenicStrength":71,"Oddly Smooth Stone":54,"PreservedInsect":24,"Coffee Dripper":49,"Membership Card":68,"Whetstone":68,"Question Card":77,"Ring of the Snake":0,"Pocketwatch":32}],"Ring of the Snake":[34],"Pocketwatch":[63]},"card_choices":[{"not_picked":["Setup","Slice"],"picked":"Dagger Spray","floor":1},{"not_picked":["Catalyst","Choke"],"picked":"Dash","floor":2},{"not_picked":["Underhanded Strike","Slice"],"picked":"Skewer","floor":4},{"not_picked":["Underhanded Strike","Outmaneuver"],"picked":"Blade Dance","floor":5},{"not_picked":["Catalyst","Acrobatics"],"picked":"Dagger Spray","floor":7},{"not_picked":["Bane","Skewer"],"picked":"Footwork","floor":8},{"not_picked":["Dagger Throw","Prepared"],"picked":"Dodge and Roll","floor":10},{"not_picked":["Expertise","Prepared","Finisher"],"picked":"SKIP","floor":13},{"not_picked":["Expertise","Endless Agony"],"picked":"Venomology","floor":14},{"not_picked":["Venomology","Phantasmal Killer"],"picked":"Bullet Time","floor":16},{"not_picked":["Poisoned Stab","Endless Agony"],"picked":"Terror","floor":18},{"not_picked":["Deadly Poison","Prepared","Choke"],"picked":"SKIP","floor":22},{"not_picked":["Deadly Poison","Prepared"],"picked":"Choke","floor":22},{"not_picked":["Dodge and Roll","Calculated Gamble"],"picked":"Finisher+1","floor":24},{"not_picked":["Caltrops","Deadly Poison","Slice"],"picked":"SKIP","floor":27},{"not_picked":["Masterful Stab","Bane"],"picked":"Backflip","floor":29},{"not_picked":["Masterful Stab","Deflect"],"picked":"Leg Sweep","floor":31}],"player_experience":1244730,"relics_obtained":[{"floor":9,"key":"PreservedInsect"},{"floor":13,"key":"Pocketwatch"},{"floor":26,"key":"Whetstone"},{"floor":31,"key":"Question Card"}],"event_choices":[{"damage_healed":0,"gold_gain":0,"player_choice":"Lose Max HP","damage_taken":0,"relics_obtained":["Golden Idol"],"max_hp_gain":0,"max_hp_loss":6,"event_name":"Golden Idol","floor":3,"gold_loss":0},{"damage_healed":0,"gold_gain":50,"player_choice":"Stole From Cult","damage_taken":0,"max_hp_gain":0,"max_hp_loss":0,"event_name":"Nest","floor":19,"gold_loss":0},{"damage_healed":0,"gold_gain":0,"player_choice":"Obtained Relic","damage_taken":0,"relics_obtained":["Oddly Smooth Stone"],"max_hp_gain":0,"max_hp_loss":0,"event_name":"Addict","floor":20,"gold_loss":85},{"damage_healed":0,"gold_gain":0,"player_choice":"0 cards matched","damage_taken":0,"max_hp_gain":0,"max_hp_loss":0,"event_name":"Match and Keep!","floor":21,"gold_loss":0,"cards_obtained":[]},{"damage_healed":0,"gold_gain":0,"player_choice":"Inject Mutagens","damage_taken":0,"relics_obtained":["MutagenicStrength"],"max_hp_gain":0,"max_hp_loss":0,"event_name":"Drug Dealer","floor":28,"gold_loss":0}],"is_beta":false,"boss_relics":[{"not_picked":["Sozu","Velvet Choker"],"picked":"Coffee Dripper"}],"items_purged_floors":[12,25],"is_endless":false,"potions_floor_spawned":[2,7,8,10,16,18,29],"killed_by":"Champ","ascension_level":20}}