{"host":"mytek2nu1hrzdnew","time":1610211290,"event":{"mods":["100% Spire Juice","Aspiration","BaseMod","Conspire","GifTheSpireLib","Gold Saver","Hubris","Minty Spire (QoL Compilation)","Replay The Spire","StSLib","Stuff the Spire","Uncapped"],"gold_per_floor":[202,202,216,229,245,245,60,76,100,100,115,115,115,115],"floor_reached":13,"playtime":525,"items_purged":["Moonworks:Strike"],"score":85,"play_id":"a201207d-96af-47b6-af89-de09a9bf4fac","local_time":"20210109115450","is_ascension_mode":true,"campfire_choices":[{"floor":6,"key":"REST"},{"floor":12,"key":"REST"}],"circlet_count":0,"master_deck":["Moonworks:Strike","Moonworks:Strike","Moonworks:Strike","Moonworks:Defend","Moonworks:Defend","Moonworks:Defend","Moonworks:Defend","Moonworks:Ambush","Moonworks:LongDistanceShot","Moonworks:JonathanRush","Moonworks:Dash+1","Moonworks:CloudOfSeagulls","Moonworks:CloudOfSeagulls","Moonworks:JonathanRush","Good Instincts","Moonworks:StiffCrystal+1","Moonworks:JonathanRush"],"relics":["Moonworks:BrokenBomb","Moonworks:Homemark","War Paint","Golden Idol"],"acts_visited":["Exordium"],"potions_floor_usage":[11],"damage_taken":[{"damage":1,"enemies":"2 Louse","floor":1,"turns":3},{"damage":1,"enemies":"Cultist","floor":3,"turns":3},{"damage":7,"enemies":"Small Slimes","floor":4,"turns":4},{"damage":30,"enemies":"Exordium Wildlife","floor":5,"turns":5},{"damage":23,"enemies":"Blue Slaver","floor":8,"turns":4},{"damage":17,"enemies":"Exordium Thugs","floor":11,"turns":4},{"damage":30,"enemies":"3 Sentries","floor":13,"turns":4}],"seed_played":"-815912307292938498","potions_obtained":[{"floor":3,"key":"Swift Potion"},{"floor":5,"key":"Energy Potion"},{"floor":8,"key":"Dexterity Potion"}],"is_trial":false,"path_per_floor":["M","?","M","M","M","R","$","M","T","?","M","R","E"],"character_chosen":"THE_STARBREAKER","items_purchased":["Moonworks:JonathanRush","Good Instincts"],"campfire_rested":2,"item_purchase_floors":[7,7],"current_hp_per_floor":[65,65,64,57,27,46,46,23,23,23,6,24,0,0],"gold":115,"neow_bonus":"TEN_PERCENT_HP_BONUS","is_daily":false,"chose_seed":false,"campfire_upgraded":0,"win_rate":0.0,"timestamp":1610211290,"path_taken":["M","?","M","?","?","R","$","M","T","?","M","R","E"],"items_purchased_type":["Card","Card"],"build_version":"2020-12-22","purchased_purges":1,"victory":false,"max_hp_per_floor":[66,66,66,66,66,66,66,66,66,61,61,61,61,61],"card_choices":[{"not_picked":["Moonworks:DeployBits","Moonworks:Dinner"],"picked":"Moonworks:JonathanRush","floor":1},{"not_picked":["Moonworks:FinalSurgery","Moonworks:RagingMadness"],"picked":"Moonworks:Dash","floor":3},{"not_picked":["Moonworks:Flamethrower","Moonworks:EvilSpyWorkPreparation"],"picked":"Moonworks:CloudOfSeagulls","floor":4},{"not_picked":["Moonworks:NicePresent","Moonworks:Assault"],"picked":"Moonworks:CloudOfSeagulls","floor":5},{"not_picked":["Moonworks:Poppoformation","Moonworks:TreasureThief"],"picked":"Moonworks:StiffCrystal","floor":8},{"not_picked":["Moonworks:x16BigRocket","Moonworks:LulusLuckyEgg"],"picked":"Moonworks:JonathanRush","floor":11}],"player_experience":1038449,"relics_obtained":[{"floor":9,"key":"War Paint"}],"event_choices":[{"damage_healed":0,"gold_gain":0,"player_choice":"Bought 0 Potions","damage_taken":0,"max_hp_gain":0,"max_hp_loss":0,"event_name":"The Woman in Blue","floor":2,"gold_loss":0},{"damage_healed":0,"gold_gain":0,"player_choice":"Lose Max HP","damage_taken":0,"relics_obtained":["Golden Idol"],"max_hp_gain":0,"max_hp_loss":5,"event_name":"Golden Idol","floor":10,"gold_loss":0}],"is_beta":false,"boss_relics":[],"items_purged_floors":[7],"is_endless":false,"potions_floor_spawned":[3,5,8,11],"killed_by":"3 Sentries","ascension_level":2}}