{"host":"8h3glbk9j4k4ylc4","time":1610206651,"event":{"mods":["AchievementEnabler","Act Like it!","BaseMod","Colored Map","Colored Powertips","Downfall","Energized Spire","Gensokyo","Hallownest","Hermit","Hubris","Infinite Spire","Jorbs\u0027s Wanderer Trilogy","Lobotomy","Marisa????????","Minty Spire (QoL Compilation)","Replay The Spire","Somnambulant","StSLib","The Animator","The Bug Knight","The Judge"],"gold_per_floor":[99,118,118,30,43,43,70,80,96,35,46,46,59,78,93,194,194,194,214,230,241,241,241,241,259,270,270,282,142,142,169,185,287,287,287,304,318,318,318,318,341,354,685,685,610,621,621,621,634,634,634],"floor_reached":52,"playtime":3646,"items_purged":["Guardian:Strike_Guardian","Guardian:Strike_Guardian","Guardian:Defend_Guardian"],"score":755,"play_id":"8afd23ff-9c8f-465e-a893-bf52c70dff10","local_time":"20210109173731","is_ascension_mode":false,"campfire_choices":[{"data":"Guardian:CurlUp","floor":1,"key":"SMITH"},{"data":"Guardian:ShieldSpikes","floor":6,"key":"SMITH"},{"data":"Guardian:SpikerProtocol","floor":18,"key":"SMITH"},{"data":"Guardian:PiercingHide","floor":27,"key":"SMITH"},{"data":"infinitespire:Collect","floor":35,"key":"SMITH"},{"data":"Guardian:PrismaticBarrier","floor":40,"key":"SMITH"},{"floor":45,"key":"REST"},{"data":"Guardian:SpikerProtocol","floor":47,"key":"SMITH"}],"circlet_count":0,"master_deck":["Guardian:Strike_Guardian","Guardian:Strike_Guardian","Guardian:Defend_Guardian","Guardian:Defend_Guardian","Guardian:CurlUp+1","Guardian:TwinSlam","Guardian:SpikerProtocol+1","Guardian:ShieldSpikes+1","Guardian:TimeBomb","Guardian:SphericShield","Guardian:PiercingHide+1","Guardian:BronzeOrb","Guardian:ConstructionForm","Guardian:Planning+1","Guardian:SpikerProtocol+1","infinitespire:Collect+1","Guardian:Recover+1","Guardian:ShieldCharger+1","Guardian:PiercingHide+1","CurseOfTheBell","Guardian:PrismaticBarrier+1","Guardian:EvasiveProtocol+1","infinitespire:Collect+1"],"relics":["Guardian:ModeShifter","ReplayFunnel","Guardian:PickAxe","infinitespire:Cupcake","hubris:CuriousFeather","energizedSpire:SpiderWeb","Unceasing Top","Oddly Smooth Stone","Calling Bell","Replay:Wax Seal","Replay:Ringing Soul","Replay:Towering Pillar of Hats","Meat on the Bone","hubris:MedicalManual","Omamori","Old Coin","downfall:HeartBlessingGreen"],"acts_visited":["Exordium","TheCity","TheBeyond"],"potions_floor_usage":[10,16,16,16,26,28,36,36],"damage_taken":[{"damage":1,"enemies":"Cultist","floor":2,"turns":3},{"damage":5,"enemies":"downfall:FleeingMerchant","floor":4,"turns":4},{"damage":0,"enemies":"2 Louse","floor":5,"turns":3},{"damage":1,"enemies":"Small Slimes","floor":8,"turns":3},{"damage":3,"enemies":"Lots of Slimes","floor":9,"turns":4},{"damage":0,"enemies":"downfall:FleeingMerchant","floor":10,"turns":4},{"damage":9,"enemies":"Exordium Thugs","floor":11,"turns":7},{"damage":1,"enemies":"2 Fungi Beasts","floor":13,"turns":5},{"damage":9,"enemies":"Lots of Slimes","floor":14,"turns":5},{"damage":3,"enemies":"2 Fungi Beasts","floor":15,"turns":5},{"damage":17,"enemies":"downfall:Ironclad","floor":16,"turns":11},{"damage":0,"enemies":"3 Byrds","floor":19,"turns":4},{"damage":2,"enemies":"Snake Plant","floor":20,"turns":6},{"damage":13,"enemies":"Snecko","floor":21,"turns":10},{"damage":0,"enemies":"Centurion and Healer","floor":25,"turns":7},{"damage":1,"enemies":"Snake Plant","floor":26,"turns":4},{"damage":0,"enemies":"Chosen and Byrds","floor":28,"turns":6},{"damage":0,"enemies":"downfall:FleeingMerchant","floor":29,"turns":4},{"damage":0,"enemies":"Shelled Parasite and Fungi","floor":32,"turns":4},{"damage":0,"enemies":"downfall:Watcher","floor":33,"turns":10},{"damage":2,"enemies":"3 Darklings","floor":36,"turns":7},{"damage":0,"enemies":"Orb Walker","floor":37,"turns":6},{"damage":0,"enemies":"Spire Growth","floor":42,"turns":6},{"damage":0,"enemies":"Giant Head","floor":43,"turns":13},{"damage":1,"enemies":"Transient","floor":46,"turns":5},{"damage":0,"enemies":"4 Shapes","floor":49,"turns":5},{"damage":0,"enemies":"downfall:Defect","floor":50,"turns":13}],"seed_played":"-3504898564871385917","potions_obtained":[{"floor":2,"key":"CultistPotion"},{"floor":3,"key":"SteroidPotion"},{"floor":3,"key":"Block Potion"},{"floor":5,"key":"SkillPotion"},{"floor":11,"key":"Guardian:DefensiveModePotion"},{"floor":21,"key":"Swift Potion"},{"floor":25,"key":"Swift Potion"},{"floor":26,"key":"Guardian:DefensiveModePotion"},{"floor":32,"key":"Energy Potion"},{"floor":42,"key":"Toxic Potion"},{"floor":49,"key":"Elixir"}],"is_trial":false,"path_per_floor":["R","M","?","$","M","R","T","M","M","$","M","R","M","M","M","B",null,"R","M","M","M","?","AVR","T","M","M","R","M","$","R","T","M","B",null,"R","M","M","?","AVR","R","T","M","E","?","R","M","R","?","M","B",null,null],"character_chosen":"GUARDIAN","items_purchased":["Guardian:SpikerProtocol","Guardian:Gem_Red","champ:CounterPotion"],"campfire_rested":1,"item_purchase_floors":[4,10,29],"current_hp_per_floor":[80,79,79,74,74,74,74,73,70,70,61,61,60,51,48,31,80,80,80,78,65,65,65,65,65,64,64,64,64,64,64,64,64,80,80,78,81,81,81,81,81,84,84,87,89,88,88,91,91,91,91],"gold":634,"neow_bonus":"RANDOM_COMMON_RELIC","is_daily":false,"chose_seed":false,"campfire_upgraded":7,"win_rate":0.0,"timestamp":1610206651,"path_taken":["R","M","?","$","M","R","T","M","M","?","M","R","M","?","M","BOSS","R","M","M","M","?","AVR","T","M","?","R","M","?","R","?","M","BOSS","R","M","M","?","AVR","R","T","M","E","?","R","?","R","?","M","BOSS"],"items_purchased_type":["Card","Card","Potion"],"build_version":"2020-12-22","purchased_purges":3,"victory":true,"max_hp_per_floor":[80,80,80,80,80,80,80,80,80,80,80,80,80,80,80,80,80,80,80,80,80,80,80,80,80,80,80,80,80,80,80,80,80,80,80,80,83,83,83,83,83,86,86,89,89,89,89,92,92,92,92],"card_choices":[{"not_picked":["Guardian:Suspension","Guardian:BronzeOrb"],"picked":"Guardian:Gem_Lightblue","floor":2},{"not_picked":["Guardian:PrimingBeam","Guardian:ArmoredProtocol"],"picked":"Guardian:Gem_Crimson","floor":4},{"not_picked":["Guardian:Planning","Guardian:PrismaticBarrier"],"picked":"Guardian:ShieldSpikes","floor":5},{"not_picked":["Guardian:TemporalStrike","Guardian:ChargeCore"],"picked":"Guardian:TimeBomb","floor":8},{"not_picked":["Guardian:Planning","Guardian:Recover"],"picked":"Guardian:Gem_Cyan","floor":9},{"not_picked":["Guardian:PrismaticBeam","Guardian:BronzeArmor"],"picked":"Guardian:SphericShield","floor":10},{"not_picked":["Guardian:Recover","Guardian:TemporalStrike"],"picked":"Guardian:PiercingHide","floor":11},{"not_picked":["Guardian:WalkerClaw","Guardian:TimeCapacitor","Guardian:Gem_Red"],"picked":"SKIP","floor":13},{"not_picked":["Guardian:AncientConstruct","Guardian:Gem_Crimson","Guardian:TimeBomb"],"picked":"SKIP","floor":14},{"not_picked":["Guardian:Clone","Guardian:Incinerate"],"picked":"Guardian:BronzeOrb","floor":15},{"not_picked":["Guardian:StasisStrike","Guardian:ExploitGems"],"picked":"Guardian:ConstructionForm","floor":16},{"not_picked":["Guardian:SpikerProtocol","Guardian:DecasProtection+1"],"picked":"Guardian:Planning+1","floor":19},{"not_picked":["Guardian:Gem_Red","Guardian:TimeCapacitor"],"picked":"Guardian:SpikerProtocol","floor":20},{"not_picked":["Guardian:TimeBomb+1","Guardian:Gem_Fragmented","Guardian:Incinerate"],"picked":"SKIP","floor":21},{"not_picked":["Guardian:Gem_Green","Guardian:ChargeUp"],"picked":"Guardian:Recover+1","floor":25},{"not_picked":["Guardian:TimeSifter","Guardian:Gem_Cyan"],"picked":"Guardian:ShieldCharger+1","floor":26},{"not_picked":["Guardian:Gem_Cyan","Guardian:Incinerate+1"],"picked":"Guardian:PiercingHide+1","floor":28},{"not_picked":["Guardian:BronzeOrb","Guardian:ArmoredProtocol","Guardian:Reroute"],"picked":"SKIP","floor":29},{"not_picked":["Guardian:Planning","Guardian:Reroute+1","Guardian:Gem_Purple"],"picked":"SKIP","floor":32},{"not_picked":["Guardian:Gem_Synthetic","Guardian:FastForward"],"picked":"Guardian:Gem_Orange","floor":33},{"not_picked":["Guardian:Suspension","Guardian:TemporalShield+1","Guardian:DonusPower"],"picked":"SKIP","floor":36},{"not_picked":["Guardian:ShieldCharger","Guardian:Reroute+1"],"picked":"Guardian:PrismaticBarrier","floor":37},{"not_picked":["Guardian:TemporalStrike","Guardian:Gem_Green"],"picked":"Guardian:EvasiveProtocol+1","floor":42},{"not_picked":["Guardian:PrismaticBarrier+1","Guardian:Gem_Red","Guardian:ConstructionForm"],"picked":"SKIP","floor":43},{"not_picked":["Guardian:Incinerate+1","Guardian:VentSteam+1","Guardian:Planning"],"picked":"SKIP","floor":46},{"not_picked":["Guardian:MultiBeam","Guardian:Gem_Lightblue","Guardian:CrystalBeam+1"],"picked":"SKIP","floor":49}],"player_experience":369674,"relics_obtained":[{"floor":7,"key":"Guardian:PickAxe"},{"floor":24,"key":"Unceasing Top"},{"floor":31,"key":"Oddly Smooth Stone"},{"floor":34,"key":"Replay:Wax Seal"},{"floor":34,"key":"Replay:Ringing Soul"},{"floor":34,"key":"Replay:Towering Pillar of Hats"},{"floor":38,"key":"Meat on the Bone"},{"floor":41,"key":"Omamori"},{"floor":43,"key":"Old Coin"}],"event_choices":[{"damage_healed":0,"gold_gain":0,"player_choice":"Got Potions","damage_taken":0,"max_hp_gain":0,"max_hp_loss":0,"event_name":"Lab","floor":3,"gold_loss":0},{"damage_healed":0,"gold_gain":0,"player_choice":"Ignored","damage_taken":0,"max_hp_gain":0,"max_hp_loss":0,"event_name":"NoteForYourself","floor":22,"gold_loss":0},{"damage_healed":0,"gold_gain":0,"player_choice":"Copied","damage_taken":0,"max_hp_gain":0,"max_hp_loss":0,"event_name":"Duplicator","floor":44,"gold_loss":0,"cards_obtained":["infinitespire:Collect"]}],"is_beta":false,"boss_relics":[{"not_picked":["Velvet Choker","hubris:VirtuousBlindfold"],"picked":"infinitespire:Cupcake"},{"not_picked":["energizedSpire:HugeHouse","Ring of Chaos"],"picked":"Calling Bell"}],"items_purged_floors":[23,29,39],"is_endless":false,"potions_floor_spawned":[2,5,9,11,21,25,26,32,33,42,49],"ascension_level":0}}