{"host":"sav7uxregyirlf69","time":1610202900,"event":{"mods":["AchievementEnabler","BaseMod","Colored Map","DeckTracker","Keyboard Shortcuts","Minty Spire (QoL Compilation)","READ ME - Guardian Mod","StSLib","SuperFastMode"],"gold_per_floor":[368,443,104,63,83,95,95,105,105,105,105,105,25,55,55,55,55,55],"floor_reached":17,"playtime":309,"items_purged":["Strike_G","Strike_G"],"score":206,"play_id":"15ad44ca-13e9-4457-9e7d-2ad49e76efc1","local_time":"20210109233500","is_ascension_mode":true,"campfire_choices":[{"data":"Tactician","floor":7.0,"key":"SMITH"},{"data":"Acrobatics","floor":9.0,"key":"SMITH"},{"floor":12.0,"key":"REST"},{"data":"Calculated Gamble","floor":16.0,"key":"SMITH"}],"circlet_count":0,"master_deck":["AscendersBane","Strike_G","Strike_G","Strike_G","Defend_G","Defend_G","Defend_G","Defend_G","Defend_G","Survivor","Neutralize","Predator","Flash of Steel","Flash of Steel","Tactician+1","Calculated Gamble+1","Acrobatics+1"],"relics":["Ring of the Snake","DollysMirror","The Courier","Mango"],"acts_visited":["Exordium"],"potions_floor_usage":[17],"damage_taken":[{"damage":7.0,"enemies":"Jaw Worm","floor":1.0,"turns":7.0},{"damage":0.0,"enemies":"Small Slimes","floor":5.0,"turns":3.0},{"damage":1.0,"enemies":"2 Louse","floor":6.0,"turns":2.0},{"damage":11.0,"enemies":"Large Slime","floor":8.0,"turns":5.0},{"damage":7.0,"enemies":"3 Sentries","floor":14.0,"turns":13.0},{"damage":68,"enemies":"Slime Boss","floor":17,"turns":7}],"seed_played":"6905803388673589937","potions_obtained":[{"floor":1.0,"key":"GamblersBrew"},{"floor":14.0,"key":"FearPotion"}],"is_trial":false,"path_per_floor":["M","?","$","$","M","M","R","M","R","T","?","R","$","E","?","R","B"],"character_chosen":"THE_SILENT","items_purchased":["Flash of Steel","DollysMirror","Tactician"],"campfire_rested":1,"item_purchase_floors":[3,3,4],"current_hp_per_floor":[52,41,41,41,41,40,40,29,29,29,34,53,53,60,60,60,0,0],"gold":55,"neow_bonus":"TWO_FIFTY_GOLD","is_daily":false,"chose_seed":false,"campfire_upgraded":3,"win_rate":0.0,"timestamp":1610202900,"path_taken":["M","?","$","$","M","M","R","M","R","T","?","R","$","E","?","R","BOSS"],"items_purchased_type":["Card","Relic","Card"],"build_version":"2020-12-22","purchased_purges":2,"victory":false,"max_hp_per_floor":[60,60,60,60,60,60,60,60,60,60,65,65,65,79,79,79,79,79],"card_choices":[{"not_picked":["Underhanded Strike","Acrobatics"],"picked":"Predator","floor":1.0},{"not_picked":["Slice","Flechettes","Expertise"],"picked":"SKIP","floor":5.0},{"not_picked":["Accuracy","Cloak And Dagger"],"picked":"Calculated Gamble","floor":6.0},{"not_picked":["Riddle With Holes","Quick Slash"],"picked":"Acrobatics","floor":8.0},{"not_picked":["Dagger Spray","Dodge and Roll","Predator"],"picked":"SKIP","floor":14.0}],"player_experience":1216529,"relics_obtained":[{"floor":10.0,"key":"The Courier"},{"floor":14.0,"key":"Mango"}],"event_choices":[{"damage_healed":0.0,"max_hp_gain":0.0,"max_hp_loss":0.0,"gold_gain":75.0,"event_name":"World of Goop","player_choice":"Gather Gold","floor":2.0,"gold_loss":0.0,"damage_taken":11.0},{"damage_healed":0.0,"max_hp_gain":5.0,"max_hp_loss":0.0,"gold_gain":0.0,"event_name":"Big Fish","player_choice":"Donut","floor":11.0,"gold_loss":0.0,"damage_taken":0.0},{"damage_healed":0.0,"max_hp_gain":0.0,"max_hp_loss":0.0,"gold_gain":0.0,"event_name":"The Cleric","player_choice":"Leave","floor":15.0,"gold_loss":0.0,"damage_taken":0.0}],"is_beta":false,"boss_relics":[],"items_purged_floors":[3,13],"is_endless":false,"potions_floor_spawned":[1,14],"killed_by":"Slime Boss","ascension_level":20}}