{"host":"J","time":1610203022,"event":{"mods":["BaseMod","Better Third Choice","Minty Spire (QoL Compilation)","StSLib"],"gold_per_floor":[119,119,119,136,19,48,66,66,66,66,96,109,137,155,155,226,226,236,51,61,61,61,61,92,92,116,150,150,150,150],"floor_reached":29,"playtime":697,"items_purged":["Strike_B","Strike_B"],"score":708,"play_id":"ad69fb9d-ec1d-4851-8e57-42e29bcc9600","local_time":"20210109153702","is_ascension_mode":true,"campfire_choices":[{"data":"Doom and Gloom","floor":8.0,"key":"SMITH"},{"data":"Dualcast","floor":10.0,"key":"SMITH"},{"data":"Fusion","floor":15.0,"key":"SMITH"},{"data":"Lockon","floor":23.0,"key":"SMITH"},{"floor":25.0,"key":"REST"},{"data":"Chaos","floor":28.0,"key":"SMITH"}],"circlet_count":0,"master_deck":["AscendersBane","Strike_B","Strike_B","Defend_B","Defend_B","Defend_B","Defend_B","Zap","Dualcast+1","Cold Snap","Doom and Gloom+1","Self Repair","Ball Lightning","Leap","Defragment+1","FTL","Fusion+1","Undo","Echo Form+1","Force Field","Loop+1","Lockon+1","Writhe","Undo","Chaos+1"],"relics":["Cracked Core","NeowsBlessing","DataDisk","Frozen Egg 2","StrikeDummy","Mango","Nuclear Battery","Bag of Marbles","Ancient Tea Set","PreservedInsect","Cables"],"acts_visited":["Exordium","TheCity"],"potions_floor_usage":[],"damage_taken":[{"damage":0.0,"enemies":"Jaw Worm","floor":1.0,"turns":1.0},{"damage":0.0,"enemies":"2 Louse","floor":4.0,"turns":1.0},{"damage":0.0,"enemies":"3 Sentries","floor":6.0,"turns":1.0},{"damage":1.0,"enemies":"Cultist","floor":7.0,"turns":3.0},{"damage":24.0,"enemies":"Lagavulin","floor":11.0,"turns":5.0},{"damage":1.0,"enemies":"Looter","floor":12.0,"turns":3.0},{"damage":3.0,"enemies":"3 Sentries","floor":13.0,"turns":7.0},{"damage":9.0,"enemies":"Exordium Wildlife","floor":14.0,"turns":3.0},{"damage":56.0,"enemies":"Hexaghost","floor":16.0,"turns":10.0},{"damage":26.0,"enemies":"Chosen","floor":18.0,"turns":4.0},{"damage":9.0,"enemies":"Shell Parasite","floor":20.0,"turns":6.0},{"damage":42.0,"enemies":"Book of Stabbing","floor":24.0,"turns":7.0},{"damage":0.0,"enemies":"Slavers","floor":27.0,"turns":2.0},{"damage":50,"enemies":"Shelled Parasite and Fungi","floor":29,"turns":3}],"seed_played":"-164295698786797815","potions_obtained":[{"floor":4.0,"key":"Regen Potion"},{"floor":7.0,"key":"Energy Potion"},{"floor":11.0,"key":"FocusPotion"},{"floor":16.0,"key":"Explosive Potion"}],"is_trial":false,"path_per_floor":["M","?","?","M","$","E","M","R","T","R","E","M","E","M","R","B",null,"M","$","M","?","?","R","E","R","T","E","R","M"],"character_chosen":"DEFECT","items_purchased":["Self Repair","Loop+1"],"campfire_rested":1,"item_purchase_floors":[5,19],"current_hp_per_floor":[64,64,64,64,64,64,70,70,70,70,53,52,85,83,83,34,72,53,53,51,51,51,51,16,41,41,48,48,0,0],"gold":150,"neow_bonus":"THREE_ENEMY_KILL","is_daily":false,"chose_seed":false,"campfire_upgraded":5,"win_rate":0.0,"timestamp":1610203022,"path_taken":["M","?","?","?","$","E","M","R","T","R","E","M","E","M","R","BOSS","M","$","M","?","?","R","E","R","T","E","R","?"],"items_purchased_type":["Card","Card"],"build_version":"2020-12-18","purchased_purges":2,"victory":false,"max_hp_per_floor":[71,71,71,71,71,71,71,71,71,71,71,71,85,85,85,85,85,85,85,85,85,85,85,85,85,85,85,85,85,85],"card_choices":[{"not_picked":["Rebound","Coolheaded"],"picked":"Cold Snap","floor":1.0},{"not_picked":["Loop","Redo"],"picked":"Doom and Gloom","floor":4.0},{"not_picked":["Compile Driver","Go for the Eyes"],"picked":"Ball Lightning","floor":6.0},{"not_picked":["Turbo","Stack"],"picked":"Leap","floor":7.0},{"not_picked":["Hello World+1","Darkness"],"picked":"Defragment+1","floor":11.0},{"not_picked":["Tempest","Sweeping Beam"],"picked":"FTL","floor":12.0},{"not_picked":["Beam Cell","Double Energy"],"picked":"Fusion","floor":13.0},{"not_picked":["Melter","Coolheaded"],"picked":"Undo","floor":14.0},{"not_picked":["Biased Cognition+1","Thunder Strike"],"picked":"Echo Form+1","floor":16.0},{"not_picked":["Rebound","Steam"],"picked":"Force Field","floor":18.0},{"not_picked":["Scrape","Sweeping Beam","Streamline"],"picked":"SKIP","floor":20.0},{"not_picked":["Fusion","Gash"],"picked":"Undo","floor":24.0},{"not_picked":["FTL","Recycle"],"picked":"Chaos","floor":27.0}],"player_experience":1082433,"relics_obtained":[{"floor":6.0,"key":"DataDisk"},{"floor":9.0,"key":"Frozen Egg 2"},{"floor":11.0,"key":"StrikeDummy"},{"floor":13.0,"key":"Mango"},{"floor":24.0,"key":"Ancient Tea Set"},{"floor":26.0,"key":"PreservedInsect"},{"floor":27.0,"key":"Cables"}],"event_choices":[{"damage_healed":64.0,"max_hp_gain":0.0,"max_hp_loss":71.0,"gold_gain":0.0,"event_name":"betterThird:BetterShining","player_choice":"Embrace Burn","floor":2.0,"gold_loss":0.0,"damage_taken":0.0},{"cards_removed":["Burn"],"damage_healed":0.0,"max_hp_gain":0.0,"max_hp_loss":0.0,"gold_gain":0.0,"event_name":"Purifier","player_choice":"Purged","floor":3.0,"gold_loss":0.0,"damage_taken":0.0},{"damage_healed":0.0,"max_hp_gain":0.0,"max_hp_loss":0.0,"gold_gain":0.0,"event_name":"The Library","player_choice":"Read","floor":21.0,"gold_loss":0.0,"damage_taken":0.0,"cards_obtained":["Lockon"]},{"damage_healed":0.0,"max_hp_gain":0.0,"max_hp_loss":0.0,"gold_gain":0.0,"event_name":"The Mausoleum","player_choice":"Opened","floor":22.0,"gold_loss":0.0,"damage_taken":0.0,"relics_obtained":["Bag of Marbles"],"cards_obtained":["Writhe"]}],"is_beta":true,"boss_relics":[{"not_picked":["SacredBark","Snecko Eye"],"picked":"Nuclear Battery"}],"items_purged_floors":[5,19],"is_endless":false,"potions_floor_spawned":[4,7,11,16,24],"killed_by":"Shelled Parasite and Fungi","ascension_level":20}}