{"host":"6p0attdrtjqaih7v","time":1610231904,"event":{"mods":["2.2 Compatiblity","AchievementEnabler","Bard","BaseMod","Better Skull","Better Third Choice","Colored Powertips","Hermit","Highlight Path","Jorbs\u0027s Wanderer Trilogy","Key Reminder","Minty Spire (QoL Compilation)","Permanent Neow","Quick Restart","Random Character Button","Relic Stats","Replay The Spire","Robot Space Explorer","StSLib"],"gold_per_floor":[118,131,51,65,65,103,103,103,103,130,130,154,187,234,234,341,350,372,402,429,429,372,372,372],"floor_reached":23,"playtime":1104,"items_purged":[],"score":506,"play_id":"7eb02007-8353-4fde-b2f7-f609f19b3ba9","local_time":"20210109173824","is_ascension_mode":true,"campfire_choices":[{"data":"Metallicize","floor":7,"key":"SMITH"},{"floor":11,"key":"REST"},{"floor":15,"key":"REST"}],"circlet_count":0,"master_deck":["AscendersBane","Strike_R","Strike_R+1","Strike_R","Strike_R+1","Defend_R","Defend_R","Defend_R","Defend_R","Bash","Spot Weakness","Pommel Strike","Sword Boomerang","Burning Pact","Metallicize+1","Metallicize","Cleave","Flame Barrier","Clothesline","Impervious","Reaper","AbeCurse","Shrug It Off","Burning Pact","Twin Strike+1"],"relics":["Burning Blood","Golden Idol","CeramicFish","Replay:Bottled Flurry","Abe\u0027s Treasure"],"acts_visited":["Exordium","TheCity"],"potions_floor_usage":[14,16,19,23],"damage_taken":[{"damage":14,"enemies":"2 Louse","floor":1,"turns":3},{"damage":9,"enemies":"Small Slimes","floor":2,"turns":4},{"damage":7,"enemies":"Jaw Worm","floor":4,"turns":3},{"damage":33,"enemies":"Gremlin Nob","floor":6,"turns":4},{"damage":7,"enemies":"2 Fungi Beasts","floor":10,"turns":4},{"damage":14,"enemies":"3 Louse","floor":12,"turns":4},{"damage":9,"enemies":"Blue Slaver","floor":13,"turns":4},{"damage":7,"enemies":"Replay:BlueRogue","floor":14,"turns":7},{"damage":0,"enemies":"Slime Boss","floor":16,"turns":9},{"damage":33,"enemies":"Shell Parasite","floor":18,"turns":16},{"damage":16,"enemies":"Chosen","floor":19,"turns":9},{"damage":39,"enemies":"Snake Plant","floor":20,"turns":6},{"damage":33,"enemies":"Gremlin Leader","floor":23,"turns":5}],"seed_played":"5608627856310699072","potions_obtained":[{"floor":1,"key":"GamblersBrew"},{"floor":4,"key":"Dexterity Potion"},{"floor":14,"key":"AttackPotion"},{"floor":20,"key":"LifebloodPotion"}],"is_trial":false,"path_per_floor":["M","M","$","M","?","E","R","?","T","M","R","M","M","E","R","B",null,"M","M","M","?","?","E"],"character_chosen":"IRONCLAD","items_purchased":["Burning Pact"],"campfire_rested":2,"item_purchase_floors":[3],"current_hp_per_floor":[60,57,57,56,56,29,29,9,9,8,28,20,17,16,36,42,62,50,40,12,12,32,0,0],"gold":372,"neow_bonus":"TRANSFORM_CARD","is_daily":false,"chose_seed":false,"campfire_upgraded":1,"win_rate":0.0,"timestamp":1610231904,"path_taken":["M","M","$","M","?","E","R","?","T","M","R","M","M","E","R","BOSS","M","M","M","?","?","E"],"items_purchased_type":["Card"],"build_version":"2020-12-22","purchased_purges":0,"victory":false,"max_hp_per_floor":[75,75,75,75,68,68,68,68,68,68,68,68,68,68,68,68,68,68,68,68,68,68,68,68],"relic_stats":{"counters":[13,78],"Golden Idol":59,"CeramicFish":81,"obtain_stats":[{"Golden Idol":5,"CeramicFish":9,"Replay:Bottled Flurry":14,"Burning Blood":0,"Abe\u0027s Treasure":17},{"Golden Idol":3,"CeramicFish":4,"Replay:Bottled Flurry":8,"Burning Blood":0,"Abe\u0027s Treasure":9},{"Golden Idol":10,"CeramicFish":14,"Replay:Bottled Flurry":33,"Burning Blood":0,"Abe\u0027s Treasure":42}],"Burning Blood":72},"card_choices":[{"not_picked":["Shockwave","Power Through"],"picked":"Pommel Strike","floor":1},{"not_picked":["Clash","Havoc"],"picked":"Sword Boomerang","floor":2},{"not_picked":["True Grit","ReplayTheSpireMod:Stacked"],"picked":"Metallicize","floor":4},{"not_picked":["Flex","Armaments"],"picked":"Metallicize","floor":6},{"not_picked":["Reckless Charge","Shockwave"],"picked":"Cleave","floor":10},{"not_picked":["Flex","Rampage"],"picked":"Flame Barrier","floor":12},{"not_picked":["Cleave","Armaments"],"picked":"Clothesline","floor":13},{"not_picked":["True Grit","Body Slam"],"picked":"Impervious","floor":14},{"not_picked":["Exhume","Demon Form"],"picked":"Reaper","floor":16},{"not_picked":["True Grit","Anger"],"picked":"Shrug It Off","floor":18},{"not_picked":["Pommel Strike","Clothesline"],"picked":"Burning Pact","floor":19},{"not_picked":["Ghostly Armor","Wild Strike+1"],"picked":"Twin Strike+1","floor":20}],"player_experience":804631,"relics_obtained":[{"floor":9,"key":"CeramicFish"},{"floor":14,"key":"Replay:Bottled Flurry"}],"event_choices":[{"damage_healed":0,"gold_gain":0,"player_choice":"Lose Max HP","damage_taken":0,"relics_obtained":["Golden Idol"],"max_hp_gain":0,"max_hp_loss":7,"event_name":"Golden Idol","floor":5,"gold_loss":0},{"damage_healed":0,"gold_gain":0,"player_choice":"Entered Light","damage_taken":20,"max_hp_gain":0,"max_hp_loss":0,"event_name":"Shining Light","floor":8,"gold_loss":0,"cards_upgraded":["Strike_R","Strike_R"]},{"damage_healed":0,"gold_gain":0,"player_choice":"Ignored","damage_taken":0,"max_hp_gain":0,"max_hp_loss":0,"event_name":"Cursed Tome","floor":21,"gold_loss":0}],"is_beta":false,"boss_relics":[{"not_picked":["Sozu","Kintsugi"],"picked":"Abe\u0027s Treasure"}],"items_purged_floors":[],"is_endless":false,"potions_floor_spawned":[1,4,6,13,14,20],"killed_by":"Gremlin Leader","ascension_level":20}}