{"host":"6ppucmbu28e4pclv","time":1610167556,"event":{"mods":["BaseMod","Colored Map","DeckTracker","Minty Spire (QoL Compilation)","StSLib"],"gold_per_floor":[132,168,202,232,271,271,304,374,400,448,448,479,554,554,554,652,652,682,682,715,248,259,259,275,275,298,373,373,412,412,121,121,195,245,257,272,284,284,284,284,299,335,335,112,137,137,137,170,170,170],"floor_reached":51,"playtime":2966,"items_purged":["True Grit","Bash","Barricade"],"score":1351,"play_id":"bbdfd0e2-4581-4bc5-9b0c-125dfd8b9721","local_time":"20210108204556","is_ascension_mode":true,"campfire_choices":[{"data":"Infernal Blade","floor":6.0,"key":"SMITH"},{"floor":11.0,"key":"REST"},{"floor":15.0,"key":"REST"},{"data":"HandOfGreed","floor":23.0,"key":"SMITH"},{"data":"Limit Break","floor":25.0,"key":"SMITH"},{"data":"Havoc","floor":30,"key":"SMITH"},{"data":"Battle Trance","floor":32,"key":"SMITH"},{"data":"Corruption","floor":40,"key":"SMITH"},{"data":"Second Wind","floor":46,"key":"SMITH"},{"floor":49,"key":"REST"}],"circlet_count":0,"master_deck":["AscendersBane","Strike_R","Strike_R","Strike_R","Strike_R","Strike_R+1","Defend_R+1","Defend_R+1","Defend_R","Defend_R","HandOfGreed+1","Second Wind+1","Headbutt","Infernal Blade+1","Warcry","Uppercut+1","Double Tap+1","Wild Strike+1","Feed+1","Havoc+1","Limit Break+1","Twin Strike+1","Battle Trance+1","Reaper+1","Shockwave+1","Corruption+1","Flash of Steel+1"],"relics":["Burning Blood","Molten Egg 2","Omamori","War Paint","Velvet Choker","Brimstone","Singing Bowl","Meat on the Bone","Oddly Smooth Stone","Tiny House","Paper Frog","Self Forming Clay","Centennial Puzzle"],"acts_visited":["TheBeyond"],"potions_floor_usage":[33,41,48,50],"damage_taken":[{"damage":11.0,"enemies":"Jaw Worm","floor":1.0,"turns":4.0},{"damage":12.0,"enemies":"Small Slimes","floor":2.0,"turns":6.0},{"damage":15.0,"enemies":"Cultist","floor":3.0,"turns":5.0},{"damage":17.0,"enemies":"Exordium Thugs","floor":4.0,"turns":3.0},{"damage":5.0,"enemies":"2 Fungi Beasts","floor":5.0,"turns":4.0},{"damage":15.0,"enemies":"Lagavulin","floor":7.0,"turns":4.0},{"damage":24.0,"enemies":"Gremlin Nob","floor":10.0,"turns":4.0},{"damage":9.0,"enemies":"3 Louse","floor":12.0,"turns":3.0},{"damage":31.0,"enemies":"Hexaghost","floor":16.0,"turns":11.0},{"damage":17.0,"enemies":"2 Thieves","floor":18.0,"turns":3.0},{"damage":14.0,"enemies":"Chosen","floor":20.0,"turns":4.0},{"damage":20.0,"enemies":"Snecko","floor":22.0,"turns":3.0},{"damage":27.0,"enemies":"Snake Plant","floor":24.0,"turns":2.0},{"damage":13.0,"enemies":"Centurion and Healer","floor":29.0,"turns":3.0},{"damage":46,"enemies":"Collector","floor":33,"turns":7},{"damage":34,"enemies":"3 Darklings","floor":35,"turns":4},{"damage":3,"enemies":"Orb Walker","floor":36,"turns":2},{"damage":13,"enemies":"Writhing Mass","floor":37,"turns":3},{"damage":41,"enemies":"Transient","floor":41,"turns":5},{"damage":17,"enemies":"Sphere and 2 Shapes","floor":42,"turns":4},{"damage":10,"enemies":"Giant Head","floor":45,"turns":4},{"damage":77,"enemies":"Reptomancer","floor":48,"turns":5},{"damage":83,"enemies":"Donu and Deca","floor":50,"turns":6}],"seed_played":"4768473452965475272","potions_obtained":[{"floor":3.0,"key":"AttackPotion"},{"floor":4.0,"key":"GamblersBrew"},{"floor":5.0,"key":"Fire Potion"},{"floor":10.0,"key":"ColorlessPotion"},{"floor":16.0,"key":"AttackPotion"},{"floor":19.0,"key":"Block Potion"},{"floor":19.0,"key":"FairyPotion"},{"floor":29.0,"key":"Block Potion"},{"floor":33,"key":"BlessingOfTheForge"},{"floor":34,"key":"Regen Potion"},{"floor":41,"key":"Block Potion"}],"is_trial":false,"path_per_floor":["M","M","M","M","M","R","E","?","T","E","R","M","?","?","R","B",null,"M","?","M","$","M","R","M","R","T","T","?","M","R","$","R","B",null,"M","M","M","?","?","R","M","M","T","$","E","R","$","E","R","B",null],"character_chosen":"IRONCLAD","items_purchased":["Brimstone","Singing Bowl","Battle Trance","Reaper+1","Flash of Steel+1"],"campfire_rested":3,"item_purchase_floors":[21,21,31,31,44],"current_hp_per_floor":[63,57,48,37,38,38,29,29,29,11,31,28,17,17,37,12,54,47,47,39,39,31,31,10,10,10,10,10,41,41,41,41,36,76,54,61,66,66,66,66,59,66,66,66,89,89,89,46,78,72],"gold":170,"neow_bonus":"RANDOM_COLORLESS_2","is_daily":false,"chose_seed":false,"campfire_upgraded":7,"win_rate":0.0,"timestamp":1610167556,"path_taken":["M","M","M","M","M","R","E","?","T","E","R","M","?","?","R","BOSS","M","?","?","$","M","R","M","R","T","?","?","M","R","$","R","BOSS","M","M","M","?","?","R","M","M","T","$","E","R","$","E","R","BOSS"],"items_purchased_type":["Relic","Relic","Card","Card","Card"],"build_version":"2020-12-22","purchased_purges":3,"victory":true,"max_hp_per_floor":[68,68,68,68,68,68,68,68,68,68,68,68,68,68,68,68,68,72,72,72,72,78,78,78,78,78,78,78,78,78,78,78,80,87,93,97,97,92,92,92,94,100,100,100,106,106,106,108,108,108],"card_choices":[{"not_picked":["Sadistic Nature","Panache"],"picked":"HandOfGreed","floor":0.0},{"not_picked":["Clash","True Grit"],"picked":"Second Wind","floor":1.0},{"not_picked":["Metallicize","Pummel"],"picked":"Headbutt","floor":2.0},{"not_picked":["Flame Barrier","Clash"],"picked":"Infernal Blade","floor":3.0},{"not_picked":["Hemokinesis","Anger"],"picked":"True Grit","floor":4.0},{"not_picked":["Clash","Hemokinesis"],"picked":"Warcry","floor":5.0},{"not_picked":["Hemokinesis+1","Dropkick+1"],"picked":"Uppercut+1","floor":7.0},{"not_picked":["Iron Wave+1","Wild Strike+1"],"picked":"Double Tap","floor":10.0},{"not_picked":["Flex","Feel No Pain"],"picked":"Wild Strike+1","floor":12.0},{"not_picked":["Corruption","Berserk"],"picked":"Feed+1","floor":16.0},{"not_picked":["Second Wind","Pummel+1"],"picked":"Havoc","floor":18.0},{"not_picked":["Clothesline+1","Seeing Red","Cleave+1"],"picked":"SKIP","floor":20.0},{"not_picked":["Warcry","Cleave+1","Combust"],"picked":"Singing Bowl","floor":22.0},{"not_picked":["Battle Trance","Second Wind"],"picked":"Limit Break","floor":24.0},{"not_picked":["Searing Blow+1","Battle Trance+1"],"picked":"Twin Strike+1","floor":29.0},{"not_picked":["Berserk","Impervious","Limit Break"],"picked":"Singing Bowl","floor":33},{"not_picked":["Battle Trance","Iron Wave+1","Fire Breathing"],"picked":"Singing Bowl","floor":34},{"not_picked":["Thunderclap+1","Iron Wave+1","Headbutt+1"],"picked":"Singing Bowl","floor":35},{"not_picked":["Sever Soul+1","Havoc"],"picked":"Shockwave+1","floor":36},{"not_picked":["Heavy Blade+1","Sword Boomerang+1"],"picked":"Corruption","floor":37},{"not_picked":["Metallicize+1","Iron Wave+1","Entrench"],"picked":"Singing Bowl","floor":41},{"not_picked":["Warcry","Flex","Perfected Strike+1"],"picked":"Singing Bowl","floor":42},{"not_picked":["Clothesline+1","Uppercut+1","Havoc"],"picked":"Singing Bowl","floor":45},{"not_picked":["Havoc","Cleave+1","Sword Boomerang+1"],"picked":"Singing Bowl","floor":48}],"player_experience":866194,"relics_obtained":[{"floor":7.0,"key":"Molten Egg 2"},{"floor":9.0,"key":"Omamori"},{"floor":10.0,"key":"War Paint"},{"floor":27.0,"key":"Meat on the Bone"},{"floor":43,"key":"Paper Frog"},{"floor":45,"key":"Self Forming Clay"},{"floor":48,"key":"Centennial Puzzle"}],"event_choices":[{"damage_healed":0.0,"max_hp_gain":0.0,"max_hp_loss":0.0,"gold_gain":70.0,"event_name":"Golden Wing","player_choice":"Gained Gold","floor":8.0,"gold_loss":0.0,"damage_taken":0.0},{"damage_healed":0.0,"max_hp_gain":0.0,"max_hp_loss":0.0,"gold_gain":75.0,"event_name":"World of Goop","player_choice":"Gather Gold","floor":13.0,"gold_loss":0.0,"damage_taken":11.0},{"damage_healed":0.0,"max_hp_gain":0.0,"max_hp_loss":0.0,"gold_gain":0.0,"event_name":"Living Wall","player_choice":"Grow","floor":14.0,"gold_loss":0.0,"damage_taken":0.0,"cards_upgraded":["Double Tap"]},{"damage_healed":0.0,"max_hp_gain":0.0,"max_hp_loss":0.0,"gold_gain":0.0,"event_name":"Lab","player_choice":"Got Potions","floor":19.0,"gold_loss":0.0,"damage_taken":0.0},{"damage_healed":0.0,"max_hp_gain":0.0,"max_hp_loss":0.0,"gold_gain":0.0,"event_name":"The Mausoleum","player_choice":"Opened","floor":28.0,"gold_loss":0.0,"damage_taken":0.0,"relics_obtained":["Oddly Smooth Stone"],"cards_obtained":["Writhe"]},{"damage_healed":0,"gold_gain":0,"player_choice":"Max HP","damage_taken":0,"max_hp_gain":0,"max_hp_loss":5,"event_name":"Winding Halls","floor":38,"gold_loss":0},{"damage_healed":0,"gold_gain":0,"player_choice":"1 cards matched","damage_taken":0,"max_hp_gain":0,"max_hp_loss":0,"event_name":"Match and Keep!","floor":39,"gold_loss":0,"cards_obtained":["Barricade"]}],"is_beta":false,"boss_relics":[{"not_picked":["Coffee Dripper","Fusion Hammer"],"picked":"Velvet Choker"},{"not_picked":["Snecko Eye","SlaversCollar"],"picked":"Tiny House"}],"items_purged_floors":[21,31,44],"is_endless":false,"potions_floor_spawned":[3,4,5,10,16,20,24,29,33,37,41,45],"ascension_level":14}}