{"host":"tw7a6rmo9h75ssrt","time":1610153785,"event":{"mods":["AchievementEnabler","Act Like it!","BaseMod","Colored Map","Highlight Path","Minty Spire (QoL Compilation)","Permanent Neow","Quick Restart","Relic Stats","SuperFastMode"],"gold_per_floor":[113,188,113,123,134,134,152,152,178,191,36,36,36,50,50,50,50],"floor_reached":16,"playtime":896,"items_purged":["Strike_R"],"score":161,"play_id":"ced999c0-bc22-4cb6-9716-398e84ff4a25","local_time":"20210109085625","is_ascension_mode":true,"campfire_choices":[{"floor":6.0,"key":"REST"},{"floor":8.0,"key":"REST"},{"floor":15.0,"key":"REST"}],"circlet_count":0,"master_deck":["AscendersBane","Strike_R","Strike_R","Strike_R","Defend_R","Defend_R","Defend_R","Defend_R","Bash","Battle Trance","Pummel","Twin Strike","Pummel","Sword Boomerang"],"relics":["Sozu","Pen Nib","Strawberry"],"acts_visited":["Exordium"],"potions_floor_usage":[],"damage_taken":[{"damage":7.0,"enemies":"Small Slimes","floor":1.0,"turns":3.0},{"damage":4.0,"enemies":"Jaw Worm","floor":4.0,"turns":5.0},{"damage":0.0,"enemies":"2 Louse","floor":5.0,"turns":3.0},{"damage":25.0,"enemies":"Exordium Wildlife","floor":7.0,"turns":4.0},{"damage":2.0,"enemies":"Looter","floor":10.0,"turns":4.0},{"damage":0.0,"enemies":"2 Fungi Beasts","floor":14.0,"turns":2.0},{"damage":0,"enemies":"Slime Boss","floor":16,"turns":1}],"seed_played":"-7747647577136885944","potions_obtained":[],"is_trial":false,"path_per_floor":["M","?","?","M","M","R","M","R","T","M","$","?","$","M","R","B"],"character_chosen":"IRONCLAD","items_purchased":["Pummel"],"campfire_rested":3,"item_purchase_floors":[11],"current_hp_per_floor":[61,50,50,46,46,68,43,65,65,63,63,59,59,59,82,82,82],"gold":50,"neow_bonus":"BOSS_RELIC","is_daily":false,"chose_seed":false,"campfire_upgraded":0,"win_rate":0.0,"timestamp":1610153785,"path_taken":["M","?","?","?","M","R","M","R","T","M","$","?","?","M","R","BOSS"],"items_purchased_type":["Card"],"build_version":"2020-12-22","purchased_purges":1,"victory":false,"max_hp_per_floor":[75,75,75,75,75,75,75,75,75,75,75,82,82,82,82,82,82],"relic_stats":{"Sozu":3,"counters":[7,21],"Pen Nib":[1],"obtain_stats":[{"Sozu":0,"Strawberry":12,"Pen Nib":9,"Burning Blood":0},{"Sozu":0,"Strawberry":5,"Pen Nib":4,"Burning Blood":0},{"Sozu":0,"Strawberry":19,"Pen Nib":15,"Burning Blood":0}]},"card_choices":[{"not_picked":["Thunderclap","Armaments"],"picked":"Battle Trance","floor":1.0},{"not_picked":["Armaments","Perfected Strike","Infernal Blade"],"picked":"SKIP","floor":4.0},{"not_picked":["True Grit","Flex"],"picked":"Pummel","floor":5.0},{"not_picked":["Cleave","Pommel Strike","Perfected Strike"],"picked":"SKIP","floor":7.0},{"not_picked":["Armaments","Clash"],"picked":"Twin Strike","floor":10.0},{"not_picked":["True Grit","Havoc"],"picked":"Sword Boomerang","floor":14.0}],"player_experience":125057,"relics_obtained":[{"floor":9.0,"key":"Pen Nib"}],"event_choices":[{"damage_healed":0.0,"max_hp_gain":0.0,"max_hp_loss":0.0,"gold_gain":75.0,"event_name":"World of Goop","player_choice":"Gather Gold","floor":2.0,"gold_loss":0.0,"damage_taken":11.0},{"cards_removed":["Strike_R"],"damage_healed":0.0,"max_hp_gain":0.0,"max_hp_loss":0.0,"gold_gain":0.0,"event_name":"The Cleric","player_choice":"Card Removal","floor":3.0,"gold_loss":75.0,"damage_taken":0.0},{"damage_healed":0.0,"max_hp_gain":0.0,"max_hp_loss":0.0,"gold_gain":0.0,"event_name":"Scrap Ooze","player_choice":"Success","floor":12.0,"gold_loss":0.0,"damage_taken":11.0,"relics_obtained":["Strawberry"]}],"is_beta":false,"boss_relics":[],"items_purged_floors":[11],"is_endless":false,"potions_floor_spawned":[4,5,10],"killed_by":"Slime Boss","ascension_level":15}}