{"host":"vlqejv0notyktumz","time":1610236352,"event":{"mods":["AchievementEnabler","BaseMod","Googly Eyes","Minty Spire (QoL Compilation)"],"gold_per_floor":[118,137,137,25,25,50,62,74,86,115,127,153,176,188,200,212,212],"floor_reached":16,"playtime":412,"items_purged":["Strike_B"],"score":130,"play_id":"3a965d3c-e67e-4d58-9e43-823fd0430ff9","local_time":"20210109175232","is_ascension_mode":true,"campfire_choices":[{"data":"Barrage","floor":7,"key":"SMITH"},{"data":"Conserve Battery","floor":11,"key":"SMITH"},{"data":"Conserve Battery","floor":15,"key":"SMITH"}],"circlet_count":0,"master_deck":["Strike_B","Strike_B","Defend_B","Defend_B","Defend_B","Defend_B","Zap","Dualcast","Impatience","Barrage+1","Capacitor","Loop","Conserve Battery+1","Conserve Battery+1"],"relics":["Cracked Core","Toy Ornithopter","MawBank","Mercury Hourglass","WingedGreaves"],"acts_visited":["Exordium"],"potions_floor_usage":[16],"damage_taken":[{"damage":0,"enemies":"2 Louse","floor":1,"turns":2},{"damage":1,"enemies":"Cultist","floor":2,"turns":3},{"damage":25,"enemies":"Lagavulin","floor":6,"turns":6},{"damage":7,"enemies":"Small Slimes","floor":10,"turns":2},{"damage":6,"enemies":"Looter","floor":12,"turns":3},{"damage":5,"enemies":"2 Fungi Beasts","floor":13,"turns":3},{"damage":40,"enemies":"Hexaghost","floor":16,"turns":10}],"seed_played":"229706838273715431","potions_obtained":[{"floor":2,"key":"FocusPotion"},{"floor":13,"key":"PowerPotion"}],"is_trial":false,"path_per_floor":["M","M","?","$","T","E","R","?","T","M","R","M","M","?","R","B"],"character_chosen":"DEFECT","items_purchased":["Loop"],"campfire_rested":0,"item_purchase_floors":[4],"current_hp_per_floor":[68,67,67,67,67,42,42,67,67,60,60,54,49,31,31,0,0],"gold":212,"neow_bonus":"RANDOM_COLORLESS","is_daily":false,"chose_seed":false,"campfire_upgraded":3,"win_rate":0.0,"timestamp":1610236352,"path_taken":["M","M","?","$","?","E","R","?","T","M","R","M","M","?","R","BOSS"],"items_purchased_type":["Card"],"build_version":"2020-12-22","purchased_purges":1,"victory":false,"max_hp_per_floor":[75,75,75,75,75,75,75,75,75,75,75,75,75,75,75,75,75],"card_choices":[{"not_picked":["Finesse","Deep Breath"],"picked":"Impatience","floor":0},{"not_picked":["Turbo","Sweeping Beam"],"picked":"Barrage","floor":1},{"not_picked":["Turbo","Go for the Eyes"],"picked":"Capacitor","floor":2},{"not_picked":["Gash","Creative AI","Turbo"],"picked":"SKIP","floor":6},{"not_picked":["Hologram","Storm"],"picked":"Conserve Battery","floor":10},{"not_picked":["Sweeping Beam","Aggregate"],"picked":"Conserve Battery","floor":12},{"not_picked":["Conserve Battery","Scrape","Rebound"],"picked":"SKIP","floor":13}],"player_experience":316216,"relics_obtained":[{"floor":5,"key":"Toy Ornithopter"},{"floor":6,"key":"MawBank"},{"floor":9,"key":"Mercury Hourglass"}],"event_choices":[{"cards_removed":["Strike_B"],"damage_healed":0,"gold_gain":0,"player_choice":"Purged","damage_taken":0,"max_hp_gain":0,"max_hp_loss":0,"event_name":"Purifier","floor":3,"gold_loss":0},{"damage_healed":25,"gold_gain":0,"player_choice":"Banana","damage_taken":0,"max_hp_gain":0,"max_hp_loss":0,"event_name":"Big Fish","floor":8,"gold_loss":0},{"damage_healed":0,"gold_gain":0,"player_choice":"Success","damage_taken":18,"relics_obtained":["WingedGreaves"],"max_hp_gain":0,"max_hp_loss":0,"event_name":"Scrap Ooze","floor":14,"gold_loss":0}],"is_beta":false,"boss_relics":[],"items_purged_floors":[4],"is_endless":false,"potions_floor_spawned":[2,13],"killed_by":"Hexaghost","ascension_level":6}}