{"host":"d8hh7rr4yzitjeuj","time":1610166480,"event":{"mods":["2.2 Compatiblity","AchievementEnabler","Act Like it!","BaseMod","Colored Map","Colored Powertips","Highlight Path","Keyboard Shortcuts","Minty Spire (QoL Compilation)","Permanent Neow","Quick Restart","StSLib","SuperFastMode"],"gold_per_floor":[132,187,243,319,376,376,391,421,495,645,684,959,171,231,231,231,231],"floor_reached":16,"playtime":655,"items_purged":["Regret"],"score":196,"play_id":"8de9e4ed-69db-467b-820f-14dd3b6412b9","local_time":"20210109132800","is_ascension_mode":true,"campfire_choices":[{"floor":6.0,"key":"REST"},{"floor":15,"key":"REST"}],"circlet_count":0,"master_deck":["AscendersBane","Strike_B","Strike_B","Strike_B","Strike_B","Defend_B","Defend_B","Defend_B","Defend_B","Zap","Dualcast","HandOfGreed","Auto Shields","Sweeping Beam","Hologram","Skim","Reprogram","Undo","Doubt","Gash","Hello World+1","Stack","Flash of Steel","Conserve Battery","Rebound"],"relics":["Cracked Core","Ornamental Fan","Frozen Egg 2","Akabeko"],"acts_visited":["Exordium"],"potions_floor_usage":[11,16],"damage_taken":[{"damage":2.0,"enemies":"Cultist","floor":1.0,"turns":4.0},{"damage":0.0,"enemies":"2 Louse","floor":2.0,"turns":4.0},{"damage":7.0,"enemies":"Small Slimes","floor":3.0,"turns":4.0},{"damage":12.0,"enemies":"Gremlin Gang","floor":4.0,"turns":5.0},{"damage":4.0,"enemies":"2 Fungi Beasts","floor":5.0,"turns":4.0},{"damage":12.0,"enemies":"Looter","floor":7.0,"turns":3.0},{"damage":4,"enemies":"Blue Slaver","floor":8,"turns":3},{"damage":12,"enemies":"Large Slime","floor":11,"turns":6},{"damage":0,"enemies":"3 Louse","floor":14,"turns":5},{"damage":39,"enemies":"Hexaghost","floor":16,"turns":14}],"seed_played":"8566545244407163406","potions_obtained":[{"floor":1.0,"key":"GamblersBrew"},{"floor":3.0,"key":"PotionOfCapacity"},{"floor":7.0,"key":"Dexterity Potion"}],"is_trial":false,"path_per_floor":["M","M","M","M","M","R","M","M","T","?","M","?","$","M","R","B"],"character_chosen":"DEFECT","items_purchased":["Frozen Egg 2","Hello World+1","Stack","Flash of Steel","Conserve Battery","Akabeko"],"campfire_rested":2,"item_purchase_floors":[13,13,13,13,13,13],"current_hp_per_floor":[44,44,37,25,21,42,30,26,26,26,14,14,14,14,35,0,0],"gold":231,"neow_bonus":"RANDOM_COLORLESS_2","is_daily":false,"chose_seed":false,"campfire_upgraded":0,"win_rate":0.0,"timestamp":1610166480,"path_taken":["M","?","M","M","M","R","M","M","T","?","M","?","$","M","R","BOSS"],"items_purchased_type":["Relic","Card","Card","Card","Card","Relic"],"build_version":"2020-12-22","purchased_purges":1,"victory":false,"max_hp_per_floor":[71,71,71,71,71,71,71,71,71,71,71,71,71,71,71,71,71],"card_choices":[{"not_picked":["The Bomb","Thinking Ahead"],"picked":"HandOfGreed","floor":0.0},{"not_picked":["Conserve Battery","Gash"],"picked":"Auto Shields","floor":1.0},{"not_picked":["Redo","Sunder"],"picked":"Sweeping Beam","floor":2.0},{"not_picked":["Sunder","Doom and Gloom"],"picked":"Hologram","floor":3.0},{"not_picked":["Cold Snap","Lockon"],"picked":"Skim","floor":4.0},{"not_picked":["Hologram","Glacier"],"picked":"Reprogram","floor":5.0},{"not_picked":["Storm","Consume","Reprogram"],"picked":"SKIP","floor":7.0},{"not_picked":["Aggregate","Turbo"],"picked":"Undo","floor":8},{"not_picked":["Compile Driver","Chill"],"picked":"Gash","floor":11},{"not_picked":["Scrape","Sweeping Beam"],"picked":"Rebound","floor":14}],"player_experience":1430768,"relics_obtained":[{"floor":9,"key":"Ornamental Fan"}],"event_choices":[{"damage_healed":0,"gold_gain":150,"player_choice":"AGREE","damage_taken":0,"max_hp_gain":0,"max_hp_loss":0,"event_name":"Liars Game","floor":10,"gold_loss":0,"cards_obtained":["Doubt"]},{"damage_healed":0,"gold_gain":275,"player_choice":"Desecrate","damage_taken":0,"max_hp_gain":0,"max_hp_loss":0,"event_name":"Golden Shrine","floor":12,"gold_loss":0,"cards_obtained":["Regret"]}],"is_beta":false,"boss_relics":[],"items_purged_floors":[13],"is_endless":false,"potions_floor_spawned":[1,3,5,7,8],"killed_by":"Hexaghost","ascension_level":20}}