{"host":"1a3cjta80tad0aqj","time":1610229103,"event":{"mods":["2.2 Compatiblity","AchievementEnabler","BaseMod","Colored Map","DeckTracker","KOR Keyword Fix","Keyboard Shortcuts","Minty Spire (QoL Compilation)","Permanent Neow","Quick Restart","Random Character Button","StSLib","SuperFastMode","everything is the same but u backflip on backflip"],"gold_per_floor":[112,124,136,148,168,168,182,182,182,182,202,127,142,42,42,142,142,157,157,177,177,195,195,215,233,233,233,251,265,283,283,283,378,378,378,378,390,400,275,275,302,302,302,302,302,302,302,312,312,312],"floor_reached":51,"playtime":2498,"items_purged":["Pray+1","Strike_P","Defend_P"],"score":859,"play_id":"7e6b2258-be82-4e15-b8b1-0cbb8f1abbed","local_time":"20210110065143","is_ascension_mode":true,"campfire_choices":[{"data":"Eruption","floor":6.0,"key":"SMITH"},{"data":"FlurryOfBlows","floor":8.0,"key":"SMITH"},{"data":"FearNoEvil","floor":10.0,"key":"SMITH"},{"data":"Halt","floor":15.0,"key":"SMITH"},{"floor":23.0,"key":"REST"},{"floor":27.0,"key":"REST"},{"floor":32.0,"key":"REST"},{"floor":40.0,"key":"REST"},{"floor":42.0,"key":"REST"},{"floor":44.0,"key":"REST"},{"data":"CutThroughFate","floor":47.0,"key":"SMITH"},{"floor":49.0,"key":"REST"}],"circlet_count":0,"master_deck":["Defend_P","Eruption+1","Vigilance","SashWhip+1","Crescendo+1","Halt+1","FlurryOfBlows+1","FearNoEvil+1","BowlingBash","Adaptation+1","DeusExMachina","CutThroughFate+1"],"relics":["Astrolabe"],"acts_visited":["Exordium","TheCity","TheBeyond"],"potions_floor_usage":[50],"damage_taken":[{"damage":0.0,"enemies":"Jaw Worm","floor":1.0,"turns":2.0},{"damage":0.0,"enemies":"2 Louse","floor":2.0,"turns":2.0},{"damage":0.0,"enemies":"Cultist","floor":3.0,"turns":2.0},{"damage":2.0,"enemies":"Looter","floor":4.0,"turns":2.0},{"damage":14.0,"enemies":"3 Louse","floor":5.0,"turns":2.0},{"damage":0.0,"enemies":"2 Fungi Beasts","floor":7.0,"turns":2.0},{"damage":0.0,"enemies":"Lots of Slimes","floor":11.0,"turns":3.0},{"damage":0.0,"enemies":"Large Slime","floor":13.0,"turns":2.0},{"damage":0.0,"enemies":"Slime Boss","floor":16.0,"turns":6.0},{"damage":8.0,"enemies":"Shell Parasite","floor":18.0,"turns":4.0},{"damage":10.0,"enemies":"2 Thieves","floor":20.0,"turns":3.0},{"damage":7.0,"enemies":"3 Cultists","floor":22.0,"turns":4.0},{"damage":16.0,"enemies":"Sentry and Sphere","floor":24.0,"turns":4.0},{"damage":15.0,"enemies":"Snake Plant","floor":25.0,"turns":4.0},{"damage":0.0,"enemies":"3 Cultists","floor":28.0,"turns":4.0},{"damage":5.0,"enemies":"Cultist and Chosen","floor":29.0,"turns":4.0},{"damage":9.0,"enemies":"Shelled Parasite and Fungi","floor":30.0,"turns":3.0},{"damage":45.0,"enemies":"Collector","floor":33.0,"turns":3.0},{"damage":17.0,"enemies":"3 Shapes","floor":35.0,"turns":5.0},{"damage":3.0,"enemies":"3 Darklings","floor":37.0,"turns":5.0},{"damage":18.0,"enemies":"4 Shapes","floor":38.0,"turns":5.0},{"damage":38.0,"enemies":"Giant Head","floor":41.0,"turns":9.0},{"damage":14.0,"enemies":"Maw","floor":48.0,"turns":7.0},{"damage":53,"enemies":"Time Eater","floor":50,"turns":10}],"seed_played":"2422888770204025981","potions_obtained":[{"floor":3.0,"key":"LiquidBronze"},{"floor":5.0,"key":"LiquidBronze"},{"floor":7.0,"key":"Weak Potion"},{"floor":13.0,"key":"FearPotion"},{"floor":24.0,"key":"StancePotion"},{"floor":30.0,"key":"LiquidMemories"},{"floor":33.0,"key":"Block Potion"}],"is_trial":false,"path_per_floor":["M","M","M","M","M","R","M","R","T","R","M","$","M","$","R","B",null,"M","?","M","?","M","R","M","M","T","R","M","M","M","?","R","B",null,"M","?","M","M","$","R","E","R","T","R","?","?","R","M","R","B",null],"character_chosen":"WATCHER","items_purchased":[],"campfire_rested":7,"item_purchase_floors":[],"current_hp_per_floor":[72,72,72,70,56,56,56,56,56,56,56,56,56,56,56,56,72,64,64,54,54,47,68,52,37,37,58,58,53,44,44,65,20,72,55,55,52,34,34,55,17,38,38,59,59,59,59,45,66,13],"gold":312,"neow_bonus":"BOSS_RELIC","is_daily":false,"chose_seed":true,"campfire_upgraded":5,"win_rate":0.0,"timestamp":1610229103,"path_taken":["M","M","M","M","M","R","M","R","T","R","M","$","M","$","R","BOSS","M","?","M","?","M","R","M","M","T","R","?","M","M","?","R","BOSS","M","?","M","M","$","R","E","R","T","R","?","?","R","M","R","BOSS"],"items_purchased_type":[],"build_version":"2020-12-22","purchased_purges":3,"victory":true,"max_hp_per_floor":[72,72,72,72,72,72,72,72,72,72,72,72,72,72,72,72,72,72,72,72,72,72,72,72,72,72,72,72,72,72,72,72,72,72,72,72,72,72,72,72,72,72,72,72,72,72,72,72,72,72],"card_choices":[{"not_picked":["SashWhip","BattleHymn"],"picked":"Halt","floor":1.0},{"not_picked":["LikeWater","CrushJoints"],"picked":"FlurryOfBlows","floor":2.0},{"not_picked":["FlyingSleeves","LikeWater"],"picked":"FearNoEvil","floor":3.0},{"not_picked":["Vault","Halt","FlyingSleeves"],"picked":"SKIP","floor":4.0},{"not_picked":["Halt","EmptyFist","ClearTheMind"],"picked":"SKIP","floor":5.0},{"not_picked":["Consecrate","EmptyBody","Prostrate"],"picked":"SKIP","floor":7.0},{"not_picked":["EmptyFist","TalkToTheHand","ClearTheMind"],"picked":"SKIP","floor":11.0},{"not_picked":["Consecrate","Collect","Prostrate"],"picked":"SKIP","floor":13.0},{"not_picked":["Evaluate","Protect"],"picked":"BowlingBash","floor":18.0},{"not_picked":["Halt","JustLucky"],"picked":"Adaptation+1","floor":20.0},{"not_picked":["ReachHeaven","Crescendo","ThirdEye"],"picked":"SKIP","floor":22.0},{"not_picked":["SashWhip+1","Weave+1","Study"],"picked":"SKIP","floor":24.0},{"not_picked":["EmptyBody","SandsOfTime+1","Indignation+1"],"picked":"SKIP","floor":25.0},{"not_picked":["CarveReality","EmptyBody+1","Weave+1"],"picked":"SKIP","floor":28.0},{"not_picked":["CrushJoints","JustLucky","ThirdEye"],"picked":"SKIP","floor":29.0},{"not_picked":["DeceiveReality","JustLucky","Vault"],"picked":"SKIP","floor":30.0},{"not_picked":["Vengeance","JustLucky","Sanctity+1"],"picked":"SKIP","floor":35.0},{"not_picked":["BowlingBash+1","EmptyBody"],"picked":"CutThroughFate","floor":37.0},{"not_picked":["Swivel+1","FollowUp+1","Halt+1"],"picked":"SKIP","floor":38.0},{"not_picked":["WheelKick","Consecrate+1","FollowUp"],"picked":"SKIP","floor":41.0},{"not_picked":["ThirdEye+1","BowlingBash+1","Consecrate+1"],"picked":"SKIP","floor":48.0}],"player_experience":253072,"relics_obtained":[],"event_choices":[{"damage_healed":0.0,"max_hp_gain":0.0,"max_hp_loss":0.0,"gold_gain":0.0,"event_name":"The Mausoleum","player_choice":"Ignored","floor":19.0,"gold_loss":0.0,"damage_taken":0.0},{"damage_healed":0.0,"max_hp_gain":0.0,"max_hp_loss":0.0,"gold_gain":0.0,"cards_transformed":["Strike_P"],"event_name":"Transmorgrifier","player_choice":"Transformed","floor":21.0,"gold_loss":0.0,"damage_taken":0.0,"cards_obtained":["DeusExMachina"]},{"cards_removed":["Strike_P"],"damage_healed":0.0,"max_hp_gain":0.0,"max_hp_loss":0.0,"gold_gain":0.0,"event_name":"Back to Basics","player_choice":"Elegance","floor":31.0,"gold_loss":0.0,"damage_taken":0.0},{"damage_healed":0.0,"max_hp_gain":0.0,"max_hp_loss":0.0,"gold_gain":0.0,"event_name":"Mysterious Sphere","player_choice":"Ignored","floor":36.0,"gold_loss":0.0,"damage_taken":0.0},{"damage_healed":0.0,"max_hp_gain":0.0,"max_hp_loss":0.0,"gold_gain":0.0,"event_name":"SensoryStone","player_choice":"Memory 1","floor":45.0,"gold_loss":0.0,"damage_taken":0.0},{"damage_healed":0.0,"max_hp_gain":0.0,"max_hp_loss":0.0,"gold_gain":0.0,"event_name":"Match and Keep!","player_choice":"0 cards matched","floor":46.0,"gold_loss":0.0,"damage_taken":0.0,"cards_obtained":[]}],"is_beta":false,"boss_relics":[{"not_picked":[]},{"not_picked":[]}],"items_purged_floors":[12,14,39],"is_endless":false,"potions_floor_spawned":[3,5,7,13,22,24,30,33,35],"ascension_level":1}}