{"host":"y36bp6mnm73x3iob","time":1610151287,"event":{"mods":["2.2 Compatiblity","Aspiration","BaseMod","Downfall","GifTheSpireLib","Hermit","Hubris","Marisa????????","Minty Spire (QoL Compilation)","Replay The Spire","Retaliation","StSLib","Stuff the Spire","The Disciple","The Servant 0.9.4"],"gold_per_floor":[99,99,274,323,341,358,358,358,358,392,77,97,97,197,108,207,207,207,227,1,16,35,53,53,86,86,86,21,121,134,134,152,254,254,254,254,300,314,331,361,361,361,511,12,26,26,26,39,54,54],"floor_reached":51,"playtime":4062,"items_purged":["Doubt","ReplayTheSpireMod:Restless Dread","Normality"],"score":895,"play_id":"f348cfd1-e03e-457a-8b0d-f8e2a32edbb5","local_time":"20210109021447","is_ascension_mode":false,"campfire_choices":[{"floor":1,"key":"DIG"},{"data":"sneckomod:Nope","floor":9,"key":"SMITH"},{"floor":13,"key":"REST"},{"data":"sneckomod:UnknownRareSkill","floor":18,"key":"SMITH"},{"data":"expansioncontent:StudyTheSpire","floor":35,"key":"SMITH"},{"data":"Armaments","floor":47,"key":"SMITH"}],"circlet_count":0,"master_deck":["sneckomod:Strike","sneckomod:Strike","sneckomod:Defend","sneckomod:Defend","sneckomod:Defend","sneckomod:TailWhip","sneckomod:SnekBite","sneckomod:Unknown","sneckomod:Unknown","sneckomod:Nope+1","sneckomod:UnknownWeak","sneckomod:TrashToTreasure","sneckomod:UnknownRareSkill+1","sneckomod:Unknown1Cost","sneckomod:UnknownUncommonSkill","expansioncontent:StudyTheSpire+1","sneckomod:Unknown0Cost","sneckomod:Unknown1Cost","sneckomod:Unknown1Cost","sneckomod:SerpentMind+1","Twin Strike+1","Exhume","Life Link","sneckomod:UnknownClassBLESSING","sneckomod:UnknownX","sneckomod:UnknownCommonAttack+1","Iron Wave+1","sneckomod:SerpentIdol+1","sneckomod:DangerNoodle+1","Ghostly","Ghostly","Ghostly","Ghostly","Ghostly","sneckomod:WideSting+1","Armaments","sneckomod:MorePower","Fire Breathing","sneckomod:QuickBite+1","Fiend Fire+1","expansioncontent:LastStand","sneckomod:UnknownBlock+1","sneckomod:UnknownRareAttack+1","Inflame+1","sneckomod:UnknownClassGUARDIAN+1","sneckomod:Nope+1","sneckomod:UnknownStrength+1","sneckomod:UnknownRareSkill","sneckomod:UnknownClassGREEN+1","Armaments+1","sneckomod:Unknown3Cost+1","Headbutt+1","sneckomod:UnknownRareAttack+1","sneckomod:SerpentIdol","sneckomod:UnknownClassDEFAULT_GRAY_COLOR+1","sneckomod:Unknown3Cost","sneckomod:UnknownUncommonPower+1","sneckomod:MasterEye","Armaments","expansioncontent:Corrupt","Bloodletting+1","Parasite","Massacre+1","sneckomod:UnknownClassSILVER+1"],"relics":["sneckomod:SneckoSoul","Dream Catcher","FossilizedHelix","hubris:Icosahedron","hubris:TenFootPole","sneckomod:ConfusingCodex","Ancient Tea Set","aspiration:IroncladSkillbook","ReplayTheSpireMod:CursedCoin","Molten Egg 2","Turnip","hubris:FunFungus","downfall:GremlinSack","Replay:Rubber Ducky","Snecko Eye","Lizard Tail","aspiration:HatOfInfinitePower","StuffTheSpire:GreaterSneckoEye","Mango","OrangePellets"],"acts_visited":["Exordium","TheCity","TheBeyond"],"potions_floor_usage":[10,16,21,23,28,32,33,33,50,50],"damage_taken":[{"damage":0,"enemies":"Small Slimes","floor":5,"turns":6},{"damage":0,"enemies":"Jaw Worm","floor":6,"turns":3},{"damage":38,"enemies":"3 Sentries","floor":10,"turns":10},{"damage":2,"enemies":"downfall:FleeingMerchant","floor":11,"turns":4},{"damage":0,"enemies":"2 Louse","floor":12,"turns":2},{"damage":12,"enemies":"Large Slime","floor":15,"turns":5},{"damage":35,"enemies":"downfall:Ironclad","floor":16,"turns":6},{"damage":8,"enemies":"Spheric Guardian","floor":19,"turns":4},{"damage":14,"enemies":"downfall:FleeingMerchant","floor":20,"turns":4},{"damage":0,"enemies":"Shell Parasite","floor":21,"turns":2},{"damage":27,"enemies":"Snake Plant","floor":22,"turns":5},{"damage":21,"enemies":"Sentry and Sphere","floor":23,"turns":5},{"damage":2,"enemies":"Gremlin Leader","floor":25,"turns":7},{"damage":16,"enemies":"downfall:FleeingMerchant","floor":28,"turns":4},{"damage":0,"enemies":"downfall:FleeingMerchant","floor":29,"turns":4},{"damage":6,"enemies":"Centurion and Healer","floor":30,"turns":5},{"damage":0,"enemies":"3 Cultists","floor":32,"turns":5},{"damage":11,"enemies":"downfall:Silent","floor":33,"turns":5},{"damage":7,"enemies":"2 Orb Walkers","floor":37,"turns":4},{"damage":0,"enemies":"3 Shapes","floor":38,"turns":5},{"damage":32,"enemies":"3 Darklings","floor":39,"turns":9},{"damage":0,"enemies":"Nemesis","floor":40,"turns":7},{"damage":6,"enemies":"downfall:FleeingMerchant","floor":44,"turns":2},{"damage":0,"enemies":"Jaw Worm Horde","floor":45,"turns":1},{"damage":0,"enemies":"Writhing Mass","floor":48,"turns":4},{"damage":2,"enemies":"3 Darklings","floor":49,"turns":3},{"damage":0,"enemies":"downfall:Watcher","floor":50,"turns":4}],"seed_played":"5266544390901636100","potions_obtained":[{"floor":6,"key":"PowerPotion"},{"floor":15,"key":"Reflective Coating"},{"floor":21,"key":"Dexterity Potion"},{"floor":22,"key":"DistilledChaos"},{"floor":23,"key":"PowerPotion"},{"floor":30,"key":"ColorlessPotion"},{"floor":32,"key":"Toxic Potion"},{"floor":45,"key":"Milkshake"},{"floor":48,"key":"Ancient Potion"},{"floor":49,"key":"sneckomod:DiceRollPotion"}],"is_trial":false,"path_per_floor":["R","?","?","T","M","M","T","?","R","E","$","M","R","?","M","B",null,"R","M","$","M","M","M","T","E","?","?","$","?","M","T","M","B",null,"R","?","?","M","M","E","T","?","?","$","M","?","R","M","M","B",null],"character_chosen":"THE_SNECKO","items_purchased":["Replay:Wax Seal","sneckomod:UnknownUncommonSkill","expansioncontent:StudyTheSpire","ReplayTheSpireMod:CursedCoin","Life Link","sneckomod:UnknownClassBLESSING","sneckomod:UnknownX","sneckomod:DiceRollPotion","Armaments","sneckomod:MasterEye","Mango","OrangePellets","Armaments","expansioncontent:Corrupt"],"campfire_rested":1,"item_purchase_floors":[11,11,11,20,20,20,20,20,28,44,44,44,44,44],"current_hp_per_floor":[90,90,90,90,90,91,91,91,91,54,58,62,92,92,81,46,100,100,96,90,95,76,59,59,61,61,51,45,50,53,53,54,49,56,56,56,57,58,34,42,42,32,32,49,53,53,53,60,67,77],"gold":54,"neow_bonus":"RANDOM_COMMON_RELIC","is_daily":false,"chose_seed":false,"campfire_upgraded":4,"win_rate":0.0,"timestamp":1610151287,"path_taken":["R","?","?","?","M","M","T","?","R","E","$","M","R","?","M","BOSS","R","M","$","M","M","M","T","E","?","?","?","?","?","?","M","BOSS","R","?","?","M","M","E","T","?","?","$","?","?","R","M","M","BOSS"],"items_purchased_type":["Relic","Card","Card","Relic","Card","Card","Card","Potion","Card","Card","Relic","Relic","Card","Card"],"build_version":"2020-12-22","purchased_purges":3,"victory":true,"max_hp_per_floor":[90,90,90,90,90,91,91,91,91,92,94,98,99,99,100,100,100,100,100,102,103,103,103,103,103,103,51,51,52,53,53,54,56,56,56,56,57,58,59,61,61,61,61,76,76,76,76,76,77,77],"card_choices":[{"not_picked":["sneckomod:QuickBite","sneckomod:UnknownBlock"],"picked":"sneckomod:Nope","floor":5},{"not_picked":["sneckomod:UnknownBlock","sneckomod:UnknownEthereal"],"picked":"sneckomod:UnknownWeak","floor":6},{"not_picked":["sneckomod:DiceBlock","sneckomod:UnknownUncommonPower"],"picked":"sneckomod:UnknownRareSkill","floor":10},{"not_picked":["sneckomod:UnknownClassGREEN","sneckomod:QuickMove"],"picked":"sneckomod:Unknown1Cost","floor":11},{"not_picked":["sneckomod:UnknownClassHEXA_GHOST_PURPLE","sneckomod:UnknownClassMARISA_COLOR"],"picked":"sneckomod:Unknown0Cost","floor":12},{"not_picked":["sneckomod:QuickBite","sneckomod:SoulDraw"],"picked":"sneckomod:Unknown1Cost","floor":13},{"not_picked":["sneckomod:UnknownBlock","sneckomod:SoulRoll"],"picked":"sneckomod:Unknown1Cost","floor":15},{"not_picked":["sneckomod:Restock","sneckomod:DangerNoodle"],"picked":"sneckomod:SerpentMind","floor":16},{"not_picked":["sneckomod:RainOfDice","Shrug It Off+1","sneckomod:Unknown1Cost"],"picked":"Twin Strike+1","floor":19},{"not_picked":["Sword Boomerang","sneckomod:UnknownWeak","DDmod:EasePowerCard"],"picked":"Exhume","floor":20},{"not_picked":["Searing Blow","sneckomod:DiceBlock","Battle Trance+1"],"picked":"sneckomod:UnknownCommonAttack+1","floor":21},{"not_picked":["DDmod:PokeAttack+1","sneckomod:UnknownClassSLIMEBOUND","sneckomod:IronFang"],"picked":"Iron Wave+1","floor":22},{"not_picked":["DDmod:PokeAttack+1","sneckomod:DiceBlock","DDmod:EasePowerCard"],"picked":"sneckomod:SerpentIdol+1","floor":23},{"not_picked":["Rupture","ReplayReversal","Dark Embrace"],"picked":"sneckomod:DangerNoodle+1","floor":25},{"not_picked":["sneckomod:SnekBeam+1","Run Through+1","sneckomod:Unknown0Cost"],"picked":"sneckomod:WideSting+1","floor":28},{"not_picked":["sneckomod:UnknownUncommonPower","sneckomod:UnknownClassGUARDIAN","sneckomod:Unknown2Cost"],"picked":"sneckomod:UnknownBlock+1","floor":29},{"not_picked":["sneckomod:Unknown2Cost+1","sneckomod:UnknownUncommonSkill+1","sneckomod:UnknownExhaust+1"],"picked":"sneckomod:UnknownRareAttack+1","floor":30},{"not_picked":["Body Slam+1","sneckomod:Unknown2Cost","Replay:Undeath\u0027s Touch+1"],"picked":"Inflame+1","floor":30},{"not_picked":["sneckomod:UnknownClassBLESSING+1","sneckomod:UnknownClassBLUE+1","sneckomod:UnknownVulnerable+1"],"picked":"sneckomod:UnknownClassGUARDIAN+1","floor":32},{"not_picked":["sneckomod:Mudshield","Run Through+1","sneckomod:UnknownCommonSkill+1"],"picked":"sneckomod:Nope+1","floor":32},{"not_picked":["sneckomod:UnknownUncommonSkill+1","Replay:UnknownCurse","sneckomod:UnknownClassHEXA_GHOST_PURPLE+1"],"picked":"sneckomod:UnknownStrength+1","floor":33},{"not_picked":["sneckomod:DangerNoodle+1","DDmod:RechargeSkill","Feed+1"],"picked":"sneckomod:UnknownRareSkill","floor":33},{"not_picked":["sneckomod:UnknownClassSILVER+1","sneckomod:UnknownClassHEXA_GHOST_PURPLE+1","sneckomod:UnknownStrike+1"],"picked":"sneckomod:UnknownClassGREEN+1","floor":37},{"not_picked":["Dark Embrace+1","Body Slam+1","ReplayTheSpireMod:Stacked"],"picked":"Armaments","floor":37},{"not_picked":["sneckomod:Unknown+1","sneckomod:UnknownEthereal+1","sneckomod:UnknownUncommonPower+1"],"picked":"sneckomod:Unknown3Cost+1","floor":38},{"not_picked":["Run Through+1","sneckomod:UnknownEthereal","DDmod:SpikedSkill+1"],"picked":"Headbutt+1","floor":38},{"not_picked":["sneckomod:UnknownVulnerable+1","Replay:UnknownCurse","sneckomod:UnknownDexterity+1"],"picked":"sneckomod:UnknownRareAttack+1","floor":39},{"not_picked":["Warcry+1","Clothesline+1","Heavy Blade+1"],"picked":"sneckomod:SerpentIdol","floor":39},{"not_picked":["sneckomod:UnknownExhaust+1","sneckomod:Unknown2Cost+1","Replay:UnknownCurse"],"picked":"sneckomod:UnknownClassDEFAULT_GRAY_COLOR+1","floor":40},{"not_picked":["DDmod:SpikedSkill+1","Heavy Blade+1","ReplayTheSpireMod:Strike From Hell+1"],"picked":"sneckomod:Unknown3Cost","floor":40},{"not_picked":["Wild Strike+1","sneckomod:UnknownClassCHRONO_GOLD","ReplayReversal"],"picked":"sneckomod:UnknownUncommonPower+1","floor":44},{"not_picked":["Clash+1","sneckomod:UnknownEthereal+1","Reckless Charge+1"],"picked":"Bloodletting+1","floor":45},{"not_picked":["sneckomod:DiceCrush+1","Iron Wave+1","sneckomod:UnknownClassMARISA_DERIVATIONS"],"picked":"Massacre+1","floor":48},{"not_picked":["sneckomod:UnknownStrike+1","Wild Strike+1","Searing Blow+1"],"picked":"sneckomod:UnknownClassSILVER+1","floor":49}],"player_experience":431910,"relics_obtained":[{"floor":1,"key":"FossilizedHelix"},{"floor":4,"key":"hubris:TenFootPole"},{"floor":7,"key":"sneckomod:ConfusingCodex"},{"floor":10,"key":"Ancient Tea Set"},{"floor":24,"key":"Molten Egg 2"},{"floor":25,"key":"Turnip"},{"floor":29,"key":"downfall:GremlinSack"},{"floor":31,"key":"Replay:Rubber Ducky"},{"floor":37,"key":"Lizard Tail"},{"floor":40,"key":"aspiration:HatOfInfinitePower"},{"floor":42,"key":"StuffTheSpire:GreaterSneckoEye"}],"event_choices":[{"damage_healed":0,"gold_gain":0,"player_choice":"Became a Ghost","damage_taken":0,"max_hp_gain":0,"max_hp_loss":52,"event_name":"Ghosts","floor":27,"gold_loss":0,"cards_obtained":["Ghostly","Ghostly","Ghostly","Ghostly","Ghostly"]},{"cards_removed":["sneckomod:Strike"],"damage_healed":0,"gold_gain":0,"player_choice":"Removed Attack","damage_taken":0,"max_hp_gain":0,"max_hp_loss":0,"event_name":"Falling","floor":36,"gold_loss":0},{"damage_healed":0,"gold_gain":0,"player_choice":"Fight","damage_taken":0,"max_hp_gain":0,"max_hp_loss":0,"event_name":"Mysterious Sphere","floor":37,"gold_loss":0},{"damage_healed":0,"gold_gain":0,"player_choice":"Upgraded","damage_taken":0,"max_hp_gain":0,"max_hp_loss":0,"event_name":"Upgrade Shrine","floor":46,"gold_loss":0,"cards_upgraded":["sneckomod:SerpentMind"]}],"is_beta":false,"boss_relics":[{"not_picked":["Cursed Key","Astrolabe"],"picked":"aspiration:IroncladSkillbook"},{"not_picked":["StuffTheSpire:RunicConfusion","StuffTheSpire:Kangaroo"],"picked":"Snecko Eye"}],"items_purged_floors":[11,20,44],"is_endless":false,"potions_floor_spawned":[6,15,21,22,23,30,32,45,48,49],"ascension_level":0}}