{"host":"gg","time":1610212558,"event":{"mods":["BaseMod","Colored Map","Googly Eyes","Minty Spire (QoL Compilation)","Permanent Neow","Relic Stats","The IronCluck"],"gold_per_floor":[117,130,130,145,155,189,189,223,247,247,279,294,319,111,111,214,214,257,306,306,353,398,398,398],"floor_reached":23,"playtime":1618,"items_purged":["Defend_P"],"score":596,"play_id":"2f553a70-aaa4-4801-b7e9-3d70d7df3cf2","local_time":"20210109091558","is_ascension_mode":true,"campfire_choices":[{"data":"FollowUp","floor":7,"key":"SMITH"},{"data":"EmptyMind","floor":10,"key":"SMITH"},{"data":"Wish","floor":15,"key":"SMITH"}],"circlet_count":0,"master_deck":["AscendersBane","Strike_P+1","Strike_P+1","Strike_P+1","Strike_P+1","Defend_P+1","Defend_P+1","Defend_P+1","Eruption","Vigilance","Consecrate+1","FlurryOfBlows+1","CutThroughFate","FollowUp+1","FearNoEvil+1","EmptyMind+1","Tantrum","SignatureMove","Wish+1","LessonLearned","DevaForm"],"relics":["Coffee Dripper","Smiling Mask","Toy Ornithopter","Orichalcum","War Paint","Nunchaku","HandDrill","Snecko Eye"],"acts_visited":["Exordium","TheCity"],"potions_floor_usage":[6,16,18,19,23],"damage_taken":[{"damage":2,"enemies":"Cultist","floor":1,"turns":5},{"damage":2,"enemies":"Jaw Worm","floor":2,"turns":4},{"damage":0,"enemies":"2 Louse","floor":4,"turns":2},{"damage":3,"enemies":"Blue Slaver","floor":5,"turns":3},{"damage":7,"enemies":"Lagavulin","floor":6,"turns":4},{"damage":22,"enemies":"3 Sentries","floor":8,"turns":5},{"damage":7,"enemies":"Lagavulin","floor":11,"turns":3},{"damage":0,"enemies":"Looter","floor":12,"turns":2},{"damage":0,"enemies":"Gremlin Nob","floor":13,"turns":2},{"damage":0,"enemies":"Hexaghost","floor":16,"turns":4},{"damage":16,"enemies":"2 Thieves","floor":18,"turns":2},{"damage":10,"enemies":"3 Byrds","floor":19,"turns":3},{"damage":8,"enemies":"Snake Plant","floor":21,"turns":3},{"damage":0,"enemies":"Snecko","floor":22,"turns":2},{"damage":44,"enemies":"Slavers","floor":23,"turns":2}],"seed_played":"-2089997216082038486","potions_obtained":[{"floor":2,"key":"GamblersBrew"},{"floor":5,"key":"Block Potion"},{"floor":11,"key":"DistilledChaos"},{"floor":16,"key":"Dexterity Potion"},{"floor":18,"key":"AttackPotion"}],"is_trial":false,"path_per_floor":["M","M","?","M","M","E","R","E","T","R","E","M","E","$","R","B",null,"M","M","?","M","M","E"],"character_chosen":"WATCHER","items_purchased":["HandDrill"],"campfire_rested":0,"item_purchase_floors":[14],"current_hp_per_floor":[59,57,57,57,54,47,47,25,25,25,18,18,18,18,18,23,57,46,41,41,33,33,0,0],"gold":398,"neow_bonus":"BOSS_RELIC","is_daily":false,"chose_seed":false,"campfire_upgraded":3,"win_rate":0.0,"timestamp":1610212558,"path_taken":["M","M","?","?","M","E","R","E","T","R","E","M","E","$","R","BOSS","M","M","?","M","M","E"],"items_purchased_type":["Relic"],"build_version":"2020-12-18","purchased_purges":1,"victory":false,"max_hp_per_floor":[68,68,68,68,68,68,68,68,68,68,68,68,68,68,68,68,68,68,68,68,68,68,68,68],"relic_stats":{"Nunchaku":[5],"counters":[15,46],"Snecko Eye":[26,18,24,29],"HandDrill":[12],"Orichalcum":[36],"War Paint":["Defend_P","Defend_P"],"Smiling Mask":25,"obtain_stats":[{"Nunchaku":13,"Snecko Eye":17,"Coffee Dripper":0,"HandDrill":14,"PureWater":0,"Orichalcum":9,"War Paint":11,"Smiling Mask":6,"Toy Ornithopter":8},{"Nunchaku":9,"Snecko Eye":10,"Coffee Dripper":0,"HandDrill":9,"PureWater":0,"Orichalcum":6,"War Paint":7,"Smiling Mask":5,"Toy Ornithopter":6},{"Nunchaku":30,"Snecko Eye":34,"Coffee Dripper":0,"HandDrill":30,"PureWater":0,"Orichalcum":23,"War Paint":26,"Smiling Mask":18,"Toy Ornithopter":23}],"Toy Ornithopter":20},"card_choices":[{"not_picked":["JustLucky","ThirdEye"],"picked":"Consecrate","floor":1},{"not_picked":["Halt","Evaluate"],"picked":"FlurryOfBlows","floor":2},{"not_picked":["Study","Evaluate"],"picked":"CutThroughFate","floor":4},{"not_picked":["DevaForm","JustLucky"],"picked":"FollowUp","floor":5},{"not_picked":["ClearTheMind","Swivel"],"picked":"FearNoEvil","floor":6},{"not_picked":["JustLucky","Evaluate"],"picked":"EmptyMind","floor":8},{"not_picked":["ThirdEye","EmptyMind"],"picked":"Tantrum","floor":11},{"not_picked":["ForeignInfluence","BowlingBash"],"picked":"SignatureMove","floor":12},{"not_picked":["EmptyMind","FearNoEvil"],"picked":"Wish","floor":13},{"not_picked":["Establishment","Brilliance"],"picked":"LessonLearned","floor":16},{"not_picked":["JustLucky+1","BowlingBash","Study"],"picked":"SKIP","floor":18},{"not_picked":["CutThroughFate","Meditate","Prostrate"],"picked":"SKIP","floor":19},{"not_picked":["Conclude","FearNoEvil"],"picked":"DevaForm","floor":21},{"not_picked":["Study","EmptyBody","Conclude"],"picked":"SKIP","floor":22}],"player_experience":1121333,"relics_obtained":[{"floor":6,"key":"Smiling Mask"},{"floor":8,"key":"Toy Ornithopter"},{"floor":9,"key":"Orichalcum"},{"floor":11,"key":"War Paint"},{"floor":13,"key":"Nunchaku"}],"event_choices":[{"damage_healed":0,"gold_gain":0,"player_choice":"Upgraded","damage_taken":0,"max_hp_gain":0,"max_hp_loss":0,"event_name":"Upgrade Shrine","floor":3,"gold_loss":0,"cards_upgraded":["Consecrate"]},{"damage_healed":0,"gold_gain":0,"player_choice":"Simplicity","damage_taken":0,"max_hp_gain":0,"max_hp_loss":0,"event_name":"Back to Basics","floor":20,"gold_loss":0,"cards_upgraded":["Strike_P","Strike_P","Strike_P","Defend_P"]}],"is_beta":true,"boss_relics":[{"not_picked":["Busted Crown","Runic Dome"],"picked":"Snecko Eye"}],"items_purged_floors":[14],"is_endless":false,"potions_floor_spawned":[2,5,11,12,16,18],"killed_by":"Slavers","ascension_level":20}}