{"host":"newqdrzxfhh2im9e","time":1610168569,"event":{"mods":["AchievementEnabler","BaseMod","BetterRewards","Block Reminder","Colored Map","Jorbs\u0027s Wanderer Trilogy","Minty Spire (QoL Compilation)","Rare Cards Sparkle","Shop Mod","StSLib"],"gold_per_floor":[113,113,126,144,93,93,121,139,139,151,151,151,176,194,194,289,289,309,320,42,59,59,59,59,59],"floor_reached":24,"playtime":1145,"items_purged":[],"score":233,"play_id":"3770ea5c-30e4-4497-a4c4-a49034339868","local_time":"20210108210249","is_ascension_mode":false,"campfire_choices":[{"data":"Consecrate","floor":6,"key":"SMITH"},{"data":"Omniscience","floor":12,"key":"SMITH"},{"data":"WindmillStrike","floor":15,"key":"SMITH"},{"data":"Devotion","floor":23,"key":"SMITH"}],"circlet_count":0,"master_deck":["Strike_P","Strike_P","Strike_P","Strike_P","Defend_P","Defend_P","Defend_P","Defend_P","Eruption","Vigilance+1","Wallop+1","Indignation","Perseverance","Consecrate+1","Omniscience+1","BattleHymn","WindmillStrike+1","Devotion+1","MasterReality","TalkToTheHand"],"relics":["PureWater","Singing Bowl","Blue Candle","Akabeko","VioletLotus","Shuriken"],"acts_visited":["Exordium","TheCity"],"potions_floor_usage":[4,13,14,16,24],"damage_taken":[{"damage":0,"enemies":"2 Louse","floor":1,"turns":2},{"damage":0,"enemies":"Small Slimes","floor":3,"turns":2},{"damage":0,"enemies":"Jaw Worm","floor":4,"turns":2},{"damage":0,"enemies":"Gremlin Nob","floor":7,"turns":2},{"damage":0,"enemies":"3 Louse","floor":8,"turns":2},{"damage":0,"enemies":"2 Fungi Beasts","floor":10,"turns":4},{"damage":28,"enemies":"Lagavulin","floor":13,"turns":7},{"damage":6,"enemies":"Exordium Wildlife","floor":14,"turns":3},{"damage":8,"enemies":"The Guardian","floor":16,"turns":8},{"damage":26,"enemies":"3 Byrds","floor":18,"turns":5},{"damage":8,"enemies":"Spheric Guardian","floor":19,"turns":4},{"damage":14,"enemies":"Centurion and Healer","floor":21,"turns":7},{"damage":74,"enemies":"Slavers","floor":24,"turns":4}],"seed_played":"-5483617099086834284","potions_obtained":[{"floor":3,"key":"PowerPotion"},{"floor":8,"key":"SkillPotion"},{"floor":10,"key":"CultistPotion"},{"floor":13,"key":"Regen Potion"},{"floor":21,"key":"BottledMiracle"}],"is_trial":false,"path_per_floor":["M","?","M","M","$","R","E","M","T","M","?","R","E","M","R","B",null,"M","M","$","M","?","R","E"],"character_chosen":"WATCHER","items_purchased":["Consecrate","TalkToTheHand","Shuriken"],"campfire_rested":0,"item_purchase_floors":[5,20,20],"current_hp_per_floor":[72,72,72,72,72,72,72,74,74,76,81,81,53,56,56,48,81,57,49,49,37,65,65,0,0],"gold":59,"neow_bonus":"UPGRADE_CARD","is_daily":false,"chose_seed":false,"campfire_upgraded":4,"win_rate":0.0,"timestamp":1610168569,"path_taken":["M","?","M","M","$","R","E","M","T","M","?","R","E","M","R","BOSS","M","M","$","M","?","R","E"],"items_purchased_type":["Card","Card","Relic"],"build_version":"2020-12-22","purchased_purges":0,"victory":false,"max_hp_per_floor":[72,72,72,72,72,72,72,74,74,76,81,81,81,81,81,81,81,83,83,83,85,85,85,85,85],"card_choices":[{"not_picked":["PathToVictory","Prostrate"],"picked":"Wallop","floor":1},{"not_picked":["FlurryOfBlows","ClearTheMind"],"picked":"Indignation","floor":3},{"not_picked":["CrushJoints","Prostrate"],"picked":"Perseverance","floor":4},{"not_picked":["Wireheading","JustLucky"],"picked":"Omniscience","floor":7},{"not_picked":["ClearTheMind","Wireheading","Wallop"],"picked":"Singing Bowl","floor":8},{"not_picked":["Nirvana","FlyingSleeves","EmptyMind"],"picked":"Singing Bowl","floor":10},{"not_picked":["Indignation","Nirvana"],"picked":"BattleHymn","floor":13},{"not_picked":["CrushJoints","Weave"],"picked":"WindmillStrike","floor":14},{"not_picked":["Ragnarok","Establishment"],"picked":"Devotion","floor":16},{"not_picked":["CarveReality","EmptyFist+1","Evaluate+1"],"picked":"Singing Bowl","floor":18},{"not_picked":["JustLucky","FlurryOfBlows"],"picked":"MasterReality","floor":19},{"not_picked":["PathToVictory+1","Consecrate","CutThroughFate"],"picked":"Singing Bowl","floor":21}],"player_experience":710229,"relics_obtained":[{"floor":7,"key":"Singing Bowl"},{"floor":9,"key":"Blue Candle"},{"floor":13,"key":"Akabeko"}],"event_choices":[{"damage_healed":0,"gold_gain":0,"player_choice":"Grow","damage_taken":0,"max_hp_gain":0,"max_hp_loss":0,"event_name":"Living Wall","floor":2,"gold_loss":0,"cards_upgraded":["Wallop"]},{"damage_healed":0,"gold_gain":0,"player_choice":"Donut","damage_taken":0,"max_hp_gain":5,"max_hp_loss":0,"event_name":"Big Fish","floor":11,"gold_loss":0},{"damage_healed":28,"gold_gain":0,"player_choice":"Heal","damage_taken":0,"max_hp_gain":0,"max_hp_loss":0,"event_name":"The Library","floor":22,"gold_loss":0}],"is_beta":false,"boss_relics":[{"not_picked":["Runic Pyramid","SacredBark"],"picked":"VioletLotus"}],"items_purged_floors":[],"is_endless":false,"potions_floor_spawned":[3,8,10,13,21],"killed_by":"Slavers","ascension_level":0}}