{"host":"msa0wxqjs3jv1k3j","time":1610178304,"event":{"mods":["BaseMod","BetterRewards","Colored Map","Highlight Path","KOR Keyword Fix","Keyboard Shortcuts","Minty Spire (QoL Compilation)","Quick Restart","SuperFastMode","everything is the same but u backflip on backflip"],"gold_per_floor":[116,116,291,41,51,51,86,86,111,111,111,130,130,145,145,274,274,294,294,196,196,214,214,245,245,297,497,515,526,544,561,561,561,561],"floor_reached":33,"playtime":980,"items_purged":["Doubt"],"score":267,"play_id":"ae7d019e-4670-44ce-829a-6ce378ffd473","local_time":"20210109164504","is_ascension_mode":false,"campfire_choices":[{"data":"PiercingWail","floor":6.0,"key":"SMITH"},{"data":"Terror","floor":8.0,"key":"SMITH"},{"floor":13.0,"key":"REST"},{"data":"Deadly Poison","floor":15.0,"key":"SMITH"},{"data":"Neutralize","floor":23.0,"key":"SMITH"},{"data":"Bouncing Flask","floor":25.0,"key":"SMITH"},{"floor":32.0,"key":"REST"}],"circlet_count":0,"master_deck":["Strike_G","Strike_G","Strike_G","Strike_G","Strike_G","Defend_G","Defend_G","Defend_G","Defend_G","Defend_G","Survivor","Neutralize+1","Terror+1","All Out Attack+1","Poisoned Stab+1","PiercingWail+1","Deadly Poison+1","Poisoned Stab+1","Deflect","Slice+1","Outmaneuver+1","Bane+1","Heel Hook+1","Bouncing Flask+1","Poisoned Stab+1","Backstab+1","Bane+1","Flying Knee+1"],"relics":["Ring of the Serpent","Pocketwatch","Molten Egg 2","Sling","Regal Pillow","Sundial","TungstenRod","Juzu Bracelet","Bloody Idol","Pen Nib","Omamori"],"acts_visited":["Exordium","TheCity"],"potions_floor_usage":[33],"damage_taken":[{"damage":0.0,"enemies":"Small Slimes","floor":1.0,"turns":2.0},{"damage":3.0,"enemies":"Jaw Worm","floor":5.0,"turns":2.0},{"damage":6.0,"enemies":"Gremlin Nob","floor":7.0,"turns":4.0},{"damage":0.0,"enemies":"Cultist","floor":10.0,"turns":2.0},{"damage":11.0,"enemies":"Blue Slaver","floor":12.0,"turns":3.0},{"damage":0.0,"enemies":"Lots of Slimes","floor":14.0,"turns":3.0},{"damage":45.0,"enemies":"The Guardian","floor":16.0,"turns":7.0},{"damage":6.0,"enemies":"2 Thieves","floor":18.0,"turns":4.0},{"damage":9.0,"enemies":"Spheric Guardian","floor":22.0,"turns":4.0},{"damage":9.0,"enemies":"Gremlin Leader","floor":24.0,"turns":4.0},{"damage":27.0,"enemies":"Centurion and Healer","floor":28.0,"turns":4.0},{"damage":0.0,"enemies":"Snake Plant","floor":29.0,"turns":3.0},{"damage":5.0,"enemies":"Chosen and Byrds","floor":30.0,"turns":4.0},{"damage":18.0,"enemies":"Sentry and Sphere","floor":31.0,"turns":5.0},{"damage":75,"enemies":"Automaton","floor":33,"turns":8}],"seed_played":"-6434899540095464938","potions_obtained":[{"floor":5.0,"key":"GhostInAJar"},{"floor":7.0,"key":"DistilledChaos"},{"floor":14.0,"key":"LiquidMemories"},{"floor":24.0,"key":"Block Potion"},{"floor":28.0,"key":"EssenceOfSteel"},{"floor":29.0,"key":"LiquidMemories"},{"floor":30.0,"key":"SpeedPotion"}],"is_trial":false,"path_per_floor":["M","?","?","$","M","R","E","R","T","M","?","M","R","M","R","B",null,"M","?","$","?","M","R","E","R","T","?","M","M","M","M","R","B"],"character_chosen":"THE_SILENT","items_purchased":["Molten Egg 2","Sling","Terror","Regal Pillow","All Out Attack+1","Sundial","Bane+1"],"campfire_rested":2,"item_purchase_floors":[0,0,0,0,0,4,20],"current_hp_per_floor":[70,75,75,75,72,72,66,66,66,66,49,38,75,75,75,30,75,69,69,69,69,65,65,61,61,66,71,49,54,54,41,75,0,0],"gold":561,"neow_bonus":"","is_daily":false,"chose_seed":false,"campfire_upgraded":5,"win_rate":0.0,"timestamp":1610178304,"path_taken":["M","?","?","?","M","R","E","R","T","M","?","M","R","M","R","BOSS","M","?","$","?","M","R","E","R","T","?","M","M","M","M","R","BOSS"],"items_purchased_type":["Relic","Relic","Card","Relic","Card","Relic","Card"],"build_version":"2020-12-22","purchased_purges":1,"victory":false,"max_hp_per_floor":[70,75,75,75,75,75,75,75,75,75,75,75,75,75,75,75,75,75,75,75,75,75,75,75,75,75,75,75,75,75,75,75,75,75],"card_choices":[{"not_picked":["Slice+1","PiercingWail"],"picked":"Poisoned Stab+1","floor":1.0},{"not_picked":["Expertise","Sucker Punch+1"],"picked":"PiercingWail","floor":5.0},{"not_picked":["Acrobatics","Outmaneuver"],"picked":"Deadly Poison","floor":7.0},{"not_picked":["Slice+1","Outmaneuver"],"picked":"Poisoned Stab+1","floor":10.0},{"not_picked":["Acrobatics","Quick Slash+1"],"picked":"Deflect","floor":12.0},{"not_picked":["Backflip","Dodge and Roll"],"picked":"Slice+1","floor":14.0},{"not_picked":["PiercingWail","Prepared"],"picked":"Outmaneuver+1","floor":18.0},{"not_picked":["Prepared+1","Acrobatics"],"picked":"Heel Hook+1","floor":22.0},{"not_picked":["Backflip","PiercingWail+1"],"picked":"Bouncing Flask","floor":24.0},{"not_picked":["Bouncing Flask","Backflip"],"picked":"Poisoned Stab+1","floor":28.0},{"not_picked":["Leg Sweep","Heel Hook+1"],"picked":"Backstab+1","floor":29.0},{"not_picked":["Escape Plan","PiercingWail"],"picked":"Bane+1","floor":30.0},{"not_picked":["Burst","Skewer+1"],"picked":"Flying Knee+1","floor":31.0}],"player_experience":47449,"relics_obtained":[{"floor":7.0,"key":"TungstenRod"},{"floor":9.0,"key":"Juzu Bracelet"},{"floor":24.0,"key":"Pen Nib"},{"floor":26.0,"key":"Omamori"}],"event_choices":[{"damage_healed":0.0,"max_hp_gain":5.0,"max_hp_loss":0.0,"gold_gain":0.0,"event_name":"Big Fish","player_choice":"Donut","floor":2.0,"gold_loss":0.0,"damage_taken":0.0},{"damage_healed":0.0,"max_hp_gain":0.0,"max_hp_loss":0.0,"gold_gain":175.0,"event_name":"Liars Game","player_choice":"AGREE","floor":3.0,"gold_loss":0.0,"damage_taken":0.0,"cards_obtained":["Doubt"]},{"damage_healed":0.0,"max_hp_gain":0.0,"max_hp_loss":0.0,"gold_gain":0.0,"event_name":"Golden Idol","player_choice":"Take Damage","floor":11.0,"gold_loss":0.0,"damage_taken":18.0,"relics_obtained":["Golden Idol"]},{"damage_healed":0.0,"max_hp_gain":0.0,"max_hp_loss":0.0,"gold_gain":0.0,"event_name":"Forgotten Altar","player_choice":"Gave Idol","floor":19.0,"relics_lost":["Golden Idol"],"gold_loss":0.0,"damage_taken":0.0,"relics_obtained":["Bloody Idol"]},{"damage_healed":0.0,"max_hp_gain":0.0,"max_hp_loss":0.0,"gold_gain":0.0,"event_name":"Ghosts","player_choice":"Ignored","floor":21.0,"gold_loss":0.0,"damage_taken":0.0},{"damage_healed":0.0,"max_hp_gain":0.0,"max_hp_loss":0.0,"gold_gain":200.0,"event_name":"Wheel of Change","player_choice":"Gold","floor":27.0,"gold_loss":0.0,"damage_taken":0.0}],"is_beta":false,"boss_relics":[{"not_picked":["Runic Pyramid","SacredBark"],"picked":"Ring of the Serpent"}],"items_purged_floors":[20],"is_endless":false,"potions_floor_spawned":[5,7,14,24,28,29,30],"killed_by":"Automaton","ascension_level":0}}