{"host":"3y2rtlgteqp2nuo3","time":1610186761,"event":{"mods":["2.2 Compatiblity","AchievementEnabler","BaseMod","Colored Map","DeckTracker","Highlight Path","Keyboard Shortcuts","Minty Spire (QoL Compilation)","Permanent Neow","Quick Restart","StSLib","SuperFastMode","everything is the same but u backflip on backflip"],"gold_per_floor":[109,123,133,147,161,161,177,190,190,47,59,59,75,91,91,91,91],"floor_reached":16,"playtime":407,"items_purged":[],"score":170,"play_id":"913a7445-efaa-4036-9b7b-7cd674429068","local_time":"20210109190601","is_ascension_mode":true,"campfire_choices":[{"data":"Flash of Steel","floor":6.0,"key":"SMITH"},{"floor":12.0,"key":"REST"},{"data":"Zap","floor":15.0,"key":"SMITH"}],"circlet_count":0,"master_deck":["AscendersBane","Strike_B","Strike_B","Strike_B","Strike_B","Defend_B","Defend_B","Defend_B","Defend_B","Zap+1","Dualcast","Flash of Steel+1","Compile Driver","Ball Lightning","Sweeping Beam","Conserve Battery","Beam Cell","Scrape","Reboot","Hologram","Rip and Tear","Gash","Reboot","Go for the Eyes","Streamline","Leap"],"relics":["Cracked Core","InkBottle","Orrery"],"acts_visited":["Exordium"],"potions_floor_usage":[],"damage_taken":[{"damage":1.0,"enemies":"Cultist","floor":1.0,"turns":3.0},{"damage":4.0,"enemies":"Jaw Worm","floor":2.0,"turns":3.0},{"damage":0.0,"enemies":"2 Louse","floor":3.0,"turns":2.0},{"damage":12.0,"enemies":"Looter","floor":4.0,"turns":3.0},{"damage":13.0,"enemies":"Large Slime","floor":5.0,"turns":4.0},{"damage":11.0,"enemies":"3 Louse","floor":7.0,"turns":4.0},{"damage":1.0,"enemies":"Exordium Thugs","floor":8.0,"turns":3.0},{"damage":24.0,"enemies":"Gremlin Gang","floor":11.0,"turns":3.0},{"damage":1.0,"enemies":"Looter","floor":13.0,"turns":2.0},{"damage":6.0,"enemies":"Blue Slaver","floor":14.0,"turns":2.0},{"damage":26,"enemies":"The Guardian","floor":16,"turns":6}],"seed_played":"8738987529234652574","potions_obtained":[{"floor":1.0,"key":"FocusPotion"},{"floor":3.0,"key":"FocusPotion"},{"floor":5.0,"key":"Regen Potion"},{"floor":14.0,"key":"Ancient Potion"}],"is_trial":false,"path_per_floor":["M","M","M","M","M","R","M","M","T","$","M","R","M","M","R","B"],"character_chosen":"DEFECT","items_purchased":["Orrery"],"campfire_rested":1,"item_purchase_floors":[10],"current_hp_per_floor":[63,59,59,47,34,34,35,34,34,34,10,31,30,24,24,0,0],"gold":91,"neow_bonus":"RANDOM_COLORLESS","is_daily":false,"chose_seed":false,"campfire_upgraded":2,"win_rate":0.0,"timestamp":1610186761,"path_taken":["M","M","?","M","M","R","M","?","T","$","M","R","M","M","R","BOSS"],"items_purchased_type":["Relic"],"build_version":"2020-12-22","purchased_purges":0,"victory":false,"max_hp_per_floor":[71,71,71,71,71,71,71,71,71,71,71,71,71,71,71,71,71],"card_choices":[{"not_picked":["Dramatic Entrance","Good Instincts"],"picked":"Flash of Steel","floor":0.0},{"not_picked":["Stack","Tempest"],"picked":"Compile Driver","floor":1.0},{"not_picked":["Compile Driver","Turbo"],"picked":"Ball Lightning","floor":2.0},{"not_picked":["Coolheaded","Leap"],"picked":"Sweeping Beam","floor":3.0},{"not_picked":["Doom and Gloom","Steam"],"picked":"Conserve Battery","floor":4.0},{"not_picked":["Hello World","Conserve Battery","Force Field"],"picked":"SKIP","floor":5.0},{"not_picked":["Redo","Rip and Tear"],"picked":"Beam Cell","floor":7.0},{"not_picked":["Stack","BootSequence"],"picked":"Scrape","floor":8.0},{"not_picked":["Go for the Eyes","Rebound"],"picked":"Reboot","floor":10.0},{"not_picked":["Fission","Leap"],"picked":"Hologram","floor":10.0},{"not_picked":["Beam Cell","Conserve Battery"],"picked":"Rip and Tear","floor":10.0},{"not_picked":["Compile Driver","Conserve Battery"],"picked":"Gash","floor":10.0},{"not_picked":["Coolheaded","Sweeping Beam"],"picked":"Reboot","floor":10.0},{"not_picked":["Static Discharge","Reinforced Body"],"picked":"Go for the Eyes","floor":11.0},{"not_picked":["Loop","Auto Shields"],"picked":"Streamline","floor":13.0},{"not_picked":["Hologram","Conserve Battery"],"picked":"Leap","floor":14.0}],"player_experience":646681,"relics_obtained":[{"floor":9.0,"key":"InkBottle"}],"event_choices":[],"is_beta":false,"boss_relics":[],"items_purged_floors":[],"is_endless":false,"potions_floor_spawned":[1,3,5,14],"killed_by":"The Guardian","ascension_level":14}}