{"host":"cjhtzh7tp54jdfyv","time":1610221293,"event":{"mods":["AchievementEnabler","BaseMod","Colored Map","Colored Powertips","Curses Come First","DeckTracker","Filter the Spire","Minty Spire (QoL Compilation)","RNG Fix","Relic Sorter","Relic Stats","StSLib","UnlockEverythingMod","ojb\u0027s Better Paths Mod","ojb\u0027s Info Mod"],"gold_per_floor":[118,118,168,183,198,232,243,273,273,303,228,241,241,261,261,334,334,354,354,93,107,118,149,129,163,163,189,189,218,77,116,116,201,201,211,220,275,301,313,355,355,392,392,418,368,392,104,139,139,139,139,139,139,13,38,38],"floor_reached":57,"playtime":5002,"items_purged":["Defend_P","Defend_P","Defend_P","Defend_P","Strike_P","Strike_P"],"score":3266,"play_id":"0658697c-85b1-4b41-b09b-8e929073cebb","local_time":"20210109144133","is_ascension_mode":true,"campfire_choices":[{"data":"Eruption","floor":13.0,"key":"SMITH"},{"data":"Adaptation","floor":15.0,"key":"SMITH"},{"data":"Tantrum","floor":32.0,"key":"SMITH"},{"floor":41.0,"key":"RECALL"},{"floor":49.0,"key":"REST"},{"floor":53.0,"key":"REST"}],"circlet_count":0,"master_deck":["AscendersBane","Strike_P+1","Strike_P","Eruption+1","Vigilance+1","JustLucky+1","Consecrate+1","CrushJoints+1","FlurryOfBlows","Adaptation+1","DeusExMachina+1","Tantrum+1","Wallop","FollowUp","InnerPeace+1","JustLucky+1","Weave+1","LessonLearned","Impatience+1","Crescendo+1","WheelKick","EmptyMind+1","JustLucky+1","FlurryOfBlows+1","TalkToTheHand+1","Sanctity+1","FearNoEvil"],"relics":["Runic Pyramid","Oddly Smooth Stone","Anchor","Singing Bowl","Bronze Scales","VioletLotus","ClockworkSouvenir","Smiling Mask","Letter Opener","HornCleat","CeramicFish","MutagenicStrength","Meat on the Bone","Akabeko","Fusion Hammer","Pocketwatch","InkBottle","Toy Ornithopter","War Paint","Pear","Damaru"],"acts_visited":["Exordium","TheCity","TheBeyond","TheEnding"],"potions_floor_usage":[55,56],"damage_taken":[{"damage":0.0,"enemies":"Cultist","floor":1.0,"turns":3.0},{"damage":0.0,"enemies":"Jaw Worm","floor":4.0,"turns":4.0},{"damage":1.0,"enemies":"2 Louse","floor":5.0,"turns":2.0},{"damage":3.0,"enemies":"Gremlin Nob","floor":6.0,"turns":3.0},{"damage":0.0,"enemies":"Looter","floor":7.0,"turns":3.0},{"damage":11.0,"enemies":"3 Sentries","floor":8.0,"turns":6.0},{"damage":0.0,"enemies":"Lagavulin","floor":10.0,"turns":4.0},{"damage":4.0,"enemies":"Exordium Wildlife","floor":12.0,"turns":3.0},{"damage":0.0,"enemies":"Large Slime","floor":14.0,"turns":3.0},{"damage":9.0,"enemies":"Hexaghost","floor":16.0,"turns":6.0},{"damage":0.0,"enemies":"Chosen","floor":18.0,"turns":3.0},{"damage":0.0,"enemies":"3 Byrds","floor":21.0,"turns":3.0},{"damage":24.0,"enemies":"Cultist and Chosen","floor":22.0,"turns":3.0},{"damage":1.0,"enemies":"Gremlin Leader","floor":23.0,"turns":4.0},{"damage":18.0,"enemies":"Book of Stabbing","floor":25.0,"turns":4.0},{"damage":2.0,"enemies":"Gremlin Leader","floor":27.0,"turns":4.0},{"damage":15.0,"enemies":"Slavers","floor":29.0,"turns":3.0},{"damage":0.0,"enemies":"Gremlin Leader","floor":31.0,"turns":2.0},{"damage":5.0,"enemies":"Champ","floor":33.0,"turns":4.0},{"damage":0.0,"enemies":"3 Darklings","floor":35.0,"turns":3.0},{"damage":15.0,"enemies":"2 Orb Walkers","floor":37.0,"turns":4.0},{"damage":0.0,"enemies":"Orb Walker","floor":38.0,"turns":2.0},{"damage":0.0,"enemies":"Writhing Mass","floor":39.0,"turns":2.0},{"damage":2.0,"enemies":"Nemesis","floor":40.0,"turns":3.0},{"damage":0.0,"enemies":"Reptomancer","floor":42.0,"turns":2.0},{"damage":2.0,"enemies":"Maw","floor":44.0,"turns":3.0},{"damage":0.0,"enemies":"Sphere and 2 Shapes","floor":46.0,"turns":3.0},{"damage":0.0,"enemies":"Nemesis","floor":48.0,"turns":3.0},{"damage":9.0,"enemies":"Time Eater","floor":50.0,"turns":3.0},{"damage":0.0,"enemies":"Awakened One","floor":51.0,"turns":4.0},{"damage":0,"enemies":"Shield and Spear","floor":55,"turns":3},{"damage":94,"enemies":"The Heart","floor":56,"turns":5}],"seed_played":"3823422382688133695","potions_obtained":[{"floor":2.0,"key":"DistilledChaos"},{"floor":2.0,"key":"SpeedPotion"},{"floor":6.0,"key":"PowerPotion"},{"floor":7.0,"key":"Energy Potion"},{"floor":16.0,"key":"Regen Potion"},{"floor":25.0,"key":"SkillPotion"},{"floor":27.0,"key":"StancePotion"},{"floor":35.0,"key":"SkillPotion"},{"floor":38.0,"key":"FearPotion"},{"floor":40.0,"key":"SpeedPotion"},{"floor":42.0,"key":"Fire Potion"}],"is_trial":false,"path_per_floor":["M","?","?","M","M","E","M","E","T","E","$","M","R","M","R","B",null,"M","?","$","M","M","E","?","E","T","E","?","E","$","E","R","B",null,"M","?","?","M","M","E","R","E","T","M","$","M","$","E","R","B","B",null,"R","$","E","B",null],"character_chosen":"WATCHER","items_purchased":["ClockworkSouvenir","InnerPeace","JustLucky","TalkToTheHand","War Paint","FearNoEvil"],"campfire_rested":2,"item_purchase_floors":[20,30,30,47,47,54],"current_hp_per_floor":[61,61,55,55,54,51,51,40,40,40,40,38,38,40,40,31,62,64,64,64,64,40,41,41,37,37,37,37,24,24,36,36,43,72,74,68,55,55,57,55,55,55,55,53,53,53,53,63,93,84,84,98,102,102,104,22],"gold":38,"neow_bonus":"BOSS_RELIC","is_daily":false,"chose_seed":false,"campfire_upgraded":3,"win_rate":0.0,"timestamp":1610221293,"path_taken":["M","?","?","M","M","E","M","E","T","E","$","M","R","M","R","BOSS","M","?","$","M","M","E","?","E","T","E","?","E","$","E","R","BOSS","M","?","?","M","?","E","R","E","T","M","$","M","?","E","R","BOSS","BOSS","R","$","E","BOSS"],"items_purchased_type":["Relic","Card","Card","Card","Relic","Card"],"build_version":"2020-12-22","purchased_purges":6,"victory":true,"max_hp_per_floor":[68,68,68,68,68,68,68,68,68,68,68,70,70,72,72,72,72,74,74,74,74,74,76,76,78,78,80,80,82,82,82,82,82,82,84,88,90,90,92,92,92,92,92,92,92,92,92,102,102,102,102,102,102,102,104,104],"relic_stats":{"Singing Bowl":26,"counters":[32,107],"CeramicFish":117,"Letter Opener":[90],"War Paint":["EmptyMind","Vigilance"],"Smiling Mask":450,"Bronze Scales":[259],"VioletLotus":[34],"obtain_stats":[{"Pear":48,"Singing Bowl":9,"CeramicFish":27,"Oddly Smooth Stone":6,"Damaru":55,"Letter Opener":25,"War Paint":47,"Smiling Mask":23,"Akabeko":31,"ClockworkSouvenir":20,"Anchor":8,"HornCleat":26,"Bronze Scales":10,"MutagenicStrength":28,"VioletLotus":17,"Fusion Hammer":34,"PureWater":0,"InkBottle":40,"Toy Ornithopter":42,"Runic Pyramid":0,"Meat on the Bone":29,"Pocketwatch":37},{"Pear":28,"Singing Bowl":6,"CeramicFish":16,"Oddly Smooth Stone":4,"Damaru":31,"Letter Opener":15,"War Paint":27,"Smiling Mask":14,"Akabeko":18,"ClockworkSouvenir":11,"Anchor":6,"HornCleat":15,"Bronze Scales":7,"MutagenicStrength":16,"VioletLotus":10,"Fusion Hammer":19,"PureWater":0,"InkBottle":24,"Toy Ornithopter":25,"Runic Pyramid":0,"Meat on the Bone":17,"Pocketwatch":21},{"Pear":92,"Singing Bowl":21,"CeramicFish":58,"Oddly Smooth Stone":12,"Damaru":102,"Letter Opener":54,"War Paint":89,"Smiling Mask":50,"Akabeko":63,"ClockworkSouvenir":40,"Anchor":21,"HornCleat":54,"Bronze Scales":25,"MutagenicStrength":58,"VioletLotus":37,"Fusion Hammer":67,"PureWater":0,"InkBottle":81,"Toy Ornithopter":83,"Runic Pyramid":0,"Meat on the Bone":61,"Pocketwatch":74}],"InkBottle":[24],"Toy Ornithopter":0,"Meat on the Bone":36,"Pocketwatch":[15]},"card_choices":[{"not_picked":["CutThroughFate","ThirdEye"],"picked":"JustLucky","floor":1.0},{"not_picked":["Fasting2","EmptyBody","Wireheading"],"picked":"SKIP","floor":4.0},{"not_picked":["Fasting2","EmptyBody","Wireheading"],"picked":"SKIP","floor":4.0},{"not_picked":["CutThroughFate","ClearTheMind"],"picked":"Consecrate","floor":5.0},{"not_picked":["ReachHeaven","ClearTheMind","Halt"],"picked":"SKIP","floor":6.0},{"not_picked":["CutThroughFate","Nirvana"],"picked":"CrushJoints","floor":7.0},{"not_picked":["BowlingBash","Indignation"],"picked":"FlurryOfBlows","floor":8.0},{"not_picked":["SashWhip","CutThroughFate"],"picked":"Adaptation","floor":10.0},{"not_picked":["ForeignInfluence","ClearTheMind","SashWhip"],"picked":"Singing Bowl","floor":12.0},{"not_picked":["SashWhip","Nirvana","SignatureMove"],"picked":"Singing Bowl","floor":14.0},{"not_picked":["Judgement","Ragnarok"],"picked":"DeusExMachina","floor":16.0},{"not_picked":["ThirdEye","Crescendo","Swivel"],"picked":"Singing Bowl","floor":18.0},{"not_picked":["SashWhip","Consecrate"],"picked":"Wallop","floor":21.0},{"not_picked":["SandsOfTime","Devotion"],"picked":"FollowUp","floor":22.0},{"not_picked":["CrushJoints","SashWhip","Prostrate"],"picked":"Singing Bowl","floor":23.0},{"not_picked":["SandsOfTime+1","Judgement","Protect"],"picked":"Singing Bowl","floor":25.0},{"not_picked":["Pray","Wireheading","Conclude"],"picked":"Singing Bowl","floor":27.0},{"not_picked":["SashWhip","FlyingSleeves","Consecrate"],"picked":"Singing Bowl","floor":29.0},{"not_picked":["Devotion","CrushJoints"],"picked":"Weave","floor":31.0},{"not_picked":["DevaForm","ConjureBlade"],"picked":"LessonLearned","floor":33.0},{"not_picked":["Crescendo","FollowUp","Worship+1"],"picked":"Singing Bowl","floor":35.0},{"not_picked":["Mayhem","Panache","Panacea"],"picked":"Singing Bowl","floor":36.0},{"not_picked":["Good Instincts","Panacea","Blind"],"picked":"Singing Bowl","floor":36.0},{"not_picked":["Good Instincts","Finesse"],"picked":"Impatience","floor":36.0},{"not_picked":["Crescendo","EmptyBody","Worship"],"picked":"Singing Bowl","floor":37.0},{"not_picked":["BowlingBash","EmptyFist"],"picked":"Crescendo+1","floor":38.0},{"not_picked":["Consecrate","ThirdEye","EmptyFist"],"picked":"Singing Bowl","floor":39.0},{"not_picked":["Evaluate+1","Prostrate+1"],"picked":"WheelKick","floor":40.0},{"not_picked":["Study+1","CrushJoints"],"picked":"EmptyMind","floor":42.0},{"not_picked":["Crescendo","Study+1"],"picked":"JustLucky+1","floor":44.0},{"not_picked":["FlyingSleeves","WindmillStrike"],"picked":"FlurryOfBlows+1","floor":46.0},{"not_picked":["Establishment","BattleHymn"],"picked":"Sanctity","floor":48.0},{"not_picked":["CrushJoints","Wireheading","Tantrum"],"picked":"Singing Bowl","floor":55}],"player_experience":4387109,"relics_obtained":[{"floor":6.0,"key":"Oddly Smooth Stone"},{"floor":8.0,"key":"Anchor"},{"floor":9.0,"key":"Singing Bowl"},{"floor":10.0,"key":"Bronze Scales"},{"floor":23.0,"key":"Smiling Mask"},{"floor":25.0,"key":"Letter Opener"},{"floor":26.0,"key":"HornCleat"},{"floor":27.0,"key":"CeramicFish"},{"floor":29.0,"key":"Meat on the Bone"},{"floor":31.0,"key":"Akabeko"},{"floor":37.0,"key":"Pocketwatch"},{"floor":40.0,"key":"InkBottle"},{"floor":42.0,"key":"Toy Ornithopter"},{"floor":48.0,"key":"Pear"},{"floor":55,"key":"Damaru"}],"event_choices":[{"damage_healed":0.0,"max_hp_gain":0.0,"max_hp_loss":0.0,"gold_gain":0.0,"event_name":"Lab","player_choice":"Got Potions","floor":2.0,"gold_loss":0.0,"damage_taken":0.0},{"damage_healed":0.0,"max_hp_gain":0.0,"max_hp_loss":0.0,"gold_gain":50.0,"event_name":"FaceTrader","player_choice":"Touch","floor":3.0,"gold_loss":0.0,"damage_taken":6.0},{"damage_healed":0.0,"max_hp_gain":0.0,"max_hp_loss":0.0,"gold_gain":0.0,"event_name":"The Library","player_choice":"Read","floor":19.0,"gold_loss":0.0,"damage_taken":0.0,"cards_obtained":["Tantrum"]},{"damage_healed":0.0,"max_hp_gain":0.0,"max_hp_loss":0.0,"gold_gain":0.0,"event_name":"The Woman in Blue","player_choice":"Bought 1 Potion","floor":24.0,"gold_loss":0.0,"damage_taken":0.0},{"damage_healed":0.0,"max_hp_gain":0.0,"max_hp_loss":0.0,"gold_gain":0.0,"event_name":"Drug Dealer","player_choice":"Inject Mutagens","floor":28.0,"gold_loss":0.0,"damage_taken":0.0,"relics_obtained":["MutagenicStrength"]},{"damage_healed":0.0,"max_hp_gain":0.0,"max_hp_loss":0.0,"gold_gain":0.0,"event_name":"SensoryStone","player_choice":"Memory 3","floor":36.0,"gold_loss":0.0,"damage_taken":10.0},{"damage_healed":0.0,"max_hp_gain":0.0,"max_hp_loss":0.0,"gold_gain":0.0,"event_name":"Mysterious Sphere","player_choice":"Fight","floor":37.0,"gold_loss":0.0,"damage_taken":0.0}],"is_beta":false,"boss_relics":[{"not_picked":["Snecko Eye","Busted Crown"],"picked":"VioletLotus"},{"not_picked":["Tiny House","SacredBark"],"picked":"Fusion Hammer"}],"items_purged_floors":[11,20,30,45,47,54],"is_endless":false,"potions_floor_spawned":[4,6,7,16,18,25,27,35,38,40,42,48],"ascension_level":20}}