{"host":"i2dzm7mf0pic4rds","time":1610226906,"event":{"mods":["BaseMod","Minty Spire (QoL Compilation)","Permanent Neow","Quick Restart","StSLib"],"gold_per_floor":[116,116,116,116,136,136,86,86,86,86,101,101,122,138,138,264,327,348,348,386,485,509,509,509],"floor_reached":23,"playtime":717,"items_purged":[],"score":179,"play_id":"8a7165d3-d517-4852-9c90-2af227c220a5","local_time":"20210109221506","daily_mods":["Heirloom"],"is_ascension_mode":false,"campfire_choices":[{"data":"Deadly Poison","floor":6,"key":"SMITH"},{"data":"Deadly Poison","floor":8,"key":"SMITH"},{"data":"Poisoned Stab","floor":15,"key":"SMITH"}],"circlet_count":0,"master_deck":["Strike_G","Strike_G+1","Strike_G","Strike_G","Defend_G+1","Defend_G","Defend_G","Defend_G","Defend_G","Survivor","Neutralize+1","Deadly Poison+1","Deadly Poison+1","Poisoned Stab+1","Backflip","Cloak And Dagger+1"],"relics":["Ring of the Snake","Incense Burner","Golden Idol","Girya","Tiny House","Red Mask"],"acts_visited":["Exordium","TheCity"],"potions_floor_usage":[18,20,20],"damage_taken":[{"damage":0,"enemies":"Cultist","floor":1,"turns":4},{"damage":0,"enemies":"Jaw Worm","floor":5,"turns":4},{"damage":0,"enemies":"Small Slimes","floor":11,"turns":3},{"damage":0,"enemies":"2 Fungi Beasts","floor":13,"turns":3},{"damage":0,"enemies":"Looter","floor":14,"turns":4},{"damage":16,"enemies":"The Guardian","floor":16,"turns":8},{"damage":15,"enemies":"2 Thieves","floor":18,"turns":5},{"damage":36,"enemies":"Masked Bandits","floor":20,"turns":6},{"damage":0,"enemies":"Chosen","floor":22,"turns":5},{"damage":19,"enemies":"Book of Stabbing","floor":23,"turns":5}],"seed_played":"4785616219391686851","potions_obtained":[{"floor":1,"key":"Strength Potion"},{"floor":11,"key":"LiquidMemories"},{"floor":13,"key":"CunningPotion"},{"floor":14,"key":"Block Potion"},{"floor":16,"key":"CultistPotion"},{"floor":18,"key":"PowerPotion"}],"is_trial":true,"path_per_floor":["M","?","?","?","M","R","?","R","T","$","M","$","M","M","R","B",null,"M","$","?","?","M","E"],"character_chosen":"THE_SILENT","items_purchased":[],"campfire_rested":0,"item_purchase_floors":[],"current_hp_per_floor":[70,75,60,42,42,42,42,42,42,42,42,42,42,42,42,26,80,65,65,29,29,29,10,10],"gold":509,"neow_bonus":"","is_daily":false,"chose_seed":false,"campfire_upgraded":3,"win_rate":0.0,"timestamp":1610226906,"path_taken":["M","?","?","?","M","R","?","R","T","$","M","$","M","M","R","BOSS","M","$","?","?","M","E"],"items_purchased_type":[],"build_version":"2020-12-22","purchased_purges":0,"victory":false,"max_hp_per_floor":[70,75,75,75,75,75,75,75,75,75,75,75,75,75,75,75,80,80,80,80,80,80,80,80],"card_choices":[{"not_picked":["Heel Hook","Bane"],"picked":"Deadly Poison","floor":1},{"not_picked":["Tactician","Accuracy"],"picked":"Deadly Poison","floor":5},{"not_picked":["PiercingWail","Dodge and Roll","Prepared"],"picked":"SKIP","floor":11},{"not_picked":["Sucker Punch","PiercingWail","Dodge and Roll"],"picked":"SKIP","floor":13},{"not_picked":["Blur","Dagger Throw"],"picked":"Poisoned Stab","floor":14},{"not_picked":["Dagger Throw","Accuracy"],"picked":"Backflip","floor":18},{"not_picked":["Masterful Stab","Calculated Gamble+1"],"picked":"Cloak And Dagger+1","floor":22}],"player_experience":138087,"relics_obtained":[{"floor":9,"key":"Girya"},{"floor":20,"key":"Red Mask"}],"event_choices":[{"damage_healed":0,"gold_gain":0,"player_choice":"Donut","damage_taken":0,"max_hp_gain":5,"max_hp_loss":0,"event_name":"Big Fish","floor":2,"gold_loss":0},{"damage_healed":0,"gold_gain":0,"player_choice":"Entered Light","damage_taken":15,"max_hp_gain":0,"max_hp_loss":0,"event_name":"Shining Light","floor":3,"gold_loss":0,"cards_upgraded":["Neutralize","Strike_G"]},{"damage_healed":0,"gold_gain":0,"player_choice":"Take Damage","damage_taken":18,"relics_obtained":["Golden Idol"],"max_hp_gain":0,"max_hp_loss":0,"event_name":"Golden Idol","floor":4,"gold_loss":0},{"cards_removed":["Strike_G"],"damage_healed":0,"gold_gain":0,"player_choice":"Card Removal","damage_taken":0,"max_hp_gain":0,"max_hp_loss":0,"event_name":"The Cleric","floor":7,"gold_loss":50},{"damage_healed":0,"gold_gain":0,"player_choice":"Fought Bandits","damage_taken":0,"max_hp_gain":0,"max_hp_loss":0,"event_name":"Masked Bandits","floor":20,"gold_loss":0},{"damage_healed":0,"gold_gain":99,"player_choice":"Stole From Cult","damage_taken":0,"max_hp_gain":0,"max_hp_loss":0,"event_name":"Nest","floor":21,"gold_loss":0}],"is_beta":false,"boss_relics":[{"not_picked":["Black Star","HoveringKite"],"picked":"Tiny House"}],"items_purged_floors":[],"is_endless":false,"potions_floor_spawned":[1,11,13,14,16,18],"killed_by":"Book of Stabbing","ascension_level":0}}