{"host":"ydujlihd8f5px9gp","time":1610231768,"event":{"mods":["AchievementEnabler","BaseMod","Block Reminder","Colored Map","Minty Spire (QoL Compilation)","ojb\u0027s Info Mod"],"gold_per_floor":[116,135,145,245,127,127,161,177,177,177,193,69,81,97,97,201,201,185,196,216,216,216,250,250,285,354,5,5,37,62,76,76,180,180,199,7,24,24,79,79,79,105,105,105,105,105],"floor_reached":45,"playtime":2362,"items_purged":["Defend_G","Strike_G+1"],"score":552,"play_id":"40c70132-c9ee-4aa6-b87b-9aabdf445b85","local_time":"20210109203608","is_ascension_mode":true,"campfire_choices":[{"data":"Noxious Fumes","floor":6,"key":"SMITH"},{"data":"Caltrops","floor":10,"key":"SMITH"},{"data":"Dash","floor":15,"key":"SMITH"},{"data":"Burst","floor":24,"key":"SMITH"},{"data":"Crippling Poison","floor":28,"key":"SMITH"},{"floor":32,"key":"REST"},{"data":"Caltrops","floor":40,"key":"SMITH"},{"data":"Cloak And Dagger","floor":44,"key":"SMITH"}],"circlet_count":0,"master_deck":["Strike_G+1","Strike_G+1","Defend_G+1","Defend_G+1","Defend_G+1","Survivor","Neutralize","Caltrops+1","Backflip","Noxious Fumes+1","Poisoned Stab","PiercingWail","Backflip","Dash+1","Burst+1","Poisoned Stab+1","Crippling Poison+1","Cloak And Dagger+1","Leg Sweep+1","Caltrops+1","Bane+1","Footwork","Bane+1","Dark Shackles","Cloak And Dagger+1"],"relics":["SlaversCollar","White Beast Statue","Unceasing Top","Empty Cage","Turnip","Snake Skull","Bottled Flame","Oddly Smooth Stone","Shuriken","MealTicket","Black Star","PreservedInsect","StoneCalendar","InkBottle","Bag of Marbles","Thread and Needle"],"acts_visited":["Exordium","TheCity","TheBeyond"],"potions_floor_usage":[11,14,16,18,18,20,23,23,25,29,31,33,33,33,35,37,39,39,42,45],"damage_taken":[{"damage":0,"enemies":"Jaw Worm","floor":1,"turns":5},{"damage":0,"enemies":"Cultist","floor":2,"turns":4},{"damage":3,"enemies":"Small Slimes","floor":3,"turns":5},{"damage":10,"enemies":"3 Sentries","floor":7,"turns":8},{"damage":7,"enemies":"3 Louse","floor":8,"turns":4},{"damage":0,"enemies":"Large Slime","floor":11,"turns":5},{"damage":5,"enemies":"Looter","floor":13,"turns":4},{"damage":3,"enemies":"Lots of Slimes","floor":14,"turns":2},{"damage":26,"enemies":"Slime Boss","floor":16,"turns":9},{"damage":10,"enemies":"2 Thieves","floor":18,"turns":4},{"damage":7,"enemies":"Shell Parasite","floor":19,"turns":6},{"damage":11,"enemies":"Centurion and Healer","floor":20,"turns":8},{"damage":3,"enemies":"Book of Stabbing","floor":23,"turns":5},{"damage":9,"enemies":"Gremlin Leader","floor":25,"turns":7},{"damage":8,"enemies":"Slavers","floor":29,"turns":4},{"damage":4,"enemies":"Shelled Parasite and Fungi","floor":31,"turns":5},{"damage":21,"enemies":"Collector","floor":33,"turns":8},{"damage":12,"enemies":"Orb Walker","floor":35,"turns":4},{"damage":3,"enemies":"3 Shapes","floor":37,"turns":4},{"damage":74,"enemies":"2 Orb Walkers","floor":39,"turns":6},{"damage":0,"enemies":"Reptomancer","floor":42,"turns":7},{"damage":24,"enemies":"Transient","floor":45,"turns":5}],"seed_played":"-8449893360070456543","potions_obtained":[{"floor":1,"key":"SteroidPotion"},{"floor":3,"key":"Explosive Potion"},{"floor":8,"key":"Fire Potion"},{"floor":11,"key":"LiquidBronze"},{"floor":13,"key":"FearPotion"},{"floor":14,"key":"LiquidBronze"},{"floor":16,"key":"AttackPotion"},{"floor":18,"key":"AttackPotion"},{"floor":19,"key":"BlessingOfTheForge"},{"floor":20,"key":"AttackPotion"},{"floor":23,"key":"Regen Potion"},{"floor":25,"key":"DistilledChaos"},{"floor":29,"key":"EntropicBrew"},{"floor":31,"key":"Strength Potion"},{"floor":33,"key":"CunningPotion"},{"floor":35,"key":"Swift Potion"},{"floor":37,"key":"FearPotion"},{"floor":39,"key":"PowerPotion"},{"floor":42,"key":"Swift Potion"}],"is_trial":false,"path_per_floor":["M","M","M","?","$","R","E","M","T","R","M","$","M","M","R","B",null,"M","M","M","$","?","E","R","E","T","$","R","E","T","M","R","B",null,"M","$","M","?","?","R","?","E","T","R","M"],"character_chosen":"THE_SILENT","items_purchased":["Noxious Fumes","Poisoned Stab","Backflip","Oddly Smooth Stone","FairyPotion","PreservedInsect","Footwork"],"campfire_rested":1,"item_purchase_floors":[5,5,12,27,27,36,36],"current_hp_per_floor":[70,70,67,67,67,67,57,50,50,50,50,50,45,42,42,16,70,60,53,42,42,42,39,39,45,45,45,45,37,37,33,54,33,70,58,70,67,67,15,15,15,15,15,15,0,0],"gold":105,"neow_bonus":"BOSS_RELIC","is_daily":false,"chose_seed":false,"campfire_upgraded":7,"win_rate":0.0,"timestamp":1610231768,"path_taken":["M","M","M","?","$","R","E","M","T","R","M","?","?","M","R","BOSS","M","M","M","$","?","E","R","E","T","$","R","E","?","M","R","BOSS","M","$","M","?","?","R","?","E","T","R","M"],"items_purchased_type":["Card","Card","Card","Relic","Potion","Relic","Card"],"build_version":"2020-12-22","purchased_purges":2,"victory":false,"max_hp_per_floor":[70,70,70,70,70,70,70,70,70,70,70,70,70,70,70,70,70,70,70,70,70,70,70,70,70,70,70,70,70,70,70,70,70,70,70,70,70,70,70,70,70,70,70,70,70,70],"card_choices":[{"not_picked":["Leg Sweep","Underhanded Strike"],"picked":"Caltrops","floor":1},{"not_picked":["Underhanded Strike","Poisoned Stab"],"picked":"Backflip","floor":2},{"not_picked":["Skewer","Bane","Deflect"],"picked":"SKIP","floor":3},{"not_picked":["Dagger Spray","Die Die Die"],"picked":"PiercingWail","floor":7},{"not_picked":["Acrobatics","Calculated Gamble","Dagger Throw"],"picked":"SKIP","floor":8},{"not_picked":["Skewer","Acrobatics","Flying Knee"],"picked":"SKIP","floor":11},{"not_picked":["Calculated Gamble","Deflect","Flying Knee"],"picked":"SKIP","floor":13},{"not_picked":["Outmaneuver","Underhanded Strike"],"picked":"Dash","floor":14},{"not_picked":["Tools of the Trade","Die Die Die"],"picked":"Burst","floor":16},{"not_picked":["Endless Agony","Eviscerate"],"picked":"Poisoned Stab+1","floor":18},{"not_picked":["Dagger Spray","Underhanded Strike+1"],"picked":"Crippling Poison","floor":19},{"not_picked":["Dodge and Roll","Acrobatics+1"],"picked":"Cloak And Dagger","floor":20},{"not_picked":["Dash","Outmaneuver+1","PiercingWail"],"picked":"SKIP","floor":23},{"not_picked":["Blur","Dash+1"],"picked":"Leg Sweep+1","floor":25},{"not_picked":["Venomology","Poisoned Stab"],"picked":"Caltrops","floor":29},{"not_picked":["Expertise","Accuracy","Finisher"],"picked":"SKIP","floor":31},{"not_picked":["Underhanded Strike","Acrobatics+1"],"picked":"Bane+1","floor":35},{"not_picked":["Sucker Punch","Deflect"],"picked":"Bane+1","floor":37},{"not_picked":["Discovery","Violence"],"picked":"Dark Shackles","floor":41},{"not_picked":["Dagger Spray","Poisoned Stab"],"picked":"Cloak And Dagger+1","floor":42}],"player_experience":104815,"relics_obtained":[{"floor":7,"key":"White Beast Statue"},{"floor":9,"key":"Unceasing Top"},{"floor":23,"key":"Turnip"},{"floor":25,"key":"Snake Skull"},{"floor":26,"key":"Bottled Flame"},{"floor":29,"key":"Shuriken"},{"floor":30,"key":"MealTicket"},{"floor":39,"key":"StoneCalendar"},{"floor":42,"key":"InkBottle"},{"floor":42,"key":"Bag of Marbles"},{"floor":43,"key":"Thread and Needle"}],"event_choices":[{"damage_healed":0,"gold_gain":100,"player_choice":"Pray","damage_taken":0,"max_hp_gain":0,"max_hp_loss":0,"event_name":"Golden Shrine","floor":4,"gold_loss":0},{"damage_healed":0,"gold_gain":0,"player_choice":"Simplicity","damage_taken":0,"max_hp_gain":0,"max_hp_loss":0,"event_name":"Back to Basics","floor":22,"gold_loss":0,"cards_upgraded":["Strike_G","Strike_G","Strike_G","Strike_G","Defend_G","Defend_G","Defend_G"]},{"cards_removed":["Strike_G"],"damage_healed":0,"gold_gain":0,"player_choice":"Removed Attack","damage_taken":0,"max_hp_gain":0,"max_hp_loss":0,"event_name":"Falling","floor":38,"gold_loss":0},{"damage_healed":0,"gold_gain":0,"player_choice":"Fight","damage_taken":0,"max_hp_gain":0,"max_hp_loss":0,"event_name":"Mysterious Sphere","floor":39,"gold_loss":0},{"damage_healed":0,"gold_gain":0,"player_choice":"Memory 1","damage_taken":0,"max_hp_gain":0,"max_hp_loss":0,"event_name":"SensoryStone","floor":41,"gold_loss":0}],"is_beta":false,"boss_relics":[{"not_picked":["Astrolabe","Cursed Key"],"picked":"Empty Cage"},{"not_picked":["WristBlade","Runic Dome"],"picked":"Black Star"}],"items_purged_floors":[12,27],"is_endless":false,"potions_floor_spawned":[1,3,8,11,13,14,16,18,19,20,23,25,29,31,33,35,37,39,42],"killed_by":"Transient","ascension_level":1}}