{"host":"tjicewryrzew529r","time":1610199845,"event":{"mods":["AchievementEnabler","BaseMod","Block Reminder","Colored Map","Downfall","Highlight Path","Minty Spire (QoL Compilation)","StSLib"],"gold_per_floor":[0,18,34,49,199,217,242,266,266,283,308,319,244,29,45,146,146,146,157,157,167,184,184,184,109,109,109,109],"floor_reached":26,"playtime":1751,"items_purged":["Guardian:Strike_Guardian"],"score":259,"play_id":"9e91f503-0f5f-4fe8-abcf-3fe5046099e8","local_time":"20210109214405","is_ascension_mode":true,"campfire_choices":[{"data":"Guardian:TwinSlam","floor":1.0,"key":"SMITH"},{"floor":9.0,"key":"RECALL"},{"floor":13.0,"key":"REST"},{"data":"Guardian:GemFinder","floor":18,"key":"SMITH"},{"data":"Guardian:ChargeUp","floor":23,"key":"SMITH"},{"data":"Guardian:Emergency","floor":25,"key":"SMITH"}],"circlet_count":0,"master_deck":["Guardian:Strike_Guardian","Guardian:Defend_Guardian","Guardian:Defend_Guardian","Guardian:Defend_Guardian","Guardian:CurlUp","Guardian:TwinSlam+1","Guardian:ChargeUp+1","Guardian:Preprogram","Guardian:DonusPower","Guardian:AncientConstruct","Guardian:Emergency+1","Guardian:Reroute","Guardian:ChargeCore","Guardian:GemFinder+1","Writhe"],"relics":["Guardian:ModeShifter","Smiling Mask","Odd Mushroom","Nunchaku","downfall:HeartBlessingRed","Blood Vial","Empty Cage","Blue Candle","downfall:HeartBlessingBlue"],"acts_visited":["Exordium","TheCity"],"potions_floor_usage":[],"damage_taken":[{"damage":0.0,"enemies":"Small Slimes","floor":2.0,"turns":3.0},{"damage":0.0,"enemies":"Jaw Worm","floor":3.0,"turns":3.0},{"damage":0.0,"enemies":"2 Louse","floor":4.0,"turns":2.0},{"damage":6.0,"enemies":"Exordium Thugs","floor":6.0,"turns":3.0},{"damage":9.0,"enemies":"The Mushroom Lair","floor":8.0,"turns":5.0},{"damage":10.0,"enemies":"Blue Slaver","floor":10.0,"turns":3.0},{"damage":0.0,"enemies":"Gremlin Nob","floor":11.0,"turns":2.0},{"damage":34.0,"enemies":"Gremlin Gang","floor":12.0,"turns":4.0},{"damage":10,"enemies":"downfall:FleeingMerchant","floor":14,"turns":4},{"damage":12,"enemies":"Red Slaver","floor":15,"turns":3},{"damage":24,"enemies":"downfall:Watcher","floor":16,"turns":8},{"damage":22,"enemies":"Spheric Guardian","floor":19,"turns":4},{"damage":15,"enemies":"Shelled Parasite and Fungi","floor":21,"turns":5},{"damage":33,"enemies":"Snake Plant","floor":22,"turns":5},{"damage":26,"enemies":"Gremlin Leader","floor":26,"turns":6}],"seed_played":"1848470745203271026","potions_obtained":[{"floor":6.0,"key":"AttackPotion"},{"floor":10.0,"key":"SteroidPotion"},{"floor":12.0,"key":"SpeedPotion"}],"is_trial":false,"path_per_floor":["R","M","M","M","?","M","T","?","R","M","E","M","R","$","M","B",null,"R","M","?","M","M","R","T","R","E"],"character_chosen":"GUARDIAN","items_purchased":["Blood Vial"],"campfire_rested":1,"item_purchase_floors":[14],"current_hp_per_floor":[80,80,80,80,80,74,74,65,65,55,55,21,45,35,25,3,80,80,58,58,45,14,14,14,24,0,0,0],"gold":109,"neow_bonus":"REMOVE_TWO","is_daily":false,"chose_seed":false,"campfire_upgraded":4,"win_rate":0.0,"timestamp":1610199845,"path_taken":["R","M","M","M","?","M","T","?","R","M","E","?","R","$","M","BOSS","R","M","?","M","M","R","T","R","E"],"items_purchased_type":["Relic"],"build_version":"2020-12-22","purchased_purges":1,"victory":false,"max_hp_per_floor":[80,80,80,80,80,80,80,80,80,80,80,80,80,80,80,80,80,80,80,80,80,80,80,80,90,90,90,90],"card_choices":[{"not_picked":["Guardian:Gem_Green","Guardian:Gem_Red"],"picked":"Guardian:ChargeUp","floor":2.0},{"not_picked":["Guardian:Planning","Guardian:Gem_Lightblue"],"picked":"Guardian:Preprogram","floor":3.0},{"not_picked":["Guardian:Recover","Guardian:TemporalStrike","Guardian:Gem_Green"],"picked":"SKIP","floor":4.0},{"not_picked":["Guardian:CrystalBeam","Guardian:Planning"],"picked":"Guardian:Gem_Fragmented","floor":6.0},{"not_picked":["Guardian:PiercingHide","Guardian:RollAttack"],"picked":"Guardian:DonusPower","floor":10.0},{"not_picked":["Guardian:VentSteam","Guardian:PolyBeam"],"picked":"Guardian:AncientConstruct","floor":11.0},{"not_picked":["Guardian:ChargeCore","Guardian:WalkerClaw"],"picked":"Guardian:Emergency","floor":12.0},{"not_picked":["Guardian:ChargeUp","Guardian:ShieldCharger"],"picked":"Guardian:Reroute","floor":14},{"not_picked":["Guardian:TemporalStrike","Guardian:Preprogram"],"picked":"Guardian:ChargeCore","floor":15},{"not_picked":["Guardian:GemFire","Guardian:AncientConstruct"],"picked":"Guardian:GemFinder","floor":16},{"not_picked":["Guardian:Gem_Lightblue","Guardian:Gem_Red"],"picked":"Guardian:Gem_Cyan","floor":19},{"not_picked":["Guardian:TemporalStrike","Guardian:Gem_Cyan","Guardian:WalkerClaw"],"picked":"SKIP","floor":19},{"not_picked":["Guardian:Gem_Lightblue","Guardian:Gem_Green"],"picked":"Guardian:Gem_Red","floor":21},{"not_picked":["Guardian:ShieldCharger","Guardian:PiercingHide","Guardian:AncientConstruct"],"picked":"SKIP","floor":21},{"not_picked":["Guardian:PrimingBeam","Guardian:Repulse","Guardian:ChargeUp"],"picked":"SKIP","floor":22},{"not_picked":["Guardian:PrimingBeam","Guardian:Repulse","Guardian:ChargeUp"],"picked":"SKIP","floor":22}],"player_experience":429559,"relics_obtained":[{"floor":7.0,"key":"Smiling Mask"},{"floor":8.0,"key":"Odd Mushroom"},{"floor":11.0,"key":"Nunchaku"}],"event_choices":[{"damage_healed":0.0,"max_hp_gain":0.0,"max_hp_loss":0.0,"gold_gain":0.0,"event_name":"Mushrooms","player_choice":"Fought Mushrooms","floor":8.0,"gold_loss":0.0,"damage_taken":0.0}],"is_beta":false,"boss_relics":[{"not_picked":["SacredBark","Cursed Key"],"picked":"Empty Cage"}],"items_purged_floors":[14],"is_endless":false,"potions_floor_spawned":[6,10,12],"killed_by":"Gremlin Leader","ascension_level":2}}