{"host":"dpbt13izwjrcdgd8","time":1610175707,"event":{"mods":["2.2 Compatiblity","BaseMod","Colored Powertips","DeckTracker","Highlight Path","Keyboard Shortcuts","Minty Spire (QoL Compilation)","Quick Restart","StSLib","SuperFastMode"],"gold_per_floor":[110,130,55,74,85,85,97,116,116,135,149,149,161,161,161,256,256,266,266,284,284,297,297,297],"floor_reached":23,"playtime":2124,"items_purged":[],"score":198,"play_id":"ce55f1fd-fcb6-4d75-9598-38a7c5791419","local_time":"20210109160147","is_ascension_mode":true,"campfire_choices":[{"data":"Storm of Steel","floor":6.0,"key":"SMITH"},{"floor":12.0,"key":"RECALL"},{"floor":15.0,"key":"REST"}],"circlet_count":0,"master_deck":["Strike_G","Strike_G","Strike_G","Strike_G","Defend_G","Defend_G","Defend_G","Defend_G","Defend_G","Survivor","Neutralize","Storm of Steel+1","Crippling Poison","Cloak And Dagger","Footwork","Tactician","Noxious Fumes","Blade Dance","Prepared","Calculated Gamble","Eviscerate","Expertise","Caltrops+1"],"relics":["Ring of the Serpent","Calipers","NlothsMask"],"acts_visited":["Exordium","TheCity"],"potions_floor_usage":[22],"damage_taken":[{"damage":16.0,"enemies":"Jaw Worm","floor":1.0,"turns":6.0},{"damage":0.0,"enemies":"Cultist","floor":2.0,"turns":3.0},{"damage":1.0,"enemies":"2 Louse","floor":4.0,"turns":4.0},{"damage":7.0,"enemies":"Exordium Thugs","floor":5.0,"turns":9.0},{"damage":8.0,"enemies":"Looter","floor":7.0,"turns":3.0},{"damage":2.0,"enemies":"3 Louse","floor":8.0,"turns":5.0},{"damage":12.0,"enemies":"Lots of Slimes","floor":10.0,"turns":5.0},{"damage":4.0,"enemies":"Looter","floor":11.0,"turns":5.0},{"damage":9.0,"enemies":"Red Slaver","floor":13.0,"turns":5.0},{"damage":21.0,"enemies":"Slime Boss","floor":16.0,"turns":8.0},{"damage":0.0,"enemies":"Chosen","floor":18.0,"turns":5.0},{"damage":29.0,"enemies":"Spheric Guardian","floor":20.0,"turns":7.0},{"damage":16,"enemies":"Chosen and Byrds","floor":22,"turns":5},{"damage":13,"enemies":"Gremlin Leader","floor":23,"turns":3}],"seed_played":"2888700983652418316","potions_obtained":[{"floor":1.0,"key":"SkillPotion"},{"floor":5.0,"key":"SteroidPotion"},{"floor":13.0,"key":"Explosive Potion"},{"floor":16.0,"key":"GhostInAJar"}],"is_trial":false,"path_per_floor":["M","M","$","M","M","R","M","M","T","M","M","R","M","?","R","B",null,"M","?","M","?","M","E"],"character_chosen":"THE_SILENT","items_purchased":["Footwork"],"campfire_rested":1,"item_purchase_floors":[3],"current_hp_per_floor":[54,54,54,53,46,46,38,36,36,24,20,20,11,11,32,11,70,70,57,28,28,12,0,0],"gold":297,"neow_bonus":"ONE_RANDOM_RARE_CARD","is_daily":false,"chose_seed":false,"campfire_upgraded":1,"win_rate":0.0,"timestamp":1610175707,"path_taken":["M","M","$","M","M","R","M","M","T","M","M","R","M","?","R","BOSS","M","?","M","?","?","E"],"items_purchased_type":["Card"],"build_version":"2020-12-22","purchased_purges":0,"victory":false,"max_hp_per_floor":[70,70,70,70,70,70,70,70,70,70,70,70,70,70,70,70,70,70,75,75,75,75,75,75],"card_choices":[{"not_picked":["Endless Agony","Dodge and Roll"],"picked":"Crippling Poison","floor":1.0},{"not_picked":["Expertise","Outmaneuver"],"picked":"Cloak And Dagger","floor":2.0},{"not_picked":["Cloak And Dagger","Poisoned Stab","Quick Slash"],"picked":"SKIP","floor":4.0},{"not_picked":["Slice","Skewer"],"picked":"Tactician","floor":5.0},{"not_picked":["Caltrops","Blur"],"picked":"Noxious Fumes","floor":7.0},{"not_picked":["Caltrops","Die Die Die"],"picked":"Blade Dance","floor":8.0},{"not_picked":["Quick Slash","Dagger Throw"],"picked":"Prepared","floor":10.0},{"not_picked":["Deadly Poison","Blade Dance"],"picked":"Calculated Gamble","floor":11.0},{"not_picked":["Slice","Glass Knife"],"picked":"Eviscerate","floor":13.0},{"not_picked":["Acrobatics+1","Underhanded Strike+1","Quick Slash"],"picked":"SKIP","floor":18.0},{"not_picked":["Slice","Acrobatics"],"picked":"Caltrops+1","floor":20.0},{"not_picked":["Bane+1","Dagger Spray+1","Quick Slash"],"picked":"SKIP","floor":22}],"player_experience":159613,"relics_obtained":[{"floor":9.0,"key":"Calipers"}],"event_choices":[{"damage_healed":0.0,"max_hp_gain":0.0,"max_hp_loss":0.0,"gold_gain":0.0,"cards_transformed":["Strike_G"],"event_name":"Transmorgrifier","player_choice":"Transformed","floor":14.0,"gold_loss":0.0,"damage_taken":0.0,"cards_obtained":["Expertise"]},{"damage_healed":0.0,"max_hp_gain":5.0,"max_hp_loss":0.0,"gold_gain":0.0,"event_name":"Forgotten Altar","player_choice":"Shed Blood","floor":19.0,"gold_loss":0.0,"damage_taken":18.0},{"damage_healed":0.0,"max_hp_gain":0.0,"max_hp_loss":0.0,"gold_gain":0.0,"event_name":"FaceTrader","player_choice":"Trade","floor":21.0,"gold_loss":0.0,"damage_taken":0.0,"relics_obtained":["NlothsMask"]}],"is_beta":false,"boss_relics":[{"not_picked":["Fusion Hammer","Cursed Key"],"picked":"Ring of the Serpent"}],"items_purged_floors":[],"is_endless":false,"potions_floor_spawned":[1,5,13,16,18],"killed_by":"Gremlin Leader","ascension_level":1}}