{"host":"hszimsrtxxc2k25w","time":1610173996,"event":{"mods":["AchievementEnabler","BaseMod","Colored Map","DeckTracker","Minty Spire (QoL Compilation)","Rare Cards Sparkle","SuperFastMode"],"gold_per_floor":[109,122,122,47,47,76,76,90,161,194,225,237,249,291,303,392,404,434,469,501,537,457,457,472,485,508,539,551,826,826,726,726,798,798,808,825,467,467,467,467,467,497,544,544,554,554,573,573,573],"floor_reached":48,"playtime":1142,"items_purged":["Strike_R","Regret"],"score":1092,"play_id":"b71f169d-f883-45b6-aaad-592c83057ef3","local_time":"20210109153316","is_ascension_mode":true,"campfire_choices":[{"data":"Feed","floor":7.0,"key":"SMITH"},{"floor":12.0,"key":"REST"},{"data":"Perfected Strike","floor":15.0,"key":"SMITH"},{"floor":23.0,"key":"REST"},{"floor":30.0,"key":"REST"},{"floor":32.0,"key":"REST"},{"floor":40.0,"key":"REST"},{"floor":44.0,"key":"REST"},{"floor":46,"key":"REST"}],"circlet_count":0,"master_deck":["AscendersBane","Strike_R","Strike_R+1","Strike_R+1","Strike_R","Defend_R","Defend_R","Defend_R","Defend_R+1","Bash+1","Feed+1","Perfected Strike+1","Shockwave+1","Shrug It Off+1","Perfected Strike+1","Twin Strike","Pommel Strike","Feel No Pain","Pommel Strike","Twin Strike+1","Twin Strike","Twin Strike","Shrug It Off","Shrug It Off+1","Evolve","Pommel Strike","Apotheosis","Dual Wield+1","Perfected Strike","Parasite","Dark Embrace","Perfected Strike"],"relics":["Burning Blood","Akabeko","White Beast Statue","MawBank","Art of War","Snecko Eye","Whetstone","Dream Catcher","Strawberry","Thread and Needle","SlaversCollar","Gremlin Horn","Toxic Egg 2","War Paint"],"acts_visited":["Exordium","TheCity","TheBeyond"],"potions_floor_usage":[48],"damage_taken":[{"damage":11.0,"enemies":"Jaw Worm","floor":1.0,"turns":6.0},{"damage":8.0,"enemies":"2 Louse","floor":2.0,"turns":3.0},{"damage":8.0,"enemies":"Gremlin Nob","floor":6.0,"turns":3.0},{"damage":0.0,"enemies":"Cultist","floor":8.0,"turns":2.0},{"damage":42.0,"enemies":"3 Sentries","floor":10.0,"turns":9.0},{"damage":6.0,"enemies":"Red Slaver","floor":11.0,"turns":3.0},{"damage":8.0,"enemies":"Gremlin Nob","floor":14.0,"turns":3.0},{"damage":27.0,"enemies":"The Guardian","floor":16.0,"turns":10.0},{"damage":0.0,"enemies":"Chosen","floor":18.0,"turns":2.0},{"damage":19.0,"enemies":"Spheric Guardian","floor":20.0,"turns":4.0},{"damage":18.0,"enemies":"Cultist and Chosen","floor":24.0,"turns":3.0},{"damage":1.0,"enemies":"Shelled Parasite and Fungi","floor":25.0,"turns":2.0},{"damage":44.0,"enemies":"Slavers","floor":27.0,"turns":3.0},{"damage":1.0,"enemies":"Snecko","floor":28.0,"turns":3.0},{"damage":41.0,"enemies":"Champ","floor":33.0,"turns":8.0},{"damage":2.0,"enemies":"3 Darklings","floor":35.0,"turns":6.0},{"damage":41.0,"enemies":"3 Shapes","floor":36.0,"turns":3.0},{"damage":77.0,"enemies":"Giant Head","floor":42.0,"turns":6.0},{"damage":36,"enemies":"Writhing Mass","floor":45,"turns":5},{"damage":14,"enemies":"Maw","floor":47,"turns":5},{"damage":46,"enemies":"Transient","floor":48,"turns":6}],"seed_played":"-1562747768241300122","potions_obtained":[{"floor":6.0,"key":"SteroidPotion"},{"floor":10.0,"key":"Block Potion"},{"floor":14.0,"key":"GamblersBrew"},{"floor":20.0,"key":"SneckoOil"},{"floor":24.0,"key":"LiquidMemories"},{"floor":33.0,"key":"SteroidPotion"},{"floor":36.0,"key":"LiquidMemories"},{"floor":42.0,"key":"SteroidPotion"},{"floor":45,"key":"Weak Potion"}],"is_trial":false,"path_per_floor":["M","M","?","$","?","E","R","M","T","E","M","R","$","E","R","B",null,"M","T","M","T","$","R","M","M","T","E","M","?","R","$","R","B",null,"M","M","$","?","?","R","?","E","T","R","M","R","M","M"],"character_chosen":"IRONCLAD","items_purchased":["Feel No Pain","Pommel Strike","Evolve","Shrug It Off","Gremlin Horn"],"campfire_rested":7,"item_purchase_floors":[22,22,37,37,37],"current_hp_per_floor":[66,67,43,43,43,41,41,47,47,15,19,45,45,47,47,26,76,82,82,69,69,69,93,81,86,93,55,60,60,90,90,100,65,91,95,64,64,64,64,93,83,12,12,41,11,40,32,0,0],"gold":573,"neow_bonus":"ONE_RANDOM_RARE_CARD","is_daily":false,"chose_seed":false,"campfire_upgraded":2,"win_rate":0.0,"timestamp":1610173996,"path_taken":["M","M","?","$","?","E","R","M","T","E","?","R","?","E","R","BOSS","M","?","?","?","$","R","M","M","T","E","M","?","R","$","R","BOSS","M","M","$","?","?","R","?","E","T","R","M","R","M","M"],"items_purchased_type":["Card","Card","Card","Card","Relic"],"build_version":"2020-12-22","purchased_purges":2,"victory":false,"max_hp_per_floor":[78,81,81,81,81,81,81,81,81,85,89,89,89,93,93,93,93,93,93,93,93,93,93,93,93,100,100,100,100,100,100,100,100,100,100,104,104,99,99,99,99,99,99,99,99,99,99,99,99],"card_choices":[{"not_picked":["Sword Boomerang","Dual Wield","Clash"],"picked":"SKIP","floor":1.0},{"not_picked":["Armaments","Body Slam"],"picked":"Perfected Strike","floor":2.0},{"not_picked":["Seeing Red","Warcry"],"picked":"Shockwave","floor":6.0},{"not_picked":["Intimidate","Clash","Combust"],"picked":"SKIP","floor":8.0},{"not_picked":["Second Wind","Flame Barrier"],"picked":"Shrug It Off","floor":10.0},{"not_picked":["Iron Wave","Dual Wield","Dropkick"],"picked":"SKIP","floor":11.0},{"not_picked":["Burning Pact","Headbutt"],"picked":"Perfected Strike","floor":14.0},{"not_picked":["Warcry","Dark Embrace"],"picked":"Twin Strike","floor":18.0},{"not_picked":["True Grit","Power Through"],"picked":"Pommel Strike","floor":20.0},{"not_picked":["Headbutt","Cleave"],"picked":"Twin Strike+1","floor":23.0},{"not_picked":["Cleave","Sword Boomerang"],"picked":"Twin Strike","floor":24.0},{"not_picked":["Sentinel","Clothesline+1","Hemokinesis"],"picked":"SKIP","floor":25.0},{"not_picked":["Intimidate+1","Berserk","Clash"],"picked":"SKIP","floor":27.0},{"not_picked":["Cleave","Rupture"],"picked":"Twin Strike","floor":28.0},{"not_picked":["Hemokinesis","Disarm"],"picked":"Shrug It Off","floor":32.0},{"not_picked":["Intimidate+1","Havoc","Headbutt"],"picked":"SKIP","floor":35.0},{"not_picked":["Anger","Intimidate+1"],"picked":"Shrug It Off+1","floor":36.0},{"not_picked":["Power Through","Flame Barrier"],"picked":"Pommel Strike","floor":40.0},{"not_picked":["Thinking Ahead","HandOfGreed"],"picked":"Apotheosis","floor":41.0},{"not_picked":["Sever Soul","Body Slam+1"],"picked":"Dual Wield+1","floor":42.0},{"not_picked":["Shockwave+1","Ghostly Armor+1"],"picked":"Perfected Strike","floor":44.0},{"not_picked":["Power Through+1","Rampage"],"picked":"Dark Embrace","floor":45},{"not_picked":["Thunderclap+1","Pummel"],"picked":"Perfected Strike","floor":46},{"not_picked":["Whirlwind","Pummel","Headbutt"],"picked":"SKIP","floor":47}],"player_experience":606631,"relics_obtained":[{"floor":6.0,"key":"Akabeko"},{"floor":9.0,"key":"White Beast Statue"},{"floor":10.0,"key":"MawBank"},{"floor":14.0,"key":"Art of War"},{"floor":19.0,"key":"Whetstone"},{"floor":21.0,"key":"Dream Catcher"},{"floor":26.0,"key":"Strawberry"},{"floor":27.0,"key":"Thread and Needle"},{"floor":42.0,"key":"Toxic Egg 2"},{"floor":43.0,"key":"War Paint"}],"event_choices":[{"damage_healed":0.0,"max_hp_gain":0.0,"max_hp_loss":0.0,"gold_gain":0.0,"event_name":"Shining Light","player_choice":"Entered Light","floor":3.0,"gold_loss":0.0,"damage_taken":24.0,"cards_upgraded":["Perfected Strike","Defend_R"]},{"damage_healed":0.0,"max_hp_gain":0.0,"max_hp_loss":0.0,"gold_gain":0.0,"event_name":"Upgrade Shrine","player_choice":"Upgraded","floor":5.0,"gold_loss":0.0,"damage_taken":0.0,"cards_upgraded":["Bash"]},{"damage_healed":0.0,"max_hp_gain":0.0,"max_hp_loss":0.0,"gold_gain":275.0,"event_name":"Golden Shrine","player_choice":"Desecrate","floor":29.0,"gold_loss":0.0,"damage_taken":0.0,"cards_obtained":["Regret"]},{"damage_healed":0.0,"max_hp_gain":0.0,"max_hp_loss":5.0,"gold_gain":0.0,"event_name":"Winding Halls","player_choice":"Max HP","floor":38.0,"gold_loss":0.0,"damage_taken":0.0},{"cards_removed":["Shrug It Off"],"damage_healed":0.0,"max_hp_gain":0.0,"max_hp_loss":0.0,"gold_gain":0.0,"event_name":"Falling","player_choice":"Removed Skill","floor":39.0,"gold_loss":0.0,"damage_taken":0.0},{"damage_healed":0.0,"max_hp_gain":0.0,"max_hp_loss":0.0,"gold_gain":0.0,"event_name":"SensoryStone","player_choice":"Memory 3","floor":41.0,"gold_loss":0.0,"damage_taken":10.0}],"is_beta":false,"boss_relics":[{"not_picked":["Coffee Dripper","Calling Bell"],"picked":"Snecko Eye"},{"not_picked":["Tiny House","SacredBark"],"picked":"SlaversCollar"}],"items_purged_floors":[4,31],"is_endless":false,"potions_floor_spawned":[6,10,11,14,16,18,20,24,25,27,28,33,35,36,42,45,47],"killed_by":"Transient","ascension_level":20}}