{"host":"vrsxkkch9ccrec7k","time":1610201299,"event":{"mods":["Act Like it!","BaseMod","Bestiary","Better Third Choice","Better Vampires","Downfall","Minty Spire (QoL Compilation)","Permanent Neow","Relic Stats","Spicy Shops","StSLib"],"gold_per_floor":[99,112,129,129,147,147,147,175,275,325,336,436,361,361,372,475,475,475,492,592,609,629,629,707,721,751,7,41,41,41,69,84,184,184,184,202,212,222,57,57,81,101,127,145,159,84,98,198,217,217],"floor_reached":51,"playtime":8672,"items_purged":["champ:Strike"],"score":1115,"play_id":"aa18eb70-8f79-4093-a890-40924b087110","local_time":"20210109090819","is_ascension_mode":true,"campfire_choices":[{"data":"champ:StrikeOfGenius","floor":1,"key":"SMITH"},{"data":"champ:Taunt","floor":6,"key":"SMITH"},{"data":"champ:Lariat","floor":13,"key":"SMITH"},{"floor":18,"key":"DIG"},{"data":"champ:ArenaPreparation","floor":30,"key":"SMITH"},{"floor":35,"key":"DIG"},{"floor":40,"key":"DIG"},{"floor":46,"key":"RECALL"}],"circlet_count":0,"master_deck":["champ:Defend","champ:Defend","champ:Defend","champ:Defend","champ:Execute","champ:Taunt+1","champ:LastStand","champ:StrikeOfGenius+1","champ:CrookedStrike","champ:TornadoPunch+1","champ:Lariat+1","champ:AdrenalArmor","champ:Backstep","champ:MurderStrike","champ:AdrenalArmor","champ:HeartStrike","champ:ArenaPreparation+1","expansioncontent:StudyTheSpire+1","champ:BerserkerStyle+1","champ:BringItOn+1","champ:RapidStrikes","champ:ShieldSigil+1","champ:ShieldSigil+1","champ:IronFortress+1","champ:SwordSigil+1","champ:Backstep+1","champ:VampiricStrike+1","champ:AdrenalArmor+1","champ:ShieldSigil+1"],"relics":["champ:ChampionCrown","Mummified Hand","Omamori","CloakClasp","Centennial Puzzle","downfall:HeartBlessingGreen","Calling Bell","Bag of Preparation","Frozen Egg 2","Shovel","Kunai","Matryoshka","Bag of Marbles","Pen Nib","Smiling Mask","Mercury Hourglass","SacredBark","Tiny Chest","Orrery","Bronze Scales","Juzu Bracelet","Whetstone","downfall:HeartBlessingBlue"],"acts_visited":["Exordium","TheCity","TheBeyond"],"potions_floor_usage":[9,16,16,26,38,50],"damage_taken":[{"damage":13,"enemies":"Cultist","floor":2,"turns":6},{"damage":7,"enemies":"2 Louse","floor":3,"turns":3},{"damage":20,"enemies":"Jaw Worm","floor":5,"turns":4},{"damage":16,"enemies":"3 Sentries","floor":8,"turns":9},{"damage":45,"enemies":"3 Sentries","floor":9,"turns":10},{"damage":0,"enemies":"2 Fungi Beasts","floor":11,"turns":2},{"damage":11,"enemies":"Large Slime","floor":15,"turns":7},{"damage":29,"enemies":"downfall:Silent","floor":16,"turns":12},{"damage":28,"enemies":"Shell Parasite","floor":19,"turns":7},{"damage":26,"enemies":"Chosen","floor":21,"turns":7},{"damage":7,"enemies":"3 Cultists","floor":22,"turns":6},{"damage":34,"enemies":"Sentry and Sphere","floor":25,"turns":7},{"damage":39,"enemies":"Book of Stabbing","floor":26,"turns":8},{"damage":13,"enemies":"downfall:FleeingMerchant","floor":27,"turns":4},{"damage":30,"enemies":"Gremlin Leader","floor":28,"turns":5},{"damage":53,"enemies":"Book of Stabbing","floor":31,"turns":4},{"damage":39,"enemies":"Centurion and Healer","floor":32,"turns":5},{"damage":53,"enemies":"downfall:Defect","floor":33,"turns":5},{"damage":54,"enemies":"Orb Walker","floor":36,"turns":2},{"damage":44,"enemies":"3 Darklings","floor":37,"turns":7},{"damage":60,"enemies":"Transient","floor":38,"turns":5},{"damage":59,"enemies":"downfall:FleeingMerchant","floor":39,"turns":4},{"damage":68,"enemies":"Maw","floor":42,"turns":6},{"damage":25,"enemies":"Nemesis","floor":43,"turns":5},{"damage":53,"enemies":"3 Darklings","floor":44,"turns":4},{"damage":70,"enemies":"Transient","floor":45,"turns":5},{"damage":92,"enemies":"4 Shapes","floor":47,"turns":10},{"damage":23,"enemies":"4 Shapes","floor":48,"turns":3},{"damage":114,"enemies":"Maw","floor":49,"turns":10},{"damage":77,"enemies":"downfall:Watcher","floor":50,"turns":6}],"seed_played":"1113371156873078434","potions_obtained":[{"floor":3,"key":"Explosive Potion"},{"floor":5,"key":"Dexterity Potion"},{"floor":8,"key":"hexamod:EctoCoolerPotion"},{"floor":9,"key":"champ:OpenerPotion"},{"floor":15,"key":"Dexterity Potion"},{"floor":19,"key":"SteroidPotion"},{"floor":22,"key":"SkillPotion"},{"floor":25,"key":"DuplicationPotion"},{"floor":36,"key":"SpeedPotion"},{"floor":43,"key":"LiquidMemories"},{"floor":45,"key":"PowerPotion"}],"is_trial":false,"path_per_floor":["R","M","M","?","M","R","T","E","?","T","M","?","R","?","M","B",null,"R","M","?","M","M","?","T","M","E","$","E","?","R","E","M","B",null,"R","M","M","M","$","R","T","M","E","M","M","R","M","?","M","B",null],"character_chosen":"THE_CHAMP","items_purchased":["expansioncontent:StudyTheSpire+1","champ:BerserkerStyle+1","Pen Nib","Orrery"],"campfire_rested":0,"item_purchase_floors":[27,27,27,39],"current_hp_per_floor":[81,81,79,79,64,64,64,53,30,30,30,30,30,30,30,30,81,81,81,81,81,81,66,66,66,66,66,66,66,66,53,53,53,86,86,86,75,65,65,65,65,65,65,86,86,96,78,96,96,96],"gold":217,"neow_bonus":"TRANSFORM_TWO_CARDS","is_daily":false,"chose_seed":false,"campfire_upgraded":4,"win_rate":0.0,"timestamp":1610201299,"path_taken":["R","M","M","?","M","R","T","E","?","?","M","?","R","?","M","BOSS","R","M","?","?","M","?","T","M","E","$","E","?","R","E","M","BOSS","R","M","?","M","?","R","T","M","E","M","M","R","M","?","M","BOSS"],"items_purchased_type":["Card","Card","Relic","Relic"],"build_version":"2020-12-22","purchased_purges":1,"victory":true,"max_hp_per_floor":[81,81,81,81,81,81,81,81,81,81,81,81,81,81,81,81,81,81,81,81,81,81,86,86,86,86,86,86,86,86,86,86,86,86,86,86,86,86,86,86,86,86,86,86,86,96,96,96,96,96],"relic_stats":{"counters":[30,177],"Pen Nib":[8],"CloakClasp":[509],"Bag of Preparation":[44],"Juzu Bracelet":0,"Whetstone":["champ:TornadoPunch","champ:VampiricStrike"],"Smiling Mask":0,"Mercury Hourglass":[283],"Centennial Puzzle":[72],"Shovel":3,"Mummified Hand":[136],"Bronze Scales":[105],"Tiny Chest":0,"Kunai":[7],"obtain_stats":[{"SacredBark":34,"champ:ChampionCrown":0,"downfall:HeartBlessingGreen":13,"Pen Nib":27,"Omamori":8,"CloakClasp":9,"Bag of Preparation":17,"Juzu Bracelet":41,"Whetstone":43,"Frozen Egg 2":17,"Smiling Mask":28,"Mercury Hourglass":31,"Calling Bell":17,"Centennial Puzzle":10,"Shovel":17,"Matryoshka":24,"Mummified Hand":7,"downfall:HeartBlessingBlue":46,"Bronze Scales":40,"Orrery":39,"Tiny Chest":35,"Bag of Marbles":26,"Kunai":18},{"SacredBark":18,"champ:ChampionCrown":0,"downfall:HeartBlessingGreen":6,"Pen Nib":14,"Omamori":4,"CloakClasp":5,"Bag of Preparation":8,"Juzu Bracelet":22,"Whetstone":24,"Frozen Egg 2":8,"Smiling Mask":15,"Mercury Hourglass":16,"Calling Bell":8,"Centennial Puzzle":5,"Shovel":8,"Matryoshka":11,"Mummified Hand":3,"downfall:HeartBlessingBlue":26,"Bronze Scales":22,"Orrery":22,"Tiny Chest":18,"Bag of Marbles":13,"Kunai":8},{"SacredBark":111,"champ:ChampionCrown":0,"downfall:HeartBlessingGreen":34,"Pen Nib":92,"Omamori":22,"CloakClasp":32,"Bag of Preparation":53,"Juzu Bracelet":129,"Whetstone":140,"Frozen Egg 2":53,"Smiling Mask":97,"Mercury Hourglass":101,"Calling Bell":53,"Centennial Puzzle":32,"Shovel":53,"Matryoshka":73,"Mummified Hand":13,"downfall:HeartBlessingBlue":149,"Bronze Scales":129,"Orrery":129,"Tiny Chest":111,"Bag of Marbles":88,"Kunai":53}]},"card_choices":[{"not_picked":["champ:FanOfKnives","champ:Circumvent"],"picked":"champ:Haymaker","floor":2},{"not_picked":["champ:BerserkerStyle","champ:DefensiveStyle"],"picked":"champ:CrookedStrike","floor":3},{"not_picked":["champ:FocusedBerserking","champ:EnragedBash","champ:SwordThrow"],"picked":"SKIP","floor":5},{"not_picked":["champ:Haymaker","champ:EnchantSword"],"picked":"champ:TornadoPunch","floor":8},{"not_picked":["champ:GladiatorsShout","champ:FanOfKnives"],"picked":"champ:Lariat","floor":9},{"not_picked":["champ:EnGarde","champ:RageSigil"],"picked":"champ:AdrenalArmor","floor":11},{"not_picked":["champ:Shatter","champ:Haymaker"],"picked":"champ:Backstep","floor":15},{"not_picked":["champ:SteelEdge","champ:ShieldThrow"],"picked":"champ:MurderStrike","floor":16},{"not_picked":["champ:BladeFlurry+1","champ:RageSigil","champ:Riposte"],"picked":"SKIP","floor":19},{"not_picked":["champ:Encircle+1","champ:FalseCounter"],"picked":"champ:AdrenalArmor","floor":21},{"not_picked":["champ:RageSigil","champ:GladiatorsShout","champ:BladeFlurry"],"picked":"SKIP","floor":22},{"not_picked":["champ:AdrenalArmor","champ:EnchantSword"],"picked":"champ:HeartStrike","floor":25},{"not_picked":["champ:RisingSlash","champ:PerfectedStrike","champ:GladiatorsShout"],"picked":"SKIP","floor":26},{"not_picked":["champ:Control+1","champ:Duel"],"picked":"champ:ArenaPreparation","floor":27},{"not_picked":["champ:PreciseThrust+1","champ:RapidStrikes"],"picked":"champ:BringItOn+1","floor":28},{"not_picked":["champ:BringItOn","champ:GutPunch+1","champ:BladeFlurry+1"],"picked":"SKIP","floor":31},{"not_picked":["champ:HeartStrike","champ:BerserkersShout"],"picked":"champ:ShieldSigil+1","floor":32},{"not_picked":["champ:Duel+1","champ:Backstep","champ:AdrenalArmor"],"picked":"SKIP","floor":36},{"not_picked":["champ:GladiatorsShout+1","champ:PerfectedStrike+1","champ:FanOfKnives+1"],"picked":"SKIP","floor":37},{"not_picked":["champ:Backstep+1","champ:GladiatorStyle+1"],"picked":"champ:ShieldSigil+1","floor":38},{"not_picked":["champ:ShieldThrow","champ:Circumvent"],"picked":"champ:IronFortress+1","floor":39},{"not_picked":["champ:BladeFlurry","champ:GladiatorsShout"],"picked":"champ:SwordSigil+1","floor":39},{"not_picked":["champ:FanOfKnives","champ:CrookedStrike"],"picked":"champ:Backstep+1","floor":39},{"not_picked":["champ:GladiatorsShout+1","champ:CrookedStrike+1"],"picked":"champ:VampiricStrike","floor":39},{"not_picked":["champ:EnGarde+1","champ:Aggression+1","champ:Control"],"picked":"SKIP","floor":42},{"not_picked":["champ:FanOfKnives+1","champ:ShieldSigil+1"],"picked":"champ:AdrenalArmor+1","floor":43},{"not_picked":["champ:EnragedBash","champ:FocusedGladiator","champ:Backstep"],"picked":"SKIP","floor":44},{"not_picked":["champ:BladeFlurry+1","champ:FanOfKnives","champ:StanceDance"],"picked":"SKIP","floor":45},{"not_picked":["champ:FlashCut","champ:FocusedGladiator"],"picked":"champ:ShieldSigil+1","floor":47},{"not_picked":["champ:Control+1","champ:HeartStrike","champ:StrikeOfGenius+1"],"picked":"SKIP","floor":49}],"player_experience":1417664,"relics_obtained":[{"floor":7,"key":"Mummified Hand"},{"floor":8,"key":"Omamori"},{"floor":9,"key":"CloakClasp"},{"floor":10,"key":"Centennial Puzzle"},{"floor":17,"key":"Bag of Preparation"},{"floor":17,"key":"Frozen Egg 2"},{"floor":17,"key":"Shovel"},{"floor":18,"key":"Kunai"},{"floor":24,"key":"Matryoshka"},{"floor":26,"key":"Bag of Marbles"},{"floor":28,"key":"Smiling Mask"},{"floor":31,"key":"Mercury Hourglass"},{"floor":35,"key":"Tiny Chest"},{"floor":40,"key":"Bronze Scales"},{"floor":41,"key":"Juzu Bracelet"},{"floor":43,"key":"Whetstone"}],"event_choices":[{"cards_removed":["champ:Strike"],"damage_healed":0,"gold_gain":0,"player_choice":"Card Removal","damage_taken":0,"max_hp_gain":0,"max_hp_loss":0,"event_name":"The Cleric","floor":14,"gold_loss":0},{"damage_healed":0,"gold_gain":0,"cards_transformed":["champ:Haymaker"],"player_choice":"Transformed","damage_taken":0,"max_hp_gain":0,"max_hp_loss":0,"event_name":"Transmorgrifier","floor":29,"gold_loss":0,"cards_obtained":["champ:RapidStrikes"]}],"is_beta":false,"boss_relics":[{"not_picked":["Pandora\u0027s Box","Tiny House"],"picked":"Calling Bell"},{"not_picked":["Philosopher\u0027s Stone","Runic Pyramid"],"picked":"SacredBark"}],"items_purged_floors":[27],"is_endless":false,"potions_floor_spawned":[3,5,8,9,15,19,22,25,36,43,45,47,49],"ascension_level":2}}