{"host":"1kq2ingo3j45gyyp","time":1610175084,"event":{"mods":["BaseMod","Better Note","Better Third Choice","Downfall","Minty Spire (QoL Compilation)","StSLib","The Marked"],"gold_per_floor":[152,99,99,99,0,14,14,82,107,107,123,123,123,123,123,220,220,253,253,263,295,79,79,79,92,92,108,108,143,158,195,195,295,295,308,308,346,346,12,12,12,12,38,38,98,110,127,36,36,56,56],"floor_reached":50,"playtime":1981,"items_purged":["theMarked:Strike"],"score":442,"play_id":"f50feb8b-94ca-43ea-959e-c445798201a0","local_time":"20210109015124","is_ascension_mode":false,"campfire_choices":[{"data":"Enlightenment","floor":7,"key":"SMITH"},{"floor":10,"key":"REST"},{"floor":12,"key":"REST"},{"data":"theMarked:HeritageOfTheMarked","floor":15,"key":"SMITH"},{"floor":28,"key":"REST"},{"floor":32,"key":"REST"},{"floor":40,"key":"REST"},{"data":"Mayhem","floor":42,"key":"SMITH"},{"data":"theMarked:BindingBlade","floor":44,"key":"SMITH"},{"floor":49,"key":"REST"}],"circlet_count":0,"master_deck":["theMarked:Strike","theMarked:Strike","theMarked:Strike","theMarked:Defend","theMarked:Defend","theMarked:Defend","theMarked:Defend","theMarked:SoldierOfQuellstein","HandOfGreed","theMarked:BanishingStrike","Enlightenment+1","theMarked:Frustration","theMarked:HeritageOfTheMarked+1","theMarked:BindingBlade+1","theMarked:EmpowerWeapon","theMarked:BanishingStrike","theMarked:Abjuration+1","theMarked:WardOff","theMarked:WardOff","Mayhem+1","theMarked:HeritageOfTheMarked","theMarked:BanishingStrike+1","theMarked:HeritageOfTheMarked","theMarked:Frustration"],"relics":["theMarked:ArtifactOfAir","Toy Ornithopter","Bottled Lightning","Akabeko","Sozu","StrikeDummy","Runic Dome","Ancient Tea Set","Juzu Bracelet"],"acts_visited":["Exordium","TheCity","TheBeyond"],"potions_floor_usage":[33,33],"damage_taken":[{"damage":5,"enemies":"Small Slimes","floor":1,"turns":3},{"damage":0,"enemies":"2 Louse","floor":6,"turns":2},{"damage":34,"enemies":"3 Sentries","floor":8,"turns":10},{"damage":6,"enemies":"Jaw Worm","floor":11,"turns":2},{"damage":30,"enemies":"Slime Boss","floor":16,"turns":5},{"damage":15,"enemies":"3 Byrds","floor":18,"turns":5},{"damage":20,"enemies":"2 Thieves","floor":20,"turns":4},{"damage":12,"enemies":"Shelled Parasite and Fungi","floor":21,"turns":4},{"damage":6,"enemies":"Centurion and Healer","floor":25,"turns":4},{"damage":20,"enemies":"Snecko","floor":27,"turns":4},{"damage":0,"enemies":"Chosen and Byrds","floor":29,"turns":3},{"damage":0,"enemies":"Snake Plant","floor":30,"turns":2},{"damage":10,"enemies":"Cultist and Chosen","floor":31,"turns":4},{"damage":62,"enemies":"Automaton","floor":33,"turns":7},{"damage":0,"enemies":"Orb Walker","floor":35,"turns":2},{"damage":34,"enemies":"3 Darklings","floor":37,"turns":4},{"damage":15,"enemies":"4 Shapes","floor":45,"turns":6},{"damage":9,"enemies":"Jaw Worm Horde","floor":46,"turns":4},{"damage":0,"enemies":"Transient","floor":47,"turns":5},{"damage":60,"enemies":"Awakened One","floor":50,"turns":4}],"seed_played":"-5835737424963771698","potions_obtained":[{"floor":1,"key":"PowerPotion"},{"floor":8,"key":"FairyPotion"},{"floor":11,"key":"EntropicBrew"}],"is_trial":false,"path_per_floor":["M","$","?","?","?","M","R","E","T","R","M","R","$","?","R","B",null,"M","?","M","M","$","?","?","M","T","M","R","M","M","M","R","B",null,"M","?","M","?","$","R","?","R","T","R","M","M","M","$","R","B"],"character_chosen":"THE_DEFAULT","items_purchased":["theMarked:BanishingStrike","theMarked:Abjuration","Mayhem","Ancient Tea Set","theMarked:HeritageOfTheMarked","theMarked:Frustration"],"campfire_rested":6,"item_purchase_floors":[2,22,39,39,48,48],"current_hp_per_floor":[58,58,46,51,57,57,57,23,23,45,39,61,61,61,61,31,74,59,59,39,27,27,27,27,21,21,1,23,23,23,13,35,22,74,74,74,40,40,40,62,62,62,62,62,47,38,38,38,59,0,0],"gold":56,"neow_bonus":"RANDOM_COLORLESS_2","is_daily":false,"chose_seed":false,"campfire_upgraded":4,"win_rate":0.0,"timestamp":1610175084,"path_taken":["M","$","?","?","?","M","R","E","T","R","M","R","$","?","R","BOSS","M","?","M","M","$","?","?","?","T","M","R","M","M","M","R","BOSS","M","?","M","?","$","R","?","R","T","R","M","M","M","?","R","BOSS"],"items_purchased_type":["Card","Card","Card","Relic","Card","Card"],"build_version":"2020-12-22","purchased_purges":1,"victory":false,"max_hp_per_floor":[63,63,63,68,74,74,74,74,74,74,74,74,74,74,74,74,74,74,74,74,74,74,74,74,74,74,74,74,74,74,74,74,74,74,74,74,74,74,74,74,70,70,70,70,70,70,70,70,70,70,70],"card_choices":[{"not_picked":["Transmutation","Secret Technique"],"picked":"HandOfGreed","floor":0},{"not_picked":["theMarked:MaelstromOfLightning","theMarked:HeightenedSenses","theMarked:RepellingDischarge"],"picked":"SKIP","floor":1},{"not_picked":["theMarked:TakeCover","theMarked:Overthink"],"picked":"theMarked:Frustration","floor":6},{"not_picked":["theMarked:ElectricStrings","theMarked:ReduceFriction","theMarked:HeightenedSenses"],"picked":"SKIP","floor":8},{"not_picked":["theMarked:Parry","theMarked:TwofoldDefense"],"picked":"theMarked:HeritageOfTheMarked","floor":11},{"not_picked":["theMarked:MagicAdept","theMarked:Challenge"],"picked":"theMarked:BindingBlade","floor":16},{"not_picked":["theMarked:WastefulAttack","theMarked:TwofoldDefense","theMarked:Parkour"],"picked":"SKIP","floor":18},{"not_picked":["theMarked:Static+1","theMarked:TwofoldDefense+1"],"picked":"theMarked:BanishingStrike","floor":20},{"not_picked":["theMarked:ChainLightning","theMarked:Opportunist","theMarked:Electrocute"],"picked":"SKIP","floor":21},{"not_picked":["theMarked:SuspiciousRaven","theMarked:MysticalArsenal","theMarked:ResourceFulStrike"],"picked":"SKIP","floor":25},{"not_picked":["theMarked:Improvise","theMarked:Opportunist","theMarked:Static"],"picked":"SKIP","floor":27},{"not_picked":["theMarked:Seal+1","theMarked:ResourceFulStrike"],"picked":"theMarked:WardOff","floor":29},{"not_picked":["theMarked:Overcharge","theMarked:ElectricStrings","theMarked:ElementalBlade"],"picked":"SKIP","floor":30},{"not_picked":["theMarked:EmpowerWeapon+1","theMarked:ContemptForTheProud"],"picked":"theMarked:WardOff","floor":31},{"not_picked":["theMarked:EternalStudent","theMarked:ThrowWeapon"],"picked":"theMarked:Abjuration","floor":33},{"not_picked":["theMarked:HeightenedSenses","theMarked:MysticalArsenal","theMarked:MaelstromOfLightning"],"picked":"SKIP","floor":35},{"not_picked":["theMarked:ElectricStrings+1","theMarked:SwordAndMagic","theMarked:RepellingDischarge+1"],"picked":"SKIP","floor":37},{"not_picked":["theMarked:TwofoldDefense","theMarked:WastefulDefense+1","theMarked:SwordAndMagic+1"],"picked":"SKIP","floor":45},{"not_picked":["theMarked:Parkour","theMarked:ComboAttacks+1"],"picked":"theMarked:HeritageOfTheMarked","floor":46},{"not_picked":["theMarked:SwordAndMagic+1","theMarked:Improvise+1"],"picked":"theMarked:BanishingStrike+1","floor":47}],"player_experience":857516,"relics_obtained":[{"floor":8,"key":"Bottled Lightning"},{"floor":9,"key":"Akabeko"},{"floor":26,"key":"StrikeDummy"},{"floor":43,"key":"Juzu Bracelet"}],"event_choices":[{"damage_healed":0,"gold_gain":0,"player_choice":"Relic ","damage_taken":12,"max_hp_gain":0,"max_hp_loss":0,"event_name":"betterThird:BetterScrap","floor":3,"gold_loss":0,"cards_obtained":["WaveOfTheHand"]},{"damage_healed":0,"gold_gain":0,"player_choice":"Donut","damage_taken":0,"max_hp_gain":5,"max_hp_loss":0,"event_name":"Big Fish","floor":4,"gold_loss":0},{"damage_healed":0,"gold_gain":0,"player_choice":"RENOUNCE","damage_taken":99,"max_hp_gain":0,"max_hp_loss":0,"event_name":"betterThird:BetterSerpent","floor":5,"gold_loss":99,"cards_obtained":["Enlightenment"]},{"damage_healed":0,"gold_gain":0,"player_choice":"Leave","damage_taken":0,"max_hp_gain":0,"max_hp_loss":0,"event_name":"The Cleric","floor":14,"gold_loss":0},{"damage_healed":0,"gold_gain":0,"cards_transformed":["theMarked:Strike"],"player_choice":"Transformed","damage_taken":0,"max_hp_gain":0,"max_hp_loss":0,"event_name":"Transmorgrifier","floor":19,"gold_loss":0,"cards_obtained":["theMarked:EmpowerWeapon"]},{"damage_healed":0,"gold_gain":0,"player_choice":"Upgraded","damage_taken":0,"max_hp_gain":0,"max_hp_loss":0,"event_name":"Upgrade Shrine","floor":23,"gold_loss":0,"cards_upgraded":["theMarked:Abjuration"]},{"damage_healed":0,"gold_gain":0,"player_choice":"Ignored","damage_taken":0,"max_hp_gain":0,"max_hp_loss":0,"event_name":"betterNote:BetterNote","floor":24,"gold_loss":0,"cards_obtained":["Blind"]},{"cards_removed":["theMarked:Abjuration"],"damage_healed":0,"gold_gain":0,"player_choice":"Removed Attack","damage_taken":0,"max_hp_gain":0,"max_hp_loss":0,"event_name":"Falling","floor":36,"gold_loss":0},{"damage_healed":0,"gold_gain":0,"player_choice":"Ignored","damage_taken":0,"max_hp_gain":0,"max_hp_loss":0,"event_name":"Mysterious Sphere","floor":38,"gold_loss":0},{"damage_healed":0,"gold_gain":0,"player_choice":"Max HP","damage_taken":0,"max_hp_gain":0,"max_hp_loss":4,"event_name":"Winding Halls","floor":41,"gold_loss":0}],"is_beta":false,"boss_relics":[{"not_picked":["Velvet Choker","Philosopher\u0027s Stone"],"picked":"Sozu"},{"not_picked":["Pandora\u0027s Box","theMarked:BronzeBlade"],"picked":"Runic Dome"}],"items_purged_floors":[22],"is_endless":false,"potions_floor_spawned":[1,8,11,25,27,29,33,46,47],"killed_by":"Awakened One","ascension_level":0}}