{"host":"ci7ivtocgfxh0ueo","time":1610205012,"event":{"mods":["BaseMod","GifTheSpireLib","Minty Spire (QoL Compilation)","StSLib"],"gold_per_floor":[110,135,135,146,216,250,250,261,261,261,12,27,27,54,54,126,176,189,206,206,206,206,206,236,236,236,255,305,305,255,270,270,343,343,363,0,17,17,17,47,47,72,95,124,124,133,133,46,46,46,46],"floor_reached":50,"playtime":1591,"items_purged":[],"score":1028,"play_id":"a05e9475-1a8a-4684-b9b8-d4896506506c","local_time":"20210109231012","is_ascension_mode":true,"campfire_choices":[{"data":"Eruption","floor":7,"key":"SMITH"},{"floor":10,"key":"DIG"},{"data":"Scrawl","floor":15,"key":"SMITH"},{"floor":23,"key":"DIG"},{"data":"ClearTheMind","floor":29,"key":"SMITH"},{"floor":32,"key":"DIG"},{"floor":41,"key":"DIG"},{"data":"Trip","floor":47,"key":"SMITH"},{"data":"Scrawl","floor":49,"key":"SMITH"}],"circlet_count":0,"master_deck":["AscendersBane","Strike_P+1","Strike_P+1","Strike_P+1","Strike_P+1","Defend_P+1","Defend_P+1","Defend_P+1","Defend_P+1","Eruption+1","Vigilance+1","ReachHeaven","CutThroughFate","EmptyBody","Consecrate","FlurryOfBlows","Scrawl+1","Judgement+1","Crescendo+1","Sanctity+1","Wallop","ClearTheMind+1","ClearTheMind","Scrawl+1","ClearTheMind+1","Trip+1","BowlingBash","Writhe"],"relics":["PureWater","NeowsBlessing","Pen Nib","Lizard Tail","Meat on the Bone","Juzu Bracelet","Shovel","Strawberry","PreservedInsect","Bag of Preparation","Tiny House","Yang","Gremlin Horn","Boot","Pocketwatch","Red Mask","Matryoshka","Frozen Egg 2","Bronze Scales","CeramicFish","Shuriken","Vajra"],"acts_visited":["Exordium","TheCity","TheBeyond"],"potions_floor_usage":[16,16,19,33,33,50,50],"damage_taken":[{"damage":0,"enemies":"Cultist","floor":1,"turns":1},{"damage":0,"enemies":"Jaw Worm","floor":4,"turns":1},{"damage":0,"enemies":"Lagavulin","floor":6,"turns":2},{"damage":3,"enemies":"Small Slimes","floor":8,"turns":3},{"damage":18,"enemies":"Gremlin Gang","floor":12,"turns":5},{"damage":16,"enemies":"Gremlin Nob","floor":14,"turns":3},{"damage":36,"enemies":"The Guardian","floor":16,"turns":9},{"damage":0,"enemies":"Chosen","floor":18,"turns":2},{"damage":0,"enemies":"3 Byrds","floor":19,"turns":3},{"damage":5,"enemies":"Slavers","floor":24,"turns":3},{"damage":16,"enemies":"Snake Plant","floor":27,"turns":3},{"damage":0,"enemies":"Chosen and Byrds","floor":31,"turns":2},{"damage":18,"enemies":"Automaton","floor":33,"turns":10},{"damage":37,"enemies":"3 Darklings","floor":35,"turns":5},{"damage":7,"enemies":"3 Shapes","floor":37,"turns":7},{"damage":0,"enemies":"Nemesis","floor":40,"turns":6},{"damage":8,"enemies":"Writhing Mass","floor":44,"turns":3},{"damage":150,"enemies":"Awakened One","floor":50,"turns":12}],"seed_played":"-3039951645707447477","potions_obtained":[{"floor":4,"key":"Dexterity Potion"},{"floor":17,"key":"LiquidBronze"},{"floor":19,"key":"Ancient Potion"},{"floor":24,"key":"DuplicationPotion"},{"floor":40,"key":"SkillPotion"},{"floor":44,"key":"Regen Potion"}],"is_trial":false,"path_per_floor":["M","T","?","M","T","E","R","M","T","R","$","M","?","E","R","B",null,"M","M","?","?","?","R","E","?","T","M","?","R","?","M","R","B",null,"M","?","M","?","$","E","R","T","T","M","?","?","R","$","R","B"],"character_chosen":"WATCHER","items_purchased":["PreservedInsect","LiquidBronze","DistilledChaos"],"campfire_rested":0,"item_purchase_floors":[11,11,48],"current_hp_per_floor":[61,61,56,56,56,56,56,53,53,60,60,42,42,38,38,14,65,65,65,65,65,65,65,60,37,37,33,33,33,33,45,45,39,74,49,49,54,54,54,54,54,54,54,46,46,63,63,63,63,0,0],"gold":46,"neow_bonus":"THREE_ENEMY_KILL","is_daily":false,"chose_seed":false,"campfire_upgraded":5,"win_rate":0.0,"timestamp":1610205012,"path_taken":["M","?","?","M","?","E","R","M","T","R","?","M","?","E","R","BOSS","M","M","?","?","?","R","E","?","T","M","?","R","?","M","R","BOSS","M","?","M","?","$","E","R","?","T","M","?","?","R","$","R","BOSS"],"items_purchased_type":["Relic","Potion","Potion"],"build_version":"2020-12-22","purchased_purges":0,"victory":false,"max_hp_per_floor":[68,68,68,68,68,68,68,68,68,75,75,75,75,75,75,75,80,80,80,80,80,80,80,80,85,85,85,85,85,85,85,85,85,85,85,85,85,85,85,85,85,85,85,85,85,85,85,85,85,85,85],"card_choices":[{"not_picked":["Evaluate","CutThroughFate"],"picked":"ReachHeaven","floor":1},{"not_picked":["Crescendo","CrushJoints"],"picked":"CutThroughFate","floor":4},{"not_picked":["Prostrate","CrushJoints"],"picked":"EmptyBody","floor":6},{"not_picked":["Weave","FlurryOfBlows"],"picked":"Consecrate","floor":8},{"not_picked":["BattleHymn","EmptyBody"],"picked":"FlurryOfBlows","floor":12},{"not_picked":["MentalFortress","PathToVictory"],"picked":"Scrawl","floor":14},{"not_picked":["Brilliance","Wish"],"picked":"Judgement","floor":16},{"not_picked":["Wireheading","FlurryOfBlows"],"picked":"Crescendo","floor":17},{"not_picked":["Collect","ThirdEye"],"picked":"Sanctity+1","floor":18},{"not_picked":["SashWhip","Fasting2"],"picked":"Wallop","floor":19},{"not_picked":["Protect","CrushJoints"],"picked":"ClearTheMind","floor":24},{"not_picked":["Indignation","EmptyBody"],"picked":"ClearTheMind","floor":27},{"not_picked":["FlyingSleeves","Protect","Crescendo"],"picked":"SKIP","floor":31},{"not_picked":["SpiritShield","ConjureBlade"],"picked":"Scrawl","floor":33},{"not_picked":["Protect+1","BowlingBash+1"],"picked":"ClearTheMind+1","floor":35},{"not_picked":["EmptyFist+1","Prostrate"],"picked":"Adaptation","floor":37},{"not_picked":["Secret Weapon","Purity"],"picked":"Trip","floor":38},{"not_picked":["Adaptation+1","ReachHeaven","InnerPeace"],"picked":"SKIP","floor":40},{"not_picked":["SignatureMove+1","Weave"],"picked":"BowlingBash","floor":44}],"player_experience":1334900,"relics_obtained":[{"floor":2,"key":"Pen Nib"},{"floor":5,"key":"Meat on the Bone"},{"floor":6,"key":"Juzu Bracelet"},{"floor":9,"key":"Shovel"},{"floor":10,"key":"Strawberry"},{"floor":14,"key":"Bag of Preparation"},{"floor":23,"key":"Yang"},{"floor":24,"key":"Gremlin Horn"},{"floor":26,"key":"Boot"},{"floor":32,"key":"Pocketwatch"},{"floor":40,"key":"Matryoshka"},{"floor":41,"key":"Frozen Egg 2"},{"floor":42,"key":"Bronze Scales"},{"floor":42,"key":"CeramicFish"},{"floor":43,"key":"Shuriken"},{"floor":43,"key":"Vajra"}],"event_choices":[{"damage_healed":0,"gold_gain":0,"player_choice":"Success","damage_taken":5,"relics_obtained":["Lizard Tail"],"max_hp_gain":0,"max_hp_loss":0,"event_name":"Scrap Ooze","floor":3,"gold_loss":0},{"damage_healed":0,"gold_gain":0,"player_choice":"Forge","damage_taken":0,"max_hp_gain":0,"max_hp_loss":0,"event_name":"Accursed Blacksmith","floor":13,"gold_loss":0,"cards_upgraded":["Vigilance"]},{"damage_healed":0,"gold_gain":0,"player_choice":"Ignored","damage_taken":0,"max_hp_gain":0,"max_hp_loss":0,"event_name":"Vampires","floor":20,"gold_loss":0},{"damage_healed":0,"gold_gain":0,"player_choice":"Upgraded","damage_taken":0,"max_hp_gain":0,"max_hp_loss":0,"event_name":"Upgrade Shrine","floor":21,"gold_loss":0,"cards_upgraded":["Judgement"]},{"damage_healed":0,"gold_gain":0,"player_choice":"Simplicity","damage_taken":0,"max_hp_gain":0,"max_hp_loss":0,"event_name":"Back to Basics","floor":22,"gold_loss":0,"cards_upgraded":["Strike_P","Strike_P","Strike_P","Defend_P","Defend_P","Defend_P","Defend_P"]},{"damage_healed":0,"gold_gain":0,"player_choice":"Shed Blood","damage_taken":28,"max_hp_gain":5,"max_hp_loss":0,"event_name":"Forgotten Altar","floor":25,"gold_loss":0},{"damage_healed":0,"gold_gain":50,"player_choice":"Stole From Cult","damage_taken":0,"max_hp_gain":0,"max_hp_loss":0,"event_name":"Nest","floor":28,"gold_loss":0},{"damage_healed":0,"gold_gain":0,"player_choice":"Upgrade","damage_taken":0,"max_hp_gain":0,"max_hp_loss":0,"event_name":"Designer","floor":30,"gold_loss":50,"cards_upgraded":["Crescendo"]},{"damage_healed":0,"gold_gain":0,"player_choice":"Paid","damage_taken":0,"relics_obtained":["Red Mask"],"max_hp_gain":0,"max_hp_loss":0,"event_name":"Tomb of Lord Red Mask","floor":36,"gold_loss":363},{"damage_healed":0,"gold_gain":0,"player_choice":"Memory 1","damage_taken":0,"max_hp_gain":0,"max_hp_loss":0,"event_name":"SensoryStone","floor":38,"gold_loss":0},{"cards_removed":["Adaptation"],"damage_healed":0,"gold_gain":0,"player_choice":"Removed Power","damage_taken":0,"max_hp_gain":0,"max_hp_loss":0,"event_name":"Falling","floor":45,"gold_loss":0},{"damage_healed":17,"gold_gain":0,"player_choice":"Writhe","damage_taken":0,"max_hp_gain":0,"max_hp_loss":0,"event_name":"Winding Halls","floor":46,"gold_loss":0,"cards_obtained":["Writhe"]}],"is_beta":false,"boss_relics":[{"not_picked":["Sozu","Runic Pyramid"],"picked":"Tiny House"},{"not_picked":["Empty Cage","Snecko Eye","Velvet Choker"]}],"items_purged_floors":[],"is_endless":false,"potions_floor_spawned":[4,14,19,24,31,40,44],"killed_by":"Awakened One","ascension_level":17}}