{"host":"d61fcf2p3sjwe6yo","time":1610213356,"event":{"mods":["AchievementEnabler","BaseMod","Colored Map","Minty Spire (QoL Compilation)","StSLib","SuperFastMode"],"gold_per_floor":[43,43,43,43,53,53,87,162,162,162,162,162,162,162,162,263,263,275,289,289,308,308,308,341,360,360,377,377,377,390,390,390,390,390],"floor_reached":33,"playtime":909,"items_purged":[],"score":704,"play_id":"9a53ed0a-2116-42a1-adf7-f55f7133c837","local_time":"20210109202916","is_ascension_mode":false,"campfire_choices":[{"floor":6.0,"key":"REST"},{"floor":13.0,"key":"REST"},{"floor":15.0,"key":"REST"},{"floor":23,"key":"REST"},{"floor":32,"key":"REST"}],"circlet_count":0,"master_deck":["Dropkick+1","Dual Wield+1","Thunderclap+1","Dropkick+1"],"relics":["Black Blood","Nunchaku","Shuriken","Lantern","Kunai","Ornamental Fan","DollysMirror","Red Mask","Bag of Marbles","Champion Belt","MealTicket","Lizard Tail","HornCleat","Mark of the Bloom","NeowsBlessing"],"acts_visited":["Exordium","TheCity","TheBeyond"],"potions_floor_usage":[],"damage_taken":[{"damage":0.0,"enemies":"Jaw Worm","floor":1.0,"turns":1.0},{"damage":0.0,"enemies":"Small Slimes","floor":5.0,"turns":1.0},{"damage":0.0,"enemies":"Lagavulin","floor":7.0,"turns":2.0},{"damage":0.0,"enemies":"2 Louse","floor":11.0,"turns":1.0},{"damage":0.0,"enemies":"Red Slaver","floor":14.0,"turns":1.0},{"damage":0.0,"enemies":"The Guardian","floor":16.0,"turns":1.0},{"damage":0.0,"enemies":"Orb Walker","floor":18.0,"turns":1.0},{"damage":0,"enemies":"3 Shapes","floor":19,"turns":1},{"damage":0,"enemies":"Spire Growth","floor":21,"turns":1},{"damage":0,"enemies":"Giant Head","floor":24,"turns":1},{"damage":0,"enemies":"Transient","floor":25,"turns":1},{"damage":6,"enemies":"Sphere and 2 Shapes","floor":27,"turns":2},{"damage":0,"enemies":"Jaw Worm Horde","floor":28,"turns":1},{"damage":0,"enemies":"Transient","floor":29,"turns":1},{"damage":3,"enemies":"4 Shapes","floor":30,"turns":1},{"damage":0,"enemies":"Time Eater","floor":33,"turns":1}],"seed_played":"466395533093434888","potions_obtained":[{"floor":1.0,"key":"FearPotion"},{"floor":19,"key":"ColorlessPotion"},{"floor":21,"key":"Fire Potion"}],"is_trial":false,"path_per_floor":["M","?","?","?","M","R","E","?","T","$","M","?","R","M","R","B",null,"M","M","?","M","?","R","E","M","T","M","M","M","M","?","R","B"],"character_chosen":"IRONCLAD","items_purchased":[],"campfire_rested":5,"item_purchase_floors":[],"current_hp_per_floor":[88,88,88,88,88,88,88,77,77,88,88,63,88,88,88,88,88,88,88,88,88,84,84,84,84,84,84,84,84,84,84,84,84,84],"gold":390,"neow_bonus":"TEN_PERCENT_HP_BONUS","is_daily":false,"chose_seed":false,"campfire_upgraded":0,"win_rate":0.0,"timestamp":1610213356,"path_taken":["M","?","?","?","?","R","E","?","T","$","M","?","R","M","R","BOSS","M","M","?","M","?","R","E","M","T","M","?","M","?","?","R","BOSS"],"items_purchased_type":[],"build_version":"2020-12-22","purchased_purges":0,"victory":false,"max_hp_per_floor":[88,88,88,88,88,88,88,88,88,88,88,88,88,88,88,88,88,88,88,88,88,84,84,84,84,84,84,84,84,84,84,84,84,84],"card_choices":[{"not_picked":["Clothesline","Sword Boomerang","Whirlwind"],"picked":"SKIP","floor":1.0},{"not_picked":["True Grit","Wild Strike","Shrug It Off"],"picked":"SKIP","floor":5.0},{"not_picked":["Clothesline","Flame Barrier","Perfected Strike"],"picked":"SKIP","floor":7.0},{"not_picked":["Twin Strike","Havoc","Reckless Charge"],"picked":"SKIP","floor":11.0},{"not_picked":["Shockwave","Heavy Blade","Iron Wave"],"picked":"SKIP","floor":14.0},{"not_picked":["Clothesline","Entrench","Thunderclap"],"picked":"SKIP","floor":18},{"not_picked":["Seeing Red+1","Intimidate","Wild Strike+1"],"picked":"SKIP","floor":19},{"not_picked":["Sword Boomerang+1","Body Slam","Clash+1"],"picked":"SKIP","floor":21},{"not_picked":["Warcry","Feel No Pain","Dual Wield+1"],"picked":"SKIP","floor":24},{"not_picked":["Heavy Blade+1","Rage+1","Twin Strike"],"picked":"SKIP","floor":25},{"not_picked":["Fire Breathing","Inflame","Shrug It Off"],"picked":"SKIP","floor":27},{"not_picked":["True Grit+1","Flex","Thunderclap"],"picked":"SKIP","floor":28},{"not_picked":["Armaments","Iron Wave","Ghostly Armor+1"],"picked":"SKIP","floor":29},{"not_picked":["Sentinel+1","Body Slam+1","Iron Wave+1"],"picked":"SKIP","floor":30}],"player_experience":164768,"relics_obtained":[{"floor":9.0,"key":"MealTicket"},{"floor":26,"key":"HornCleat"}],"event_choices":[{"cards_removed":["Flame Barrier"],"damage_healed":0.0,"max_hp_gain":0.0,"max_hp_loss":0.0,"gold_gain":0.0,"event_name":"Bonfire Elementals","player_choice":"Offered Uncommon","floor":0.0,"gold_loss":0.0,"damage_taken":0.0},{"cards_removed":["Hemokinesis"],"damage_healed":0.0,"max_hp_gain":0.0,"max_hp_loss":0.0,"gold_gain":0.0,"event_name":"Back to Basics","player_choice":"Elegance","floor":0.0,"gold_loss":0.0,"damage_taken":0.0},{"cards_removed":["Demon Form"],"damage_healed":0.0,"max_hp_gain":0.0,"max_hp_loss":0.0,"gold_gain":0.0,"event_name":"Beggar","player_choice":"Gave Gold","floor":0.0,"gold_loss":75.0,"damage_taken":0.0},{"cards_removed":["Limit Break"],"damage_healed":0.0,"max_hp_gain":0.0,"max_hp_loss":0.0,"gold_gain":0.0,"event_name":"Back to Basics","player_choice":"Elegance","floor":0.0,"gold_loss":0.0,"damage_taken":0.0},{"damage_healed":0.0,"max_hp_gain":0.0,"max_hp_loss":0.0,"gold_gain":0.0,"event_name":"The Library","player_choice":"Read","floor":0.0,"gold_loss":0.0,"damage_taken":0.0,"cards_obtained":["Battle Trance"]},{"cards_removed":["Shockwave"],"damage_healed":0.0,"max_hp_gain":0.0,"max_hp_loss":0.0,"gold_gain":0.0,"event_name":"Back to Basics","player_choice":"Elegance","floor":0.0,"gold_loss":0.0,"damage_taken":0.0},{"cards_removed":["Rampage"],"damage_healed":0.0,"max_hp_gain":0.0,"max_hp_loss":0.0,"gold_gain":0.0,"event_name":"Back to Basics","player_choice":"Elegance","floor":0.0,"gold_loss":0.0,"damage_taken":0.0},{"cards_removed":["Perfected Strike"],"damage_healed":0.0,"max_hp_gain":0.0,"max_hp_loss":0.0,"gold_gain":0.0,"event_name":"Back to Basics","player_choice":"Elegance","floor":0.0,"gold_loss":0.0,"damage_taken":0.0},{"cards_removed":["Battle Trance"],"damage_healed":0.0,"max_hp_gain":0.0,"max_hp_loss":0.0,"gold_gain":0.0,"event_name":"Back to Basics","player_choice":"Elegance","floor":0.0,"gold_loss":0.0,"damage_taken":0.0},{"damage_healed":0.0,"max_hp_gain":0.0,"max_hp_loss":0.0,"gold_gain":0.0,"event_name":"Accursed Blacksmith","player_choice":"Forge","floor":0.0,"gold_loss":0.0,"damage_taken":0.0,"cards_upgraded":["Dropkick"]},{"damage_healed":0.0,"max_hp_gain":0.0,"max_hp_loss":0.0,"gold_gain":0.0,"event_name":"Accursed Blacksmith","player_choice":"Forge","floor":0.0,"gold_loss":0.0,"damage_taken":0.0,"cards_upgraded":["Bash"]},{"damage_healed":0.0,"max_hp_gain":0.0,"max_hp_loss":0.0,"gold_gain":0.0,"event_name":"Accursed Blacksmith","player_choice":"Forge","floor":0.0,"gold_loss":0.0,"damage_taken":0.0,"cards_upgraded":["Dual Wield"]},{"damage_healed":0.0,"max_hp_gain":0.0,"max_hp_loss":0.0,"gold_gain":0.0,"event_name":"The Library","player_choice":"Read","floor":0.0,"gold_loss":0.0,"damage_taken":0.0,"cards_obtained":["Thunderclap"]},{"damage_healed":0.0,"max_hp_gain":0.0,"max_hp_loss":0.0,"gold_gain":0.0,"event_name":"Accursed Blacksmith","player_choice":"Forge","floor":0.0,"gold_loss":0.0,"damage_taken":0.0,"cards_upgraded":["Thunderclap"]},{"damage_healed":0.0,"max_hp_gain":0.0,"max_hp_loss":0.0,"gold_gain":0.0,"event_name":"The Library","player_choice":"Read","floor":0.0,"gold_loss":0.0,"damage_taken":0.0,"cards_obtained":["Rage"]},{"damage_healed":0.0,"max_hp_gain":0.0,"max_hp_loss":0.0,"gold_gain":0.0,"event_name":"Accursed Blacksmith","player_choice":"Forge","floor":0.0,"gold_loss":0.0,"damage_taken":0.0,"cards_upgraded":["Rage"]},{"cards_removed":["Bash"],"damage_healed":0.0,"max_hp_gain":0.0,"max_hp_loss":0.0,"gold_gain":0.0,"event_name":"Back to Basics","player_choice":"Elegance","floor":0.0,"gold_loss":0.0,"damage_taken":0.0},{"damage_healed":0.0,"max_hp_gain":0.0,"max_hp_loss":0.0,"gold_gain":0.0,"event_name":"The Cleric","player_choice":"Leave","floor":2.0,"gold_loss":0.0,"damage_taken":0.0},{"damage_healed":0.0,"max_hp_gain":0.0,"max_hp_loss":0.0,"gold_gain":0.0,"event_name":"Golden Idol","player_choice":"Ignored","floor":3.0,"gold_loss":0.0,"damage_taken":0.0},{"damage_healed":0.0,"max_hp_gain":0.0,"max_hp_loss":0.0,"gold_gain":0.0,"event_name":"Accursed Blacksmith","player_choice":"Ignored","floor":4.0,"gold_loss":0.0,"damage_taken":0.0},{"damage_healed":0.0,"max_hp_gain":0.0,"max_hp_loss":0.0,"gold_gain":75.0,"event_name":"World of Goop","player_choice":"Gather Gold","floor":8.0,"gold_loss":0.0,"damage_taken":11.0},{"damage_healed":0.0,"max_hp_gain":0.0,"max_hp_loss":0.0,"gold_gain":0.0,"event_name":"Scrap Ooze","player_choice":"Success","floor":12.0,"gold_loss":0.0,"damage_taken":25.0,"relics_obtained":["Lizard Tail"]},{"cards_removed":["Rage"],"damage_healed":0,"gold_gain":0,"player_choice":"Removed Skill","damage_taken":0,"max_hp_gain":0,"max_hp_loss":0,"event_name":"Falling","floor":20,"gold_loss":0},{"damage_healed":0,"gold_gain":0,"player_choice":"Max HP","damage_taken":0,"max_hp_gain":0,"max_hp_loss":4,"event_name":"Winding Halls","floor":22,"gold_loss":0},{"damage_healed":0,"gold_gain":0,"player_choice":"Upgrade","damage_taken":0,"relics_obtained":["Mark of the Bloom"],"max_hp_gain":0,"max_hp_loss":0,"event_name":"MindBloom","floor":31,"gold_loss":0,"cards_upgraded":[]}],"is_beta":false,"boss_relics":[{"not_picked":["Black Star","Runic Pyramid"],"picked":"Black Blood"}],"items_purged_floors":[],"is_endless":false,"potions_floor_spawned":[1,14,19,21,24,29],"killed_by":"Time Eater","ascension_level":0}}