{"host":"ne0yiqbtx1vmhgo0","time":1610204666,"event":{"mods":["BaseMod","Colored Map","Downfall","Marisa£®ÏF”Í°°ƒß¿Ì…≥£©","Minty Spire (QoL Compilation)","Replay The Spire","StSLib","The Bug Knight","The Construct","The Cursed","The Dragon Tamer","The Marked","The Runesmith","The Servant 0.9.4","UnlockEverythingMod"],"gold_per_floor":[118,18,45,45,45,89,119,119,119,119,176,214,260,305,305,425,425,441,220,220,220,24,24,24],"floor_reached":23,"playtime":1387,"items_purged":["Defend_MRS","Defend_MRS"],"score":222,"play_id":"7bb3f64c-4d5d-4353-a2e1-d26a1077fbd9","local_time":"20210109230426","is_ascension_mode":false,"campfire_choices":[{"data":"WitchOfGreed","floor":8,"key":"SMITH"},{"data":"JA","floor":15,"key":"SMITH"}],"circlet_count":0,"master_deck":["Strike_MRS","Strike_MRS","Strike_MRS","Defend_MRS","Defend_MRS","MasterSpark","UpSweep","WitchOfGreed+1","EnergyRecoil","JA+1","ShootTheMoon","AbsoluteMagnitude","Orbital","Parasite","Parasite","PowerUp","MillisecondPulsars","expansioncontent:QuickStudy","HandOfGreed","Secret Technique","Doubt","expansioncontent:StudyTheSpire"],"relics":["MiniHakkero","NeowsBlessing","Art of War","Replay:Mystery Machine","Replay:WaspNest","Eternal Feather","ShroomBag","Fusion Hammer","ReplayTheSpireMod:ShopPack","Ring of Peace","Ring of Fangs"],"acts_visited":["Exordium","TheCity"],"potions_floor_usage":[7,11,13,16,23],"damage_taken":[{"damage":0,"enemies":"Small Slimes","floor":1,"turns":1},{"damage":0,"enemies":"2 Louse","floor":3,"turns":2},{"damage":0,"enemies":"3 Sentries","floor":6,"turns":2},{"damage":0,"enemies":"Cultist","floor":7,"turns":3},{"damage":22,"enemies":"Gremlin Nob","floor":11,"turns":4},{"damage":12,"enemies":"Looter","floor":12,"turns":2},{"damage":3,"enemies":"The Mushroom Lair","floor":13,"turns":3},{"damage":2,"enemies":"Large Slime","floor":14,"turns":3},{"damage":6,"enemies":"Slime Boss","floor":16,"turns":5},{"damage":7,"enemies":"3 Byrds","floor":18,"turns":2},{"damage":24,"enemies":"Replay:Snechameleon","floor":23,"turns":4}],"seed_played":"-5843324934626742115","potions_obtained":[{"floor":1,"key":"Regen Potion"},{"floor":3,"key":"ShroomBrew"},{"floor":6,"key":"EssenceOfSteel"},{"floor":7,"key":"Elixir"},{"floor":11,"key":"ColorlessPotion"},{"floor":16,"key":"Block Potion"}],"is_trial":false,"path_per_floor":["M","$","M","?","$","E","M","R","T","?","E","M","?","M","R","B",null,"M","$","?","?","$","E"],"character_chosen":"MARISA","items_purchased":["WitchOfGreed","ReplayTheSpireMod:ShopPack","expansioncontent:StudyTheSpire"],"campfire_rested":0,"item_purchase_floors":[2,19,22],"current_hp_per_floor":[75,75,75,72,72,72,72,72,72,72,50,38,44,46,55,53,75,70,70,70,75,75,53,53],"gold":24,"neow_bonus":"THREE_ENEMY_KILL","is_daily":false,"chose_seed":false,"campfire_upgraded":2,"win_rate":0.0,"timestamp":1610204666,"path_taken":["M","$","M","?","$","E","M","R","T","?","E","?","?","M","R","BOSS","M","$","?","?","$","E"],"items_purchased_type":["Card","Relic","Card"],"build_version":"2020-12-22","purchased_purges":2,"victory":false,"max_hp_per_floor":[75,75,75,75,75,75,75,75,75,75,75,75,75,75,75,75,75,75,75,75,75,75,75,75],"card_choices":[{"not_picked":["GasGiant","GravityBeat","6A"],"picked":"SKIP","floor":1},{"not_picked":["ShootingEcho","6A"],"picked":"EnergyRecoil","floor":3},{"not_picked":["AsteroidBelt","MysteriousBeam"],"picked":"JA","floor":6},{"not_picked":["AsteroidBelt","MilkyWay","Acceleration"],"picked":"SKIP","floor":7},{"not_picked":["MeteoricShower","EarthLightRay"],"picked":"AbsoluteMagnitude","floor":11},{"not_picked":["AsteroidBelt","OortCloud"],"picked":"Orbital","floor":12},{"not_picked":["GalacticHalo","WitchOfGreed"],"picked":"PowerUp","floor":14},{"not_picked":["StarDustReverie","MaximisePower"],"picked":"MillisecondPulsars","floor":16},{"not_picked":["DarkMatter","GalacticHalo","MagicAbsorber"],"picked":"SKIP","floor":18},{"not_picked":["HandOfGreed","Secret Weapon"],"picked":"expansioncontent:QuickStudy","floor":19},{"not_picked":["Replay:SS_hec_4","Survey Options"],"picked":"HandOfGreed","floor":19},{"not_picked":["Replay:SS_fish_3","expansioncontent:Collect"],"picked":"Secret Technique","floor":19}],"player_experience":26941,"relics_obtained":[{"floor":6,"key":"Replay:Mystery Machine"},{"floor":9,"key":"Replay:WaspNest"},{"floor":11,"key":"Eternal Feather"},{"floor":13,"key":"ShroomBag"},{"floor":20,"key":"Ring of Peace"},{"floor":20,"key":"Ring of Fangs"}],"event_choices":[{"damage_healed":0,"gold_gain":0,"player_choice":"Success","damage_taken":3,"relics_obtained":["Art of War"],"max_hp_gain":0,"max_hp_loss":0,"event_name":"Scrap Ooze","floor":4,"gold_loss":0},{"damage_healed":0,"gold_gain":0,"cards_transformed":["Strike_MRS"],"player_choice":"Transformed","damage_taken":0,"max_hp_gain":0,"max_hp_loss":0,"event_name":"Transmorgrifier","floor":10,"gold_loss":0,"cards_obtained":["ShootTheMoon"]},{"damage_healed":0,"gold_gain":0,"player_choice":"Fought Mushrooms","damage_taken":0,"max_hp_gain":0,"max_hp_loss":0,"event_name":"Mushrooms_MRS","floor":13,"gold_loss":0},{"damage_healed":5,"gold_gain":0,"player_choice":"Full Heal","damage_taken":0,"max_hp_gain":0,"max_hp_loss":0,"event_name":"Wheel of Change","floor":21,"gold_loss":0}],"is_beta":false,"boss_relics":[{"not_picked":["Busted Crown","construct:ClawGrip"],"picked":"Fusion Hammer"}],"items_purged_floors":[2,19],"is_endless":false,"potions_floor_spawned":[1,6,11,12,16],"killed_by":"Replay:Snechameleon","ascension_level":0}}