{"host":"ahe97mou057ugdu8","time":1610170103,"event":{"mods":["BaseMod","Better Vampires","BetterRewards","Colored Map","Colored Powertips","Conspire","Custom Start","Halation","Highlight Path","Infinite Spire","Marisa????????","Minty Spire (QoL Compilation)","Prisma Mod","READ ME - Guardian Mod","READ ME - Snecko Mod","Remilia??????","Shop Mod","StSLib","The Animator","The Bladedancer","The Construct","The Cursed","The Disciple","The Exalted","The Factory","The Jungle","The Necromancer","The Runesmith","The Senshi","The Servant 0.9.4","The Spell Scribe","The Witch"],"gold_per_floor":[118,118,193,204,56,87,87,116,184,184,217,234,184,109,109,210,210,230,230,244,366,368,397,397,428,428,428,467,467,500,515,515,614,614,632,654,654,245,245,276,276,309,336,371,394,394,427,457,457,469,469],"floor_reached":50,"playtime":4881,"items_purged":["Runesmith:HeatedChisel","Runesmith:ChiselStab","Runesmith:CreatorForm+1","Runesmith:ChiselStab+1"],"score":800,"play_id":"526057c8-5574-454f-8b36-97a387d81e5f","local_time":"20210109002823","daily_mods":["SealedDeck","Heirloom","Elite Swarm"],"is_ascension_mode":false,"campfire_choices":[{"data":"Runesmith:LithiumIon","floor":7,"key":"SMITH"},{"data":"Runesmith:HammerTime","floor":10,"key":"SMITH"},{"data":"Runesmith:LithiumIon","floor":15,"key":"SMITH"},{"data":"Runesmith:FieryHammer+1","floor":27,"key":"SMITH"},{"data":"Runesmith:FieryHammer+2","floor":29,"key":"SMITH"},{"data":"Runesmith:FieryHammer+4","floor":32,"key":"SMITH"},{"data":"Runesmith:FieryHammer+6","floor":41,"key":"SMITH"},{"data":"Runesmith:FieryHammer+7","floor":49,"key":"SMITH"}],"circlet_count":0,"master_deck":["Runesmith:EarthShield+1","Runesmith:LithiumIon+1","Runesmith:HammerTime+1","Runesmith:Firewall+1","Runesmith:FieryHammer+8","Runesmith:LithiumIon+1","Runesmith:ReplicatingBarrier+1","Runesmith:Grindstone+1","infinitespire:Punishment+1","Runesmith:HeatExchange+1","Runesmith:Firestorm+1","infinitespire:Punishment+1","infinitespire:DeathsTouch+1","Runesmith:CraftMedicinae+1","Runesmith:CraftMedicinae","Runesmith:GenerateForcefield+1","Runesmith:CraftProtectio+1"],"relics":["Runesmith:BrokenRuby","Incense Burner","Toolbox","Happy Flower","HornCleat","infinitespire:Midas Blood","Eternal Feather","halation:HeavySnake","Toy Ornithopter","infinitespire:CursedDice","Peace Pipe","Torii","InkBottle","Calipers","SlaversCollar","Chemical X","MerchantsRug","halation:Diary","Toy Ornithopter","infinitespire:Magic Flask","Runesmith:MiniCore","Runesmith:Locket","Mercury Hourglass"],"acts_visited":["Exordium","Exordium","TheBeyond"],"potions_floor_usage":[25,25,25],"damage_taken":[{"damage":0,"enemies":"Small Slimes","floor":1,"turns":2},{"damage":0,"enemies":"2 Louse","floor":4,"turns":2},{"damage":10,"enemies":"3 Sentries","floor":6,"turns":5},{"damage":18,"enemies":"Lagavulin","floor":8,"turns":4},{"damage":0,"enemies":"Gremlin Nob","floor":11,"turns":4},{"damage":0,"enemies":"Jaw Worm","floor":12,"turns":2},{"damage":7,"enemies":"The Guardian","floor":16,"turns":6},{"damage":5,"enemies":"theJungle:5_Spyders","floor":18,"turns":7},{"damage":3,"enemies":"theJungle:MUSHROOMGANG","floor":20,"turns":3},{"damage":11,"enemies":"theJungle:Cassacara","floor":23,"turns":7},{"damage":29,"enemies":"theJungle:2_Phrogs","floor":25,"turns":9},{"damage":13,"enemies":"theJungle:Cassacara","floor":28,"turns":6},{"damage":12,"enemies":"theJungle:2_Phrogs","floor":30,"turns":6},{"damage":0,"enemies":"theJungle:Lyon","floor":31,"turns":3},{"damage":0,"enemies":"theJungle:QueenSpyder","floor":33,"turns":8},{"damage":0,"enemies":"3 Darklings","floor":35,"turns":3},{"damage":3,"enemies":"3 Shapes","floor":36,"turns":1},{"damage":41,"enemies":"Nemesis","floor":40,"turns":5},{"damage":1,"enemies":"Giant Head","floor":42,"turns":6},{"damage":3,"enemies":"Nemesis","floor":44,"turns":5},{"damage":47,"enemies":"Transient","floor":45,"turns":5},{"damage":0,"enemies":"Reptomancer","floor":47,"turns":4},{"damage":16,"enemies":"Maw","floor":48,"turns":6},{"damage":35,"enemies":"Awakened One","floor":50,"turns":4}],"seed_played":"5981375923276532868","potions_obtained":[{"floor":8,"key":"Ancient Potion"},{"floor":11,"key":"Strength Potion"},{"floor":12,"key":"PowerPotion"},{"floor":30,"key":"ColorlessPotion"},{"floor":31,"key":"ColorlessPotion"},{"floor":33,"key":"Weak Potion"},{"floor":40,"key":"LiquidMemories"}],"is_trial":true,"path_per_floor":["M","?","?","M","$","E","R","E","T","R","E","M","?","$","R","B",null,"M","AVR","M","?","?","E","?","E","T","R","E","R","E","M","R","B",null,"M","M","?","$","AVR","E","R","E","T","E","M","?","E","M","R","B"],"character_chosen":"RUNESMITH_CLASS","items_purchased":["Toolbox","Chemical X","MerchantsRug"],"campfire_rested":0,"item_purchase_floors":[5,38,38],"current_hp_per_floor":[70,75,64,64,64,54,54,36,36,36,36,36,36,36,42,35,75,70,70,67,56,46,35,35,21,21,27,14,20,8,8,14,14,75,75,72,72,72,72,31,37,36,36,37,31,31,36,26,35,0,0],"gold":469,"neow_bonus":"","is_daily":false,"chose_seed":false,"campfire_upgraded":8,"win_rate":0.0,"timestamp":1610170103,"path_taken":["M","?","?","M","$","E","R","E","T","R","E","M","?","$","R","BOSS","M","AVR","M","?","?","E","?","E","T","R","E","R","E","M","R","BOSS","M","?","?","?","AVR","E","R","E","T","E","?","?","E","M","R","BOSS"],"items_purchased_type":["Relic","Relic","Relic"],"build_version":"2020-12-22","purchased_purges":4,"victory":false,"max_hp_per_floor":[70,75,75,75,75,75,75,75,75,75,75,75,75,75,75,75,75,75,75,75,75,75,75,75,75,75,75,75,75,75,75,75,75,75,75,75,75,75,75,75,75,75,75,75,75,75,75,75,75,75,75],"card_choices":[{"not_picked":["Runesmith:Malloc","Runesmith:MakeshiftArmor"],"picked":"Runesmith:LithiumIon","floor":1},{"not_picked":["Runesmith:ElementalConversion","Runesmith:MakeshiftArmor","Runesmith:ChiselStab"],"picked":"SKIP","floor":4},{"not_picked":["Runesmith:UnlimitedPower","Runesmith:CraftMedicinae","Runesmith:Supernova"],"picked":"SKIP","floor":6},{"not_picked":["Runesmith:CraftIndustria","Runesmith:Duplicate"],"picked":"Runesmith:ReplicatingBarrier","floor":8},{"not_picked":["Runesmith:LastStand","Runesmith:CraftPrismatica","Runesmith:ArcReactor"],"picked":"SKIP","floor":11},{"not_picked":["Runesmith:LithiumIon","Runesmith:Attraction"],"picked":"Runesmith:Grindstone","floor":12},{"not_picked":["Runesmith:Superposition","Runesmith:Augment+1","Runesmith:ChiselStab"],"picked":"SKIP","floor":18},{"not_picked":["Runesmith:CraftReservo","Runesmith:Grindstone"],"picked":"Runesmith:HeatExchange","floor":20},{"not_picked":["Runesmith:CraftIndustria","Runesmith:LightningRod","Runesmith:ReplicatingBarrier"],"picked":"SKIP","floor":23},{"not_picked":["Runesmith:CreatorForm","Runesmith:CraftIndustria","Runesmith:CraftPrismatica"],"picked":"SKIP","floor":25},{"not_picked":["Runesmith:LightningRod","Runesmith:Duplicate","Runesmith:MetallurgicalResearch"],"picked":"SKIP","floor":28},{"not_picked":["Runesmith:FissionHammer","Runesmith:DuctTape"],"picked":"Runesmith:CreatorForm","floor":30},{"not_picked":["Runesmith:HeatedChisel","Runesmith:MakeshiftArmor"],"picked":"Runesmith:Firestorm+1","floor":31},{"not_picked":["Runesmith:Refine","Runesmith:CraftMagma","Runesmith:Firewall+1"],"picked":"SKIP","floor":35},{"not_picked":["Runesmith:Permafrost+1","Runesmith:CraftVitae","Runesmith:EnergizedChisel+1"],"picked":"SKIP","floor":36},{"not_picked":["Runesmith:DuctTape","Runesmith:LastStand"],"picked":"Runesmith:CraftMedicinae","floor":40},{"not_picked":["Runesmith:LightningRod","Runesmith:ArcReactor"],"picked":"Runesmith:CraftMedicinae","floor":42},{"not_picked":["Runesmith:ArcReactor","Runesmith:LightningRod","Runesmith:CraftMedicinae"],"picked":"SKIP","floor":44},{"not_picked":["Runesmith:EarthShield","Runesmith:HeatExchange","Runesmith:Grindstone+1"],"picked":"SKIP","floor":45},{"not_picked":["Runesmith:CraftMedicinae","Runesmith:LightningRod"],"picked":"Runesmith:GenerateForcefield","floor":47},{"not_picked":["Runesmith:Prism","Runesmith:ShiftingStrike"],"picked":"Runesmith:CraftProtectio","floor":48}],"player_experience":20189,"relics_obtained":[{"floor":6,"key":"Happy Flower"},{"floor":8,"key":"HornCleat"},{"floor":9,"key":"infinitespire:Midas Blood"},{"floor":11,"key":"Eternal Feather"},{"floor":23,"key":"infinitespire:CursedDice"},{"floor":25,"key":"Peace Pipe"},{"floor":26,"key":"Torii"},{"floor":28,"key":"InkBottle"},{"floor":30,"key":"Calipers"},{"floor":40,"key":"Toy Ornithopter"},{"floor":42,"key":"infinitespire:Magic Flask"},{"floor":43,"key":"Runesmith:MiniCore"},{"floor":44,"key":"Runesmith:Locket"},{"floor":47,"key":"Mercury Hourglass"}],"event_choices":[{"damage_healed":0,"gold_gain":0,"player_choice":"Donut","damage_taken":0,"max_hp_gain":5,"max_hp_loss":0,"event_name":"Big Fish","floor":2,"gold_loss":0},{"damage_healed":0,"gold_gain":75,"player_choice":"Gather Gold","damage_taken":11,"max_hp_gain":0,"max_hp_loss":0,"event_name":"World of Goop","floor":3,"gold_loss":0},{"cards_removed":["Runesmith:HeatedChisel"],"damage_healed":0,"gold_gain":0,"player_choice":"Card Removal","damage_taken":0,"max_hp_gain":0,"max_hp_loss":0,"event_name":"The Cleric","floor":13,"gold_loss":50},{"damage_healed":0,"gold_gain":0,"player_choice":"Forge","damage_taken":0,"max_hp_gain":0,"max_hp_loss":0,"event_name":"Accursed Blacksmith","floor":24,"gold_loss":0,"cards_upgraded":["Runesmith:FieryHammer"]},{"damage_healed":0,"gold_gain":0,"player_choice":"Copied","damage_taken":0,"max_hp_gain":0,"max_hp_loss":0,"event_name":"Duplicator","floor":37,"gold_loss":0,"cards_obtained":["infinitespire:Punishment"]},{"damage_healed":0,"gold_gain":0,"player_choice":"Leave","damage_taken":0,"max_hp_gain":0,"max_hp_loss":0,"event_name":"conspire:Investor","floor":46,"gold_loss":0}],"is_beta":false,"boss_relics":[{"not_picked":["Bromod:ArcaneBarrier","halation:LoveArrow"],"picked":"halation:HeavySnake"},{"not_picked":["halation:PlatinumPhoenix","halation:Yufonium"],"picked":"SlaversCollar"}],"items_purged_floors":[14,19,38,39],"is_endless":false,"potions_floor_spawned":[8,11,12,18,30,31,33,40,44,47],"killed_by":"Awakened One","ascension_level":0}}