{"host":"bf9sa99gaumonoeu","time":1610208088,"event":{"mods":["AchievementEnabler","Act Like it!","BaseMod","Better Sensory Stone","Colored Map","Colored Powertips","Downfall","Friendly Minions","Gensokyo","GifTheSpireLib","Googly Eyes","Hallownest","Hermit","Jorbs\u0027s Wanderer Trilogy","KinomotoSakuraMod(????)","Koishi","Lobotomy","Marisa????????","Minty Spire (QoL Compilation)","Rare Cards Sparkle","Reimu??????","Relic Stats","Remilia??????","StSLib","The Administrix","The Animator","The Bug Knight","The Construct","The Cursed","The Disciple","The Hierophant","The Mystic","The Necromancer","The Poker Player","The Runesmith","The Senshi","The Servant 0.9.4","TheLocksmith"],"gold_per_floor":[110,122,122,134,147,147,160,160,233,233,233],"floor_reached":10,"playtime":451,"items_purged":[],"score":93,"play_id":"b42cb653-7c29-437c-a66c-498b03542b54","local_time":"20210109140128","is_ascension_mode":true,"campfire_choices":[{"data":"Static Discharge","floor":6,"key":"SMITH"},{"data":"Recycle","floor":8,"key":"SMITH"}],"circlet_count":0,"master_deck":["AscendersBane","Strike_B","Strike_B","Strike_B","Strike_B","Defend_B","Defend_B","Defend_B","Zap","Dualcast","Reinforced Body","Leap","Recycle+1","Rebound","Static Discharge+1","Capacitor"],"relics":["bronze:MakeshiftBattery","Bottled Lightning"],"acts_visited":["Exordium"],"potions_floor_usage":[7,10],"damage_taken":[{"damage":3,"enemies":"2 Louse","floor":1,"turns":3},{"damage":0,"enemies":"Small Slimes","floor":2,"turns":3},{"damage":0,"enemies":"Cultist","floor":4,"turns":4},{"damage":10,"enemies":"Looter","floor":5,"turns":4},{"damage":1,"enemies":"Exordium Thugs","floor":7,"turns":6},{"damage":54,"enemies":"Gremlin Nob","floor":10,"turns":4}],"seed_played":"1067569323833965133","potions_obtained":[{"floor":2,"key":"Block Potion"},{"floor":4,"key":"MagicPotion:ReiMu"}],"is_trial":false,"path_per_floor":["M","M","?","M","M","R","M","R","T","E"],"character_chosen":"DEFECT","items_purchased":[],"campfire_rested":0,"item_purchase_floors":[],"current_hp_per_floor":[65,65,65,65,55,55,54,54,54,0,0],"gold":233,"neow_bonus":"BOSS_RELIC","is_daily":false,"chose_seed":false,"campfire_upgraded":2,"win_rate":0.0,"timestamp":1610208088,"path_taken":["M","M","?","M","M","R","M","R","T","E"],"items_purchased_type":[],"build_version":"2020-12-22","purchased_purges":0,"victory":false,"max_hp_per_floor":[75,75,75,75,75,75,75,75,75,75,75],"relic_stats":{"counters":[6,24],"obtain_stats":[{"Bottled Lightning":9,"Cracked Core":0,"bronze:MakeshiftBattery":0},{"Bottled Lightning":5,"Cracked Core":0,"bronze:MakeshiftBattery":0},{"Bottled Lightning":20,"Cracked Core":0,"bronze:MakeshiftBattery":0}]},"card_choices":[{"not_picked":["Leap","Chaos"],"picked":"Reinforced Body","floor":1},{"not_picked":["Double Energy","Barrage"],"picked":"Leap","floor":2},{"not_picked":["Streamline","Scrape"],"picked":"Rebound","floor":4},{"not_picked":["Aggregate","Leap"],"picked":"Static Discharge","floor":5},{"not_picked":["Double Energy","Stack"],"picked":"Capacitor","floor":7}],"player_experience":902843,"relics_obtained":[{"floor":9,"key":"Bottled Lightning"}],"event_choices":[{"damage_healed":0,"gold_gain":0,"cards_transformed":["Defend_B"],"player_choice":"Change","damage_taken":0,"max_hp_gain":0,"max_hp_loss":0,"event_name":"Living Wall","floor":3,"gold_loss":0,"cards_obtained":["Recycle"]}],"is_beta":false,"boss_relics":[],"items_purged_floors":[],"is_endless":false,"potions_floor_spawned":[2,4],"killed_by":"Gremlin Nob","ascension_level":11}}