{"host":"a4s27ghlnr83kbqz","time":1610185204,"event":{"mods":["AchievementEnabler","BaseMod","Colored Map","Minty Spire (QoL Compilation)","Permanent Neow","SuperFastMode"],"gold_per_floor":[118,131,56,66,78,78,96,96,122,122,157,169,214,226,238,250,250],"floor_reached":16,"playtime":255,"items_purged":[],"score":220,"play_id":"100e242a-926f-49ff-a6f8-58e0d7b0d77d","local_time":"20210109174004","is_ascension_mode":true,"campfire_choices":[{"data":"Pommel Strike","floor":6,"key":"SMITH"},{"data":"Bash","floor":8,"key":"SMITH"},{"data":"Shrug It Off","floor":10,"key":"SMITH"},{"data":"Power Through","floor":15,"key":"SMITH"}],"circlet_count":0,"master_deck":["AscendersBane","Strike_R","Strike_R","Defend_R","Defend_R","Defend_R","Bash+1","Shrug It Off+1","Pommel Strike+1","Power Through+1"],"relics":["Burning Blood","Juzu Bracelet","MawBank","Dream Catcher"],"acts_visited":["Exordium"],"potions_floor_usage":[11,13,13,13],"damage_taken":[{"damage":13,"enemies":"Cultist","floor":1,"turns":5},{"damage":18,"enemies":"Jaw Worm","floor":2,"turns":5},{"damage":4,"enemies":"2 Louse","floor":4,"turns":3},{"damage":4,"enemies":"Large Slime","floor":5,"turns":7},{"damage":7,"enemies":"3 Louse","floor":7,"turns":6},{"damage":32,"enemies":"Gremlin Nob","floor":11,"turns":4},{"damage":31,"enemies":"Lagavulin","floor":13,"turns":9},{"damage":0,"enemies":"The Guardian","floor":16,"turns":2}],"seed_played":"6837491998212244340","potions_obtained":[{"floor":2,"key":"Regen Potion"},{"floor":4,"key":"Swift Potion"},{"floor":5,"key":"BloodPotion"},{"floor":11,"key":"EntropicBrew"},{"floor":13,"key":"Energy Potion"}],"is_trial":false,"path_per_floor":["M","M","?","M","M","R","M","R","T","R","E","?","E","?","R","B"],"character_chosen":"IRONCLAD","items_purchased":[],"campfire_rested":0,"item_purchase_floors":[],"current_hp_per_floor":[43,31,31,33,35,35,34,34,34,34,17,17,7,32,32,32,32],"gold":250,"neow_bonus":"REMOVE_TWO","is_daily":false,"chose_seed":false,"campfire_upgraded":4,"win_rate":0.0,"timestamp":1610185204,"path_taken":["M","M","?","M","M","R","M","R","T","R","E","?","E","?","R","BOSS"],"items_purchased_type":[],"build_version":"2020-12-22","purchased_purges":0,"victory":false,"max_hp_per_floor":[75,75,75,75,75,75,75,75,75,75,75,75,75,75,75,75,75],"card_choices":[{"not_picked":["Warcry","Anger"],"picked":"Shrug It Off","floor":1},{"not_picked":["Body Slam","True Grit"],"picked":"Pommel Strike","floor":2},{"not_picked":["True Grit","Anger"],"picked":"Power Through","floor":4},{"not_picked":["Inflame","Clothesline","Sword Boomerang"],"picked":"SKIP","floor":5},{"not_picked":["Rampage","Havoc","Sentinel"],"picked":"SKIP","floor":7},{"not_picked":["Intimidate","Perfected Strike","Heavy Blade"],"picked":"SKIP","floor":11},{"not_picked":["Double Tap","Brutality","Clothesline"],"picked":"SKIP","floor":13}],"player_experience":1095944,"relics_obtained":[{"floor":9,"key":"Juzu Bracelet"},{"floor":11,"key":"MawBank"},{"floor":13,"key":"Dream Catcher"}],"event_choices":[{"cards_removed":["Strike_R"],"damage_healed":0,"gold_gain":0,"player_choice":"Card Removal","damage_taken":0,"max_hp_gain":0,"max_hp_loss":0,"event_name":"The Cleric","floor":3,"gold_loss":75},{"cards_removed":["Strike_R"],"damage_healed":0,"gold_gain":0,"player_choice":"Offered Basic","damage_taken":0,"max_hp_gain":0,"max_hp_loss":0,"event_name":"Bonfire Elementals","floor":12,"gold_loss":0},{"damage_healed":25,"gold_gain":0,"player_choice":"Banana","damage_taken":0,"max_hp_gain":0,"max_hp_loss":0,"event_name":"Big Fish","floor":14,"gold_loss":0}],"is_beta":false,"boss_relics":[],"items_purged_floors":[],"is_endless":false,"potions_floor_spawned":[2,4,5,11,13],"killed_by":"The Guardian","ascension_level":20}}