{"host":"4q8tqz186r0pap1a","time":1610206842,"event":{"mods":["ATMod(阿瑾Mod)","Act Like it!","Arknights The Spire","BaseMod","Bestiary","Block Reminder","Colored Powertips","Curses Come First","Dota2Spire","Downfall","Gensokyo","Gold Saver","GungeonMod","Hallownest","Highlight Path","Hubris","Hunter 猎人","Jedi Mod","KinomotoSakuraMod(木之本樱)","KomeijiMod","LagranYue(拉格朗・月)","Minty Spire (QoL Compilation)","Nova Terra(诺娃・泰拉)","Pale of the Ancients","Quarter Circle Forward PUNCH!","Red Circlet Mod","Relic Stats","Replay The Spire","Shop Mod","Spicy Shops","StSLib","The Bug Knight","The Construct","The Cursed","The Marked","TheWitcher","WarShipGirlsR/战舰少女R mod","Yakumo Yukari mod","Yuyuko","[IsaacMod]以撒尖塔","[功能]功能增强和修复MOD","[地精首领爬塔]The Maniac","vexMod","【功能Mod】混沌之环修复补丁","【功能Mod】聪明的最终Boss","【遗物卡牌】REMEMod","残留之物"],"gold_per_floor":[112,129,124,124,124,109,109,82,106,57,77,77,90,109,109,660,660,654,644,644,639,649,677,652,683,683,700,700,695,723,723,723,1298,1298,1314,1330,1330,1379,1369,1389,1423,1423,1423,1479,1471,1521,1547,1547,1547,1467,1107,1107,1107,1107,1140,602],"floor_reached":57,"playtime":6753,"items_purged":["Clumsy","Pain","AT_ChampionKick","Decay","Defend_P","Defend_P","Defend_P","Prostrate","Worship+1","Parasite","Shame","Pain","AT_PowerWithin","Strike_P"],"score":3783,"play_id":"db687373-2aee-4aad-80fd-cceace2619c3","local_time":"20210109234042","is_ascension_mode":true,"campfire_choices":[{"floor":7,"key":"RECALL"},{"data":"Devotion","floor":15,"key":"SMITH"},{"data":"Eruption","floor":28,"key":"SMITH"},{"data":"AT_ChampionStep","floor":32,"key":"SMITH"},{"data":"Adaptation","floor":42,"key":"SMITH"},{"data":"EmptyFist","floor":49,"key":"SMITH"},{"data":"MentalFortress","floor":53,"key":"SMITH"}],"circlet_count":0,"master_deck":["AscendersBane","Strike_P","Strike_P","Strike_P+1","Defend_P","Eruption+1","Vigilance","theMarked:Overcharge+1","Strike_G","DemoMod:TableTechHeat","Protect","Replay:Vibes","ReachHeaven","DeceiveReality","Replay:DivineShield","Adaptation+1","EmptyFist+1","Mayhem+1","MentalFortress+1","Prostrate","EmptyBody","REME_CRH+1","Worship+1","AT_SoftenMuscles+1","ClearTheMind+1","Vengeance+1","Devotion+1","REME_WorshipGod+1","DeusExMachina+1","LessonLearned+1","Wish+1","AT_IrregularMenstruation+1","Replay:ManipulateFuture+1","EmptyMind+1","Prostrate+1","Perseverance+1","Prostrate+1","ReachHeaven+1","Vault+1","Indignation+1","AT_ChampionStep+1","DemoMod:Spice+1","Vault+1","Wish+1","DemoMod:Spice+1","AT_MachinaRedman+1","WreathOfFlame+1","Crescendo+1","CarveReality","ClearTheMind+1","CutThroughFate+1","AT_ChampionStep+1","Tantrum+1","REME_BodyOfCthun+1","Nirvana+1","REME_Repentance+1","Ragnarok+1","expansioncontent:StudyTheSpire+1","expansioncontent:StudyTheSpire+1","WindmillStrike+1"],"relics":["PureWater","AT_ATBox","REME_ComplimentaryCards","HushsDoor","SharpPlug","LagranYue:RandomDrawCardRelic","Vajra","Dota2Spire:MagicBottle","jedi:fakemustache","vexMod:Dragonfruit","Dota2Spire:ArcaneBoots","OrangePellets","MerchantsRug","Ancient Tea Set","Ornamental Fan","AT_SeraphEmbrace","Orichalcum","REME_OnlineShoppingPlatform","White Beast Statue","D6","Toxic Egg 2","PlaceholderMod:DaolothFragment","hubris:TinFlute","SatanicBible","Toolbox","Guide Book","Snack Pack","Blue Doll","Ring of Chaos","GuppysTail","REME_CardOfGreed","HornCleat","qcfpunch:Wrestler\u0027s_Cloak","DeathBook","Frozen Eye","AT_RedTearstoneRing","NineVolt","Dota2Spire:MantaStyle","Dota2Spire:ShadowBlade","jedi:shrinkray","NitorisBag","AT_GuinsooRageblade","MutagenicStrength","Replay:WaspNest","qcfpunch:Broken_Tusk","jedi:HeartOfTheCards","LagranYue:NewUniverseRelic","Strawberry","Orrery","Dota2Spire:CrimsonGuard","hubris:PeanutButter","AT_EbonyIvory","Lee\u0027s Waffle","DemoMod:MonsterBlood","vexMod:Spyglass","hubris:CrystalStatue","hubris:BundleOfHerbs","DemoMod:JetPack","ReplayFunnel","Akabeko","Medical Kit","vexMod:FocusSash","Strange Spoon","Bottled Flame","AT_GoldPhoenixTree","Damaru","EdensBlessing","AT_TrinityForce","Bird Faced Urn","qcfpunch:Wild_Herbs_Ointment","vexMod:GhostlyGear","AT_DeathDance","Shuriken","qcfpunch:Fighting_Gloves","Dota2Spire:Vanguard","Matryoshka","TheAbacus","PreservedInsect","Golden Egg","Singing Bowl","DemoMod:MeatBun","UnicornStump","Boot","BookofShadows","Leech","BFFS","hubris:MysteriousPyramids","Pet Ghost","Oddly Smooth Stone","DemoMod:ChaffGrenade","hubris:EmptyBottle","hubris:TenFootPole","Replay:Wax Seal","Membership Card","vexMod:InvisibilityCloak","HollowMod:PaleOreRelic","Blue Candle","DemoMod:Metronome","Kunai","Onion Ring","Chemical X","jedi:crownofsimplicity","Replay:Bandana","Sling","Bag of Marbles","qcfpunch:Army_Boots","Melange","HoshigumaDish","TheBattery","Mirror","AT_ImmortalShieldbow"],"acts_visited":[],"potions_floor_usage":[6,6,8,8,10,10,10,10,16,18,50,50,50,50,51,51,51,51,51,51,51,51,51,51,51,51,51,51,51,51,51,51,56,56,56,56,56,56,56,56,56,56,56,56,56,56,56,56,56,56,56,56,56,56,56,56,56,56,56,56,56,56,56,56,56],"damage_taken":[{"damage":0,"enemies":"Cultist","floor":1,"turns":2},{"damage":6,"enemies":"2 Louse","floor":2,"turns":3},{"damage":12,"enemies":"Lagavulin","floor":6,"turns":3},{"damage":0,"enemies":"Jaw Worm","floor":8,"turns":1},{"damage":0,"enemies":"Gremlin Nob","floor":10,"turns":4},{"damage":0,"enemies":"Gremlin Gang","floor":11,"turns":2},{"damage":0,"enemies":"3 Louse","floor":13,"turns":3},{"damage":0,"enemies":"Looter","floor":14,"turns":2},{"damage":16,"enemies":"Slime Boss","floor":16,"turns":3},{"damage":27,"enemies":"Chosen","floor":18,"turns":4},{"damage":4,"enemies":"2 Thieves","floor":22,"turns":2},{"damage":0,"enemies":"HollowMod:Nosk","floor":23,"turns":4},{"damage":0,"enemies":"Replay:Snechameleon","floor":25,"turns":1},{"damage":0,"enemies":"Snecko","floor":27,"turns":2},{"damage":0,"enemies":"Book of Stabbing","floor":30,"turns":2},{"damage":0,"enemies":"Champ","floor":33,"turns":1},{"damage":0,"enemies":"Orb Walker","floor":35,"turns":1},{"damage":0,"enemies":"3 Darklings","floor":36,"turns":1},{"damage":0,"enemies":"2 Orb Walkers","floor":38,"turns":1},{"damage":0,"enemies":"Spire Growth","floor":40,"turns":1},{"damage":0,"enemies":"R_Hoarder","floor":41,"turns":1},{"damage":0,"enemies":"Giant Head","floor":44,"turns":1},{"damage":0,"enemies":"R_Hoarder","floor":47,"turns":1},{"damage":0,"enemies":"Donu and Deca","floor":50,"turns":9},{"damage":24,"enemies":"Awakened One","floor":51,"turns":8},{"damage":0,"enemies":"Shield and Spear","floor":55,"turns":1},{"damage":124,"enemies":"Delirium","floor":56,"turns":7}],"seed_played":"-7208408796477372685","potions_obtained":[{"floor":1,"key":"Languid Potion"},{"floor":1,"key":"ColorlessPotion"}],"is_trial":false,"path_per_floor":["M","M","$","?","$","E","R","M","T","E","M","$","M","M","R","B",null,"M","$","?","$","M","E","$","E","T","M","R","$","E","?","R","B",null,"M","M","$","?","$","M","E","R","T","E","$","?","E","$","R","B","B",null,"R","$","E","B",null],"character_chosen":"WATCHER","items_purchased":["Vajra","Dota2Spire:MagicBottle","jedi:fakemustache","vexMod:Dragonfruit","Dota2Spire:ArcaneBoots","OrangePellets","Adaptation","EmptyFist","MerchantsRug","Ancient Tea Set","Ornamental Fan","AT_ArchangelStaff","Orichalcum","REME_OnlineShoppingPlatform","MentalFortress","Toxic Egg 2","PlaceholderMod:DaolothFragment","hubris:TinFlute","SatanicBible","Toolbox","AT_SoftenMuscles+1","Guide Book","GuppysTail","AT_IrregularMenstruation+1","REME_CardOfGreed","HornCleat","qcfpunch:Wrestler\u0027s_Cloak","DeathBook","Frozen Eye","AT_RedTearstoneRing","NineVolt","Dota2Spire:MantaStyle","Dota2Spire:ShadowBlade","jedi:shrinkray","NitorisBag","AT_GuinsooRageblade","Perseverance+1","Replay:WaspNest","qcfpunch:Broken_Tusk","jedi:HeartOfTheCards","LagranYue:NewUniverseRelic","Strawberry","Orrery","hubris:PeanutButter","AT_EbonyIvory","Lee\u0027s Waffle","DemoMod:MonsterBlood","vexMod:Spyglass","hubris:CrystalStatue","Vault+1","ReplayFunnel","Akabeko","Medical Kit","vexMod:FocusSash","Strange Spoon","Bottled Flame","AT_ChampionStep","Bird Faced Urn","qcfpunch:Wild_Herbs_Ointment","vexMod:GhostlyGear","AT_DeathDance","Shuriken","Dota2Spire:Vanguard","Matryoshka","TheAbacus","qcfpunch:Cattail","PreservedInsect","Golden Egg","Singing Bowl","DemoMod:MeatBun","UnicornStump","Boot","BookofShadows","CutThroughFate","Oddly Smooth Stone","DemoMod:ChaffGrenade","hubris:EmptyBottle","hubris:TenFootPole","Replay:Wax Seal","Membership Card","HollowMod:PaleOreRelic","Blue Candle","DemoMod:Metronome","REME_BodyOfCthun+1","Kunai","Onion Ring","Chemical X","jedi:crownofsimplicity","Replay:Bandana","Sling","Bag of Marbles","qcfpunch:Army_Boots","Melange","HoshigumaDish","TheBattery","Mirror","Nirvana+1","REME_Repentance+1","Ragnarok","expansioncontent:StudyTheSpire"],"campfire_rested":0,"item_purchase_floors":[3,3,3,3,3,3,3,3,3,5,5,5,5,5,5,12,12,12,12,12,12,12,17,17,19,19,19,19,19,19,19,19,19,19,19,19,19,21,21,21,21,21,21,24,24,24,24,24,24,24,29,29,29,29,29,29,29,37,37,37,37,37,39,39,39,39,39,39,39,39,39,39,39,39,45,45,45,45,45,45,48,48,48,48,54,54,54,54,54,54,54,54,54,54,54,54,54,54,54,54],"current_hp_per_floor":[73,69,85,85,85,73,73,73,73,73,73,85,85,85,85,69,71,44,71,71,78,74,74,92,90,90,90,90,87,87,87,87,87,87,87,87,87,85,85,89,91,91,91,93,93,93,93,93,93,89,85,85,85,85,85,83],"gold":602,"neow_bonus":"TWENTY_PERCENT_HP_BONUS","is_daily":false,"chose_seed":false,"campfire_upgraded":6,"win_rate":0.0,"timestamp":1610206842,"path_taken":["M","M","$","?","$","E","R","M","T","E","M","$","?","M","R","BOSS","M","$","?","$","M","E","$","E","T","M","R","$","E","?","R","BOSS","M","M","$","?","$","M","E","R","T","E","$","?","E","$","R","BOSS","BOSS","R","$","E","BOSS"],"items_purchased_type":["Relic","Relic","Relic","Relic","Relic","Relic","Card","Card","Relic","Relic","Relic","Relic","Relic","Relic","Card","Relic","Relic","Relic","Relic","Relic","Card","Relic","Relic","Card","Relic","Relic","Relic","Relic","Relic","Relic","Relic","Relic","Relic","Relic","Relic","Relic","Card","Relic","Relic","Relic","Relic","Relic","Relic","Relic","Relic","Relic","Relic","Relic","Relic","Card","Relic","Relic","Relic","Relic","Relic","Relic","Card","Relic","Relic","Relic","Relic","Relic","Relic","Relic","Relic","Relic","Relic","Relic","Relic","Relic","Relic","Relic","Relic","Card","Relic","Relic","Relic","Relic","Relic","Relic","Relic","Relic","Relic","Card","Relic","Relic","Relic","Relic","Relic","Relic","Relic","Relic","Relic","Relic","Relic","Relic","Card","Card","Card","Card"],"build_version":"2020-12-22","purchased_purges":14,"victory":true,"max_hp_per_floor":[80,80,85,85,85,85,85,85,85,85,85,85,85,85,85,85,71,71,71,71,78,78,78,92,90,90,90,90,87,87,87,87,87,87,87,87,87,85,85,89,91,91,91,93,93,93,93,93,93,89,85,85,85,85,85,83],"relic_stats":{"Lee\u0027s Waffle":7,"Singing Bowl":8,"counters":[27,71],"Blue Candle":[0],"Melange":[3],"PreservedInsect":383,"Orichalcum":[12],"Medical Kit":[5],"Boot":[62],"OrangePellets":[53],"Strange Spoon":[116],"TheAbacus":[30],"Ornamental Fan":[336],"Shuriken":[72],"Bird Faced Urn":[10],"Kunai":[15],"Chemical X":[2],"obtain_stats":[{"Golden Egg":39,"AT_ATBox":0,"LagranYue:RandomDrawCardRelic":0,"hubris:MysteriousPyramids":43,"Boot":39,"Sling":54,"BFFS":43,"jedi:shrinkray":19,"Leech":41,"vexMod:InvisibilityCloak":47,"HollowMod:PaleOreRelic":48,"Kunai":54,"Replay:Wax Seal":45,"hubris:TinFlute":12,"KeepersGift":0,"MerchantsRug":3,"AT_RedTearstoneRing":19,"BookofShadows":39,"Blue Candle":48,"HoshigumaDish":54,"AT_EbonyIvory":24,"Akabeko":29,"vexMod:GhostlyGear":37,"qcfpunch:Broken_Tusk":21,"DemoMod:MeatBun":39,"MutagenicStrength":20,"Bird Faced Urn":37,"hubris:TenFootPole":45,"HushsDoor":0,"GuppysTail":17,"UnicornStump":39,"Singing Bowl":39,"Blue Doll":16,"Dota2Spire:Vanguard":39,"TheBattery":54,"hubris:EmptyBottle":45,"Ancient Tea Set":5,"Pet Ghost":44,"qcfpunch:Wild_Herbs_Ointment":37,"DeathBook":19,"Matryoshka":39,"Toolbox":12,"AT_TrinityForce":34,"qcfpunch:Cattail":39,"Dota2Spire:ArcaneBoots":3,"Chemical X":54,"LagranYue:NewUniverseRelic":21,"Dota2Spire:MantaStyle":19,"Lee\u0027s Waffle":24,"AT_GoldPhoenixTree":30,"Damaru":33,"PreservedInsect":39,"jedi:crownofsimplicity":54,"AT_ImmortalShieldbow":55,"D6":10,"Ornamental Fan":5,"Orrery":21,"REME_ComplimentaryCards":0,"hubris:CrystalStatue":24,"NineVolt":19,"Vajra":3,"DemoMod:GlassGuonStoneRelic":1,"Dota2Spire:ShadowBlade":19,"AT_ArchangelStaff":5,"SatanicBible":12,"Dota2Spire:MagicBottle":3,"HornCleat":19,"Dota2Spire:CrimsonGuard":23,"DemoMod:MonsterBlood":24,"DemoMod:Metronome":48,"Strawberry":21,"Toxic Egg 2":12,"REME_OnlineShoppingPlatform":5,"AT_GuinsooRageblade":19,"DemoMod:ChaffGrenade":45,"Oddly Smooth Stone":45,"Ring of Chaos":17,"jedi:HeartOfTheCards":21,"OrangePellets":3,"NitorisBag":19,"Bottled Flame":29,"Shuriken":37,"hubris:PeanutButter":24,"Onion Ring":54,"EdensBlessing":33,"AT_DeathDance":37,"Mirror":54,"ReplayFunnel":29,"AT_SeraphEmbrace":30,"PlaceholderMod:DaolothFragment":12,"SharpPlug":0,"Melange":54,"vexMod:Spyglass":24,"Frozen Eye":19,"Replay:Bandana":54,"TheAbacus":39,"qcfpunch:Wrestler\u0027s_Cloak":19,"DemoMod:JetPack":26,"qcfpunch:Army_Boots":54,"Guide Book":12,"Replay:WaspNest":21,"vexMod:FocusSash":29,"Orichalcum":5,"Medical Kit":29,"White Beast Statue":6,"jedi:fakemustache":3,"vexMod:Dragonfruit":3,"Strange Spoon":29,"qcfpunch:Fighting_Gloves":38,"hubris:BundleOfHerbs":25,"Snack Pack":16,"Bag of Marbles":54,"REME_CardOfGreed":19,"Membership Card":45,"PureWater":0},{"Golden Egg":19,"AT_ATBox":0,"LagranYue:RandomDrawCardRelic":0,"hubris:MysteriousPyramids":21,"Boot":19,"Sling":25,"BFFS":21,"jedi:shrinkray":10,"Leech":21,"vexMod:InvisibilityCloak":23,"HollowMod:PaleOreRelic":23,"Kunai":25,"Replay:Wax Seal":22,"hubris:TinFlute":6,"KeepersGift":0,"MerchantsRug":2,"AT_RedTearstoneRing":10,"BookofShadows":19,"Blue Candle":23,"HoshigumaDish":25,"AT_EbonyIvory":12,"Akabeko":14,"vexMod:GhostlyGear":18,"qcfpunch:Broken_Tusk":10,"DemoMod:MeatBun":19,"MutagenicStrength":10,"Bird Faced Urn":18,"hubris:TenFootPole":22,"HushsDoor":0,"GuppysTail":9,"UnicornStump":19,"Singing Bowl":19,"Blue Doll":9,"Dota2Spire:Vanguard":19,"TheBattery":25,"hubris:EmptyBottle":22,"Ancient Tea Set":2,"Pet Ghost":22,"qcfpunch:Wild_Herbs_Ointment":18,"DeathBook":10,"Matryoshka":19,"Toolbox":6,"AT_TrinityForce":16,"qcfpunch:Cattail":19,"Dota2Spire:ArcaneBoots":2,"Chemical X":25,"LagranYue:NewUniverseRelic":10,"Dota2Spire:MantaStyle":10,"Lee\u0027s Waffle":12,"AT_GoldPhoenixTree":15,"Damaru":16,"PreservedInsect":19,"jedi:crownofsimplicity":25,"AT_ImmortalShieldbow":26,"D6":5,"Ornamental Fan":2,"Orrery":10,"REME_ComplimentaryCards":0,"hubris:CrystalStatue":12,"NineVolt":10,"Vajra":2,"DemoMod:GlassGuonStoneRelic":1,"Dota2Spire:ShadowBlade":10,"AT_ArchangelStaff":2,"SatanicBible":6,"Dota2Spire:MagicBottle":2,"HornCleat":10,"Dota2Spire:CrimsonGuard":12,"DemoMod:MonsterBlood":12,"DemoMod:Metronome":23,"Strawberry":10,"Toxic Egg 2":6,"REME_OnlineShoppingPlatform":2,"AT_GuinsooRageblade":10,"DemoMod:ChaffGrenade":22,"Oddly Smooth Stone":22,"Ring of Chaos":9,"jedi:HeartOfTheCards":10,"OrangePellets":2,"NitorisBag":10,"Bottled Flame":14,"Shuriken":18,"hubris:PeanutButter":12,"Onion Ring":25,"EdensBlessing":16,"AT_DeathDance":18,"Mirror":25,"ReplayFunnel":14,"AT_SeraphEmbrace":15,"PlaceholderMod:DaolothFragment":6,"SharpPlug":0,"Melange":25,"vexMod:Spyglass":12,"Frozen Eye":10,"Replay:Bandana":25,"TheAbacus":19,"qcfpunch:Wrestler\u0027s_Cloak":10,"DemoMod:JetPack":13,"qcfpunch:Army_Boots":25,"Guide Book":6,"Replay:WaspNest":10,"vexMod:FocusSash":14,"Orichalcum":2,"Medical Kit":14,"White Beast Statue":3,"jedi:fakemustache":2,"vexMod:Dragonfruit":2,"Strange Spoon":14,"qcfpunch:Fighting_Gloves":19,"hubris:BundleOfHerbs":13,"Snack Pack":9,"Bag of Marbles":25,"REME_CardOfGreed":10,"Membership Card":22,"PureWater":0},{"Golden Egg":42,"AT_ATBox":0,"LagranYue:RandomDrawCardRelic":0,"hubris:MysteriousPyramids":44,"Boot":42,"Sling":63,"BFFS":44,"jedi:shrinkray":27,"Leech":44,"vexMod:InvisibilityCloak":46,"HollowMod:PaleOreRelic":46,"Kunai":63,"Replay:Wax Seal":45,"hubris:TinFlute":15,"KeepersGift":0,"MerchantsRug":5,"AT_RedTearstoneRing":27,"BookofShadows":42,"Blue Candle":46,"HoshigumaDish":63,"AT_EbonyIvory":33,"Akabeko":36,"vexMod:GhostlyGear":41,"qcfpunch:Broken_Tusk":27,"DemoMod:MeatBun":42,"MutagenicStrength":27,"Bird Faced Urn":41,"hubris:TenFootPole":45,"HushsDoor":0,"GuppysTail":23,"UnicornStump":42,"Singing Bowl":42,"Blue Doll":23,"Dota2Spire:Vanguard":42,"TheBattery":63,"hubris:EmptyBottle":45,"Ancient Tea Set":5,"Pet Ghost":45,"qcfpunch:Wild_Herbs_Ointment":41,"DeathBook":27,"Matryoshka":42,"Toolbox":15,"AT_TrinityForce":39,"qcfpunch:Cattail":42,"Dota2Spire:ArcaneBoots":5,"Chemical X":63,"LagranYue:NewUniverseRelic":27,"Dota2Spire:MantaStyle":27,"Lee\u0027s Waffle":33,"AT_GoldPhoenixTree":38,"Damaru":39,"PreservedInsect":42,"jedi:crownofsimplicity":63,"AT_ImmortalShieldbow":64,"D6":13,"Ornamental Fan":5,"Orrery":27,"REME_ComplimentaryCards":0,"hubris:CrystalStatue":33,"NineVolt":27,"Vajra":5,"DemoMod:GlassGuonStoneRelic":2,"Dota2Spire:ShadowBlade":27,"AT_ArchangelStaff":5,"SatanicBible":15,"Dota2Spire:MagicBottle":5,"HornCleat":27,"Dota2Spire:CrimsonGuard":33,"DemoMod:MonsterBlood":33,"DemoMod:Metronome":46,"Strawberry":27,"Toxic Egg 2":15,"REME_OnlineShoppingPlatform":5,"AT_GuinsooRageblade":27,"DemoMod:ChaffGrenade":45,"Oddly Smooth Stone":45,"Ring of Chaos":23,"jedi:HeartOfTheCards":27,"OrangePellets":5,"NitorisBag":27,"Bottled Flame":36,"Shuriken":41,"hubris:PeanutButter":33,"Onion Ring":63,"EdensBlessing":39,"AT_DeathDance":41,"Mirror":63,"ReplayFunnel":36,"AT_SeraphEmbrace":37,"PlaceholderMod:DaolothFragment":15,"SharpPlug":0,"Melange":63,"vexMod:Spyglass":33,"Frozen Eye":27,"Replay:Bandana":63,"TheAbacus":42,"qcfpunch:Wrestler\u0027s_Cloak":27,"DemoMod:JetPack":34,"qcfpunch:Army_Boots":63,"Guide Book":15,"Replay:WaspNest":27,"vexMod:FocusSash":36,"Orichalcum":5,"Medical Kit":36,"White Beast Statue":8,"jedi:fakemustache":5,"vexMod:Dragonfruit":5,"Strange Spoon":36,"qcfpunch:Fighting_Gloves":42,"hubris:BundleOfHerbs":34,"Snack Pack":23,"Bag of Marbles":63,"REME_CardOfGreed":27,"Membership Card":45,"PureWater":0}]},"card_choices":[{"not_picked":[],"picked":"DoctorFetus","floor":0},{"not_picked":["Crescendo","Replay:ManipulateFuture"],"picked":"jedi:nirvanicrebirth","floor":1},{"not_picked":["SashWhip","Weave"],"picked":"Protect","floor":1},{"not_picked":["Replay:ManipulateFuture","FlurryOfBlows"],"picked":"Replay:Vibes","floor":1},{"not_picked":["DeceiveReality","Consecrate"],"picked":"ReachHeaven","floor":2},{"not_picked":["FlurryOfBlows","Protect"],"picked":"DeceiveReality","floor":2},{"not_picked":["CarveReality","ThirdEye"],"picked":"Replay:DivineShield","floor":2},{"not_picked":["Collect","Replay:AtTheReady"],"picked":"Prostrate","floor":6},{"not_picked":["Crescendo","Replay:AllIn"],"picked":"Prostrate","floor":8},{"not_picked":["SandsOfTime","WaveOfTheHand"],"picked":"EmptyBody","floor":8},{"not_picked":["ThirdEye","JustLucky"],"picked":"REME_CRH","floor":8},{"not_picked":["CutThroughFate","FlurryOfBlows"],"picked":"Worship","floor":10},{"not_picked":["Prostrate","Evaluate","ThirdEye"],"picked":"SKIP","floor":11},{"not_picked":["Prostrate","EmptyBody","WindmillStrike"],"picked":"SKIP","floor":11},{"not_picked":["SashWhip","Replay:Hum","Replay:DivineShield"],"picked":"SKIP","floor":11},{"not_picked":["BattleHymn","PathToVictory+1"],"picked":"ClearTheMind+1","floor":13},{"not_picked":["Replay:AtTheReady+1","jedi:nirvanicrebirth+1"],"picked":"Worship+1","floor":13},{"not_picked":["Prostrate+1","Consecrate"],"picked":"Vengeance+1","floor":13},{"not_picked":["WaveOfTheHand+1","Tantrum"],"picked":"Devotion","floor":14},{"not_picked":["Prostrate+1","PathToVictory+1","Consecrate"],"picked":"SKIP","floor":14},{"not_picked":["PathToVictory+1","Replay:BluntJabs","CutThroughFate"],"picked":"SKIP","floor":14},{"not_picked":["ConjureBlade+1","Replay:LoomingThreat"],"picked":"REME_WorshipGod+1","floor":16},{"not_picked":["REME_EmptyShield+1","jedi:nirvanicrebirth+1"],"picked":"DeusExMachina+1","floor":16},{"not_picked":["Replay:AllIn+1","AT_RealColorLess"],"picked":"LessonLearned","floor":16},{"not_picked":["AT_ChampionKick","MasterReality"],"picked":"Wish+1","floor":16},{"not_picked":["REME_WorshipGod+1","REME_EmptyShield+1"],"picked":"AT_ChampionKick","floor":16},{"not_picked":["EmptyBody+1","JustLucky"],"picked":"Replay:ManipulateFuture+1","floor":18},{"not_picked":["Protect+1","Replay:BluntJabs"],"picked":"EmptyMind+1","floor":18},{"not_picked":["ClearTheMind+1","FlurryOfBlows"],"picked":"Prostrate+1","floor":18},{"not_picked":["REME_Repentance+1","Nirvana"],"picked":"Prostrate+1","floor":22},{"not_picked":["BowlingBash","Swivel+1","Evaluate+1"],"picked":"SKIP","floor":22},{"not_picked":["JustLucky","Sanctity+1","EmptyBody+1"],"picked":"SKIP","floor":22},{"not_picked":["Replay:AtTheReady+1","Replay:Anticipation+1"],"picked":"ReachHeaven","floor":23},{"not_picked":["Weave","Vault+1"],"picked":"Judgement+1","floor":25},{"not_picked":["Replay:ManipulateFuture+1","Replay:AtTheReady+1"],"picked":"Indignation+1","floor":27},{"not_picked":["Replay:BluntJabs","BowlingBash","CrushJoints"],"picked":"SKIP","floor":27},{"not_picked":["BowlingBash","ThirdEye+1","Protect+1"],"picked":"SKIP","floor":27},{"not_picked":["REME_Repentance+1","EmptyFist"],"picked":"DemoMod:Spice+1","floor":30},{"not_picked":["SpiritShield+1","Replay:AllIn+1"],"picked":"Vault+1","floor":33},{"not_picked":["REME_EmptyShield+1","Judgement+1"],"picked":"Wish+1","floor":33},{"not_picked":["REME_EmptyShield+1","jedi:nirvanicrebirth+1"],"picked":"DemoMod:Spice+1","floor":33},{"not_picked":["Judgement+1","Replay:LoomingThreat"],"picked":"AT_MachinaRedman+1","floor":33},{"not_picked":["Replay:Vibes+1","WindmillStrike"],"picked":"WreathOfFlame+1","floor":35},{"not_picked":["JustLucky","Replay:Cycle+1"],"picked":"Crescendo+1","floor":35},{"not_picked":["FollowUp+1","Replay:Cycle+1"],"picked":"CarveReality","floor":35},{"not_picked":["REME_Repentance+1","Replay:AtTheReady+1"],"picked":"ClearTheMind+1","floor":36},{"not_picked":["Replay:DivineShield+1","FlurryOfBlows","Wallop"],"picked":"SKIP","floor":36},{"not_picked":["Evaluate+1","EmptyFist","Weave"],"picked":"SKIP","floor":36},{"not_picked":["ThirdEye+1","ClearTheMind+1","CarveReality"],"picked":"Singing Bowl","floor":40},{"not_picked":["Wallop","Prostrate+1"],"picked":"AT_ChampionStep+1","floor":40},{"not_picked":["FollowUp","Replay:AtTheReady+1","Replay:Anticipation+1"],"picked":"Singing Bowl","floor":40},{"not_picked":["Replay:Hum+1","Consecrate+1","FlyingSleeves+1"],"picked":"Singing Bowl","floor":41},{"not_picked":["EmptyBody+1","WaveOfTheHand+1","Wallop"],"picked":"Singing Bowl","floor":44},{"not_picked":["SashWhip","SandsOfTime"],"picked":"Tantrum+1","floor":47},{"not_picked":["Replay:BluntJabs+1","DemoMod:Spice+1"],"picked":"WindmillStrike+1","floor":55}],"player_experience":143785,"relics_obtained":[{"floor":6,"key":"White Beast Statue"},{"floor":10,"key":"D6"},{"floor":16,"key":"Snack Pack"},{"floor":16,"key":"Blue Doll"},{"floor":23,"key":"Dota2Spire:CrimsonGuard"},{"floor":25,"key":"hubris:BundleOfHerbs"},{"floor":26,"key":"DemoMod:JetPack"},{"floor":30,"key":"AT_GoldPhoenixTree"},{"floor":33,"key":"Damaru"},{"floor":33,"key":"EdensBlessing"},{"floor":38,"key":"qcfpunch:Fighting_Gloves"},{"floor":41,"key":"Leech"},{"floor":43,"key":"BFFS"},{"floor":43,"key":"hubris:MysteriousPyramids"},{"floor":44,"key":"Pet Ghost"},{"floor":47,"key":"vexMod:InvisibilityCloak"},{"floor":55,"key":"AT_ImmortalShieldbow"}],"event_choices":[{"damage_healed":0,"gold_gain":0,"cards_transformed":["DoctorFetus"],"player_choice":"Transformed","damage_taken":0,"max_hp_gain":0,"max_hp_loss":0,"event_name":"Transmorgrifier","floor":4,"gold_loss":0,"cards_obtained":["Mayhem"]},{"damage_healed":0,"gold_gain":0,"player_choice":"Inject Mutagens","damage_taken":0,"relics_obtained":["MutagenicStrength"],"max_hp_gain":0,"max_hp_loss":0,"event_name":"Drug Dealer","floor":20,"gold_loss":0},{"damage_healed":0,"gold_gain":0,"player_choice":"Fight","damage_taken":0,"max_hp_gain":0,"max_hp_loss":0,"event_name":"Mysterious Sphere","floor":38,"gold_loss":0},{"damage_healed":0,"gold_gain":50,"player_choice":"Pray","damage_taken":0,"max_hp_gain":0,"max_hp_loss":0,"event_name":"Golden Shrine","floor":46,"gold_loss":0}],"is_beta":false,"boss_relics":[{"not_picked":["vexMod:NewClearReactor","REME_DemonsWealth"],"picked":"Ring of Chaos"},{"not_picked":[]},{"not_picked":["Calling Bell","construct:WeddingRing"],"picked":"AT_TrinityForce"},{"not_picked":[]}],"items_purged_floors":[3,19,19,21,24,24,24,24,24,29,39,39,45,45],"is_endless":false,"potions_floor_spawned":[1,1,8,8,8,10,10,10,10,11,11,11,13,13,14,14,16,18,18,18,22,22,23,23,23,23,25,25,25,25,27,30,33,35,35,35,36,36,38,40,40,41,41,44,44,44,47,47,47,55,55,55,55],"ascension_level":20}}