{"host":"c6u7e77myxvw4d0m","time":1610225065,"event":{"mods":["AchievementEnabler","BaseMod","Bestiary","Colored Map","Colored Powertips","Minty Spire (QoL Compilation)","Rare Cards Sparkle","Relic Stats","everything is the same but u backflip on backflip"],"gold_per_floor":[109,124,124,142,142,167,179,179,179,179,189,10,38,51,51,146,146,116,116,136,51,68,68,97,111,135,135,163,163,198,20,20,125,125,145,155,155,155,173,198,198,18,18,45,57,57,86,98,98,98],"floor_reached":51,"playtime":4449,"items_purged":["Strike_G","Riddle With Holes"],"score":1258,"play_id":"f3696211-df59-4feb-a185-85e44d235e97","local_time":"20210109224425","is_ascension_mode":true,"campfire_choices":[{"floor":10,"key":"REST"},{"floor":15,"key":"REST"},{"floor":23,"key":"REST"},{"data":"Caltrops","floor":32,"key":"SMITH"},{"data":"Wraith Form v2","floor":41,"key":"SMITH"},{"data":"After Image","floor":46,"key":"SMITH"},{"data":"Footwork","floor":49,"key":"SMITH"}],"circlet_count":0,"master_deck":["AscendersBane","Strike_G+1","Strike_G+1","Strike_G","Strike_G","Defend_G","Defend_G+1","Defend_G","Defend_G","Defend_G+1","Survivor","Neutralize","Sucker Punch","Dagger Spray+1","Acrobatics","Caltrops+1","After Image+1","Leg Sweep+1","Venomology+1","Bouncing Flask+1","Backstab","Blade Dance+1","Crippling Poison+1","Deadly Poison+1","Burst+1","Master of Strategy+1","Wraith Form v2+1","Dodge and Roll+1","Acrobatics+1","Tactician+1","Malaise+1","Footwork+1","Malaise+1","Backflip+1","Deadly Poison+1","Terror+1"],"relics":["Ring of the Snake","Ancient Tea Set","Toxic Egg 2","Kunai","SlaversCollar","Anchor","Meat on the Bone","Nilry\u0027s Codex","Blood Vial","War Paint","Gremlin Horn","Cursed Key","Tingsha","Paper Crane","Omamori","Lantern"],"acts_visited":["Exordium","TheCity","TheBeyond"],"potions_floor_usage":[6,7,13,16,16,18,20,20,22,22,24,24,25,28,28,33,33,35,36,39,40,44,44,44,45,45,47,50,50],"damage_taken":[{"damage":6,"enemies":"2 Louse","floor":1,"turns":3},{"damage":5,"enemies":"Jaw Worm","floor":2,"turns":3},{"damage":0,"enemies":"Cultist","floor":4,"turns":3},{"damage":26,"enemies":"Gremlin Nob","floor":6,"turns":4},{"damage":0,"enemies":"3 Louse","floor":7,"turns":2},{"damage":10,"enemies":"2 Fungi Beasts","floor":11,"turns":3},{"damage":7,"enemies":"3 Sentries","floor":13,"turns":4},{"damage":0,"enemies":"Large Slime","floor":14,"turns":6},{"damage":20,"enemies":"Hexaghost","floor":16,"turns":11},{"damage":14,"enemies":"2 Thieves","floor":18,"turns":5},{"damage":9,"enemies":"Shell Parasite","floor":20,"turns":8},{"damage":2,"enemies":"Centurion and Healer","floor":22,"turns":6},{"damage":2,"enemies":"Book of Stabbing","floor":24,"turns":6},{"damage":10,"enemies":"Chosen and Byrds","floor":25,"turns":7},{"damage":0,"enemies":"Gremlin Leader","floor":28,"turns":5},{"damage":15,"enemies":"Book of Stabbing","floor":30,"turns":5},{"damage":8,"enemies":"Automaton","floor":33,"turns":8},{"damage":4,"enemies":"3 Shapes","floor":35,"turns":6},{"damage":4,"enemies":"Orb Walker","floor":36,"turns":4},{"damage":3,"enemies":"4 Shapes","floor":39,"turns":6},{"damage":16,"enemies":"Nemesis","floor":40,"turns":7},{"damage":2,"enemies":"Reptomancer","floor":44,"turns":8},{"damage":1,"enemies":"3 Darklings","floor":45,"turns":7},{"damage":0,"enemies":"Nemesis","floor":47,"turns":9},{"damage":10,"enemies":"Spire Growth","floor":48,"turns":6},{"damage":3,"enemies":"Donu and Deca","floor":50,"turns":10}],"seed_played":"1735781846104038242","potions_obtained":[{"floor":2,"key":"FearPotion"},{"floor":4,"key":"FearPotion"},{"floor":6,"key":"DistilledChaos"},{"floor":13,"key":"SpeedPotion"},{"floor":18,"key":"DuplicationPotion"},{"floor":20,"key":"CunningPotion"},{"floor":22,"key":"Dexterity Potion"},{"floor":30,"key":"Weak Potion"},{"floor":39,"key":"Weak Potion"},{"floor":40,"key":"FearPotion"},{"floor":48,"key":"Poison Potion"}],"is_trial":false,"path_per_floor":["M","M","?","M","?","E","M","?","T","R","M","$","E","M","R","B",null,"M","?","M","?","M","R","E","M","T","?","E","T","E","$","R","B",null,"M","M","?","?","M","E","R","$","T","E","M","R","E","M","R","B",null],"character_chosen":"THE_SILENT","items_purchased":["Strength Potion","SkillPotion","Master of Strategy+1","Footwork"],"campfire_rested":3,"item_purchase_floors":[12,12,31,42],"current_hp_per_floor":[64,59,64,64,48,22,22,22,22,46,36,36,29,29,53,33,70,56,40,31,31,29,55,53,55,55,39,51,51,50,50,50,44,76,74,72,72,72,71,57,57,57,57,57,58,58,60,52,52,51],"gold":98,"neow_bonus":"TEN_PERCENT_HP_BONUS","is_daily":false,"chose_seed":false,"campfire_upgraded":4,"win_rate":0.0,"timestamp":1610225065,"path_taken":["M","M","?","M","?","E","M","?","T","R","?","$","E","M","R","BOSS","M","?","M","?","M","R","E","M","T","?","E","?","E","$","R","BOSS","M","M","?","?","M","E","R","$","T","E","M","R","E","M","R","BOSS"],"items_purchased_type":["Potion","Potion","Card","Card"],"build_version":"2020-12-22","purchased_purges":2,"victory":true,"max_hp_per_floor":[77,77,82,82,82,82,82,82,82,82,82,82,82,82,82,82,82,82,87,87,87,87,87,87,87,87,87,87,87,87,87,87,87,87,87,87,87,87,87,87,87,87,87,87,87,87,87,87,87,87],"relic_stats":{"Blood Vial":22,"Gremlin Horn":[15,15],"counters":[26,152],"Tingsha":[39],"Kunai":[42],"War Paint":["Defend_G","Defend_G"],"Cursed Key":0,"obtain_stats":[{"Lantern":47,"Gremlin Horn":30,"Nilry\u0027s Codex":27,"Tingsha":38,"Omamori":44,"War Paint":29,"Paper Crane":40,"Ancient Tea Set":6,"Cursed Key":34,"Blood Vial":28,"SlaversCollar":17,"Anchor":21,"Kunai":13,"Toxic Egg 2":9,"Ring of the Snake":0,"Meat on the Bone":24},{"Lantern":24,"Gremlin Horn":16,"Nilry\u0027s Codex":14,"Tingsha":19,"Omamori":22,"War Paint":15,"Paper Crane":21,"Ancient Tea Set":4,"Cursed Key":17,"Blood Vial":15,"SlaversCollar":9,"Anchor":11,"Kunai":7,"Toxic Egg 2":5,"Ring of the Snake":0,"Meat on the Bone":13},{"Lantern":136,"Gremlin Horn":81,"Nilry\u0027s Codex":71,"Tingsha":99,"Omamori":120,"War Paint":76,"Paper Crane":112,"Ancient Tea Set":13,"Cursed Key":89,"Blood Vial":76,"SlaversCollar":39,"Anchor":52,"Kunai":22,"Toxic Egg 2":15,"Ring of the Snake":0,"Meat on the Bone":64}],"Ring of the Snake":[52],"Meat on the Bone":36},"card_choices":[{"not_picked":["PiercingWail","Cloak And Dagger"],"picked":"Riddle With Holes","floor":1},{"not_picked":["Acrobatics","Flechettes"],"picked":"Masterful Stab","floor":2},{"not_picked":["Tactician","Outmaneuver"],"picked":"Sucker Punch","floor":4},{"not_picked":["Expertise","Setup"],"picked":"Dagger Spray","floor":6},{"not_picked":["Masterful Stab","Bane"],"picked":"Acrobatics","floor":7},{"not_picked":["Acrobatics+1","Dodge and Roll+1"],"picked":"Caltrops","floor":11},{"not_picked":["Distraction+1","Skewer"],"picked":"After Image","floor":13},{"not_picked":["Poisoned Stab","Footwork"],"picked":"Leg Sweep+1","floor":14},{"not_picked":["Storm of Steel+1","Grand Finale"],"picked":"Venomology+1","floor":16},{"not_picked":["Poisoned Stab","Outmaneuver+1"],"picked":"Bouncing Flask+1","floor":18},{"not_picked":["Endless Agony","Sucker Punch"],"picked":"Backstab","floor":20},{"not_picked":["Blur+1","Sucker Punch"],"picked":"Blade Dance+1","floor":22},{"not_picked":["Grand Finale","Deflect+1"],"picked":"Crippling Poison+1","floor":24},{"not_picked":["Dagger Spray","Blade Dance+1"],"picked":"Deadly Poison+1","floor":25},{"not_picked":["Corpse Explosion+1","Infinite Blades"],"picked":"Burst+1","floor":28},{"not_picked":["Underhanded Strike","All Out Attack","Flying Knee"],"picked":"SKIP","floor":30},{"not_picked":["Storm of Steel+1","Envenom"],"picked":"Wraith Form v2","floor":33},{"not_picked":["Cloak And Dagger+1","Expertise+1"],"picked":"Dodge and Roll+1","floor":35},{"not_picked":["Poisoned Stab","Slice"],"picked":"Acrobatics+1","floor":36},{"not_picked":["Finisher+1","Outmaneuver+1"],"picked":"Tactician+1","floor":39},{"not_picked":["Sucker Punch+1","Footwork"],"picked":"Malaise+1","floor":40},{"not_picked":["Deflect+1","Dodge and Roll+1"],"picked":"Malaise+1","floor":44},{"not_picked":["Sucker Punch+1","Dagger Spray"],"picked":"Backflip+1","floor":45},{"not_picked":["Endless Agony+1","Skewer+1"],"picked":"Deadly Poison+1","floor":47},{"not_picked":["Riddle With Holes","Dagger Throw+1"],"picked":"Terror+1","floor":48}],"player_experience":307304,"relics_obtained":[{"floor":6,"key":"Ancient Tea Set"},{"floor":9,"key":"Toxic Egg 2"},{"floor":13,"key":"Kunai"},{"floor":24,"key":"Meat on the Bone"},{"floor":27,"key":"Nilry\u0027s Codex"},{"floor":28,"key":"Blood Vial"},{"floor":29,"key":"War Paint"},{"floor":30,"key":"Gremlin Horn"},{"floor":38,"key":"Tingsha"},{"floor":40,"key":"Paper Crane"},{"floor":44,"key":"Omamori"},{"floor":47,"key":"Lantern"}],"event_choices":[{"damage_healed":0,"gold_gain":0,"player_choice":"Donut","damage_taken":0,"max_hp_gain":5,"max_hp_loss":0,"event_name":"Big Fish","floor":3,"gold_loss":0},{"damage_healed":0,"gold_gain":0,"player_choice":"Entered Light","damage_taken":16,"max_hp_gain":0,"max_hp_loss":0,"event_name":"Shining Light","floor":5,"gold_loss":0,"cards_upgraded":["Strike_G","Strike_G"]},{"damage_healed":0,"gold_gain":0,"player_choice":"Forge","damage_taken":0,"max_hp_gain":0,"max_hp_loss":0,"event_name":"Accursed Blacksmith","floor":8,"gold_loss":0,"cards_upgraded":["Dagger Spray"]},{"damage_healed":0,"gold_gain":0,"player_choice":"Shed Blood","damage_taken":21,"max_hp_gain":5,"max_hp_loss":0,"event_name":"Forgotten Altar","floor":19,"gold_loss":0},{"damage_healed":0,"gold_gain":0,"player_choice":"Obtained Relic","damage_taken":0,"relics_obtained":["Anchor"],"max_hp_gain":0,"max_hp_loss":0,"event_name":"Addict","floor":21,"gold_loss":85},{"damage_healed":0,"gold_gain":0,"player_choice":"Obtained Book","damage_taken":16,"max_hp_gain":0,"max_hp_loss":0,"event_name":"Cursed Tome","floor":27,"gold_loss":0},{"cards_removed":["Masterful Stab"],"damage_healed":0,"gold_gain":0,"player_choice":"Removed Attack","damage_taken":0,"max_hp_gain":0,"max_hp_loss":0,"event_name":"Falling","floor":37,"gold_loss":0},{"damage_healed":0,"gold_gain":0,"player_choice":"Relic","damage_taken":0,"max_hp_gain":0,"max_hp_loss":0,"event_name":"Wheel of Change","floor":38,"gold_loss":0}],"is_beta":false,"boss_relics":[{"not_picked":["Pandora\u0027s Box","Fusion Hammer"],"picked":"SlaversCollar"},{"not_picked":["WristBlade","Velvet Choker"],"picked":"Cursed Key"}],"items_purged_floors":[12,42],"is_endless":false,"potions_floor_spawned":[2,4,6,13,18,20,22,30,39,40,48],"ascension_level":10}}