{"host":"vra53s4gynvpqhud","time":1610180490,"event":{"mods":["100% Spire Juice","A Magickal Journey","AchievementEnabler","Aspiration","BaseMod","Better Match","Better Third Choice","BetterRewards","Conspire","Downfall","Energized Spire","Evolution","Friendly Minions","GifTheSpireLib","Hermit","HexUI Lib","Highlight Path","Hubris","Infinite Spire","Jorbs\u0027s Wanderer Trilogy","Luminous","Magitek Elite","Minty Spire (QoL Compilation)","Permanent Neow","Poor People Problems","Rare Cards Sparkle","Remove Card Discount Mod","Replay The Spire","Shop Mod","Somnambulant","StSLib","The Cursed","The Dragon Tamer","The Gatherer","The Hierophant","The Jungle","The Necromancer","The Poker Player","The Runesmith","TheArtist","TheBandit","Trackpad","egg"],"gold_per_floor":[117,72,90,105,118,144,144,161,236,267,286,286,286,56,56,158,158,176,176,196,213,213,213],"floor_reached":22,"playtime":1740,"items_purged":["Moonworks:Strike","Moonworks:Defend","Moonworks:Strike","Moonworks:Defend","Moonworks:Strike","Moonworks:FinalSurgery","Moonworks:Defend"],"score":198,"play_id":"1d3409ae-8387-49f5-b44d-0027c21a402a","local_time":"20210109032130","is_ascension_mode":false,"campfire_choices":[{"floor":7,"key":"REST"},{"floor":13,"key":"REST"},{"data":"Moonworks:RagingMadness","floor":15,"key":"SMITH"}],"circlet_count":0,"master_deck":["Moonworks:Defend","Moonworks:Ambush+1","Moonworks:LongDistanceShot","Moonworks:LulusLuckyEgg","Moonworks:JonathanRush+1","Moonworks:StiffCrystal","Moonworks:EvilSpyWorkPreparation","Moonworks:x16BigRocket","Moonworks:WindyEnchantment","Moonworks:LulusLuckyEgg","Moonworks:CloudOfSeagulls","Moonworks:RagingMadness+1","Moonworks:StarBlastingFuse","Moonworks:SakisCookie","Moonworks:LulusLuckyEgg+1"],"relics":["Moonworks:BrokenBomb","Moonworks:Homemark","EVO:Axolotl","hubris:SlimyHat","aspiration:StickyExplosives_weak","Replay:Bottled Steam","conspire:TopHat"],"acts_visited":["Exordium","TheCity"],"potions_floor_usage":[10,20,21,21],"damage_taken":[{"damage":0,"enemies":"conspire:RoseBush","floor":1,"turns":3},{"damage":0,"enemies":"Cultist","floor":3,"turns":3},{"damage":5,"enemies":"Jaw Worm","floor":4,"turns":2},{"damage":2,"enemies":"Lots of Slimes","floor":5,"turns":3},{"damage":30,"enemies":"Gremlin Nob","floor":6,"turns":4},{"damage":0,"enemies":"Looter","floor":8,"turns":3},{"damage":3,"enemies":"Lagavulin","floor":10,"turns":4},{"damage":0,"enemies":"3 Louse","floor":11,"turns":3},{"damage":24,"enemies":"Hexaghost","floor":16,"turns":6},{"damage":4,"enemies":"3 Byrds","floor":18,"turns":4},{"damage":24,"enemies":"2 Thieves","floor":20,"turns":4},{"damage":25,"enemies":"Centurion and Healer","floor":21,"turns":5},{"damage":17,"enemies":"Snake Plant","floor":22,"turns":2}],"seed_played":"-2705309302052402213","potions_obtained":[{"floor":8,"key":"Strength Potion"},{"floor":10,"key":"Reflective Coating"},{"floor":11,"key":"Elixir"},{"floor":16,"key":"Fire Potion"},{"floor":20,"key":"LiquidBronze"},{"floor":21,"key":"SteroidPotion"}],"is_trial":false,"path_per_floor":["M","$","M","M","M","E","R","M","T","E","M","?","R","$","R","B",null,"M","?","M","M","M"],"character_chosen":"THE_STARBREAKER","items_purchased":["Moonworks:JonathanRush+1","Moonworks:RagingMadness","conspire:TopHat"],"campfire_rested":2,"item_purchase_floors":[2,14,14],"current_hp_per_floor":[60,60,60,55,53,23,41,41,41,38,38,38,56,56,56,32,60,56,56,34,11,0,0],"gold":213,"neow_bonus":"UPGRADE_CARD","is_daily":false,"chose_seed":false,"campfire_upgraded":1,"win_rate":0.0,"timestamp":1610180490,"path_taken":["M","$","M","M","M","E","R","M","T","E","M","?","R","$","R","BOSS","M","?","M","M","M"],"items_purchased_type":["Card","Card","Relic"],"build_version":"2020-12-22","purchased_purges":7,"victory":false,"max_hp_per_floor":[60,60,60,60,60,60,60,60,60,60,60,60,60,60,60,60,60,60,60,60,60,60,60],"card_choices":[{"not_picked":["Moonworks:BigMagnum","Moonworks:Assault"],"picked":"Moonworks:LulusLuckyEgg","floor":1},{"not_picked":["Moonworks:SelfDestruct","Moonworks:Assault"],"picked":"Moonworks:StiffCrystal","floor":3},{"not_picked":["Moonworks:RagingMadness","Moonworks:Dash"],"picked":"Moonworks:EvilSpyWorkPreparation","floor":4},{"not_picked":["Moonworks:StiffCrystal","Moonworks:Bloodlust"],"picked":"Moonworks:x16BigRocket","floor":5},{"not_picked":["Moonworks:BigMagnum","Moonworks:ImOnFire"],"picked":"Moonworks:WindyEnchantment","floor":6},{"not_picked":["Moonworks:EvilSpyWorkPreparation","Moonworks:DeployBits"],"picked":"Moonworks:LulusLuckyEgg","floor":8},{"not_picked":["Moonworks:IndiscriminateFireSupport","Moonworks:SealedMemories","Moonworks:UnpaidWork"],"picked":"SKIP","floor":10},{"not_picked":["Moonworks:Bloodlust","Moonworks:EvilSpyWorkPreparation"],"picked":"Moonworks:CloudOfSeagulls","floor":11},{"not_picked":["Moonworks:ShieldCounter","Moonworks:LeapThroughSpace"],"picked":"Moonworks:StarBlastingFuse","floor":16},{"not_picked":["Moonworks:EvilSpyWorkPreparation","Moonworks:BigMagnum+1"],"picked":"Moonworks:SakisCookie","floor":18},{"not_picked":["Moonworks:IndiscriminateFireSupport","Moonworks:RagingMadness"],"picked":"Moonworks:LulusLuckyEgg+1","floor":20},{"not_picked":["Moonworks:CastOff","Moonworks:Assault","Moonworks:NicePresent"],"picked":"SKIP","floor":21}],"player_experience":106874,"relics_obtained":[{"floor":6,"key":"hubris:SlimyHat"},{"floor":9,"key":"aspiration:StickyExplosives_weak"},{"floor":10,"key":"Replay:Bottled Steam"}],"event_choices":[{"damage_healed":0,"gold_gain":0,"cards_transformed":["Moonworks:Strike"],"player_choice":"Transformed","damage_taken":0,"max_hp_gain":0,"max_hp_loss":0,"event_name":"Transmorgrifier","floor":12,"gold_loss":0,"cards_obtained":["Moonworks:FinalSurgery"]},{"damage_healed":0,"gold_gain":0,"player_choice":"Leave","damage_taken":0,"max_hp_gain":0,"max_hp_loss":0,"event_name":"conspire:Investor","floor":19,"gold_loss":0}],"is_beta":false,"boss_relics":[{"not_picked":["Snecko Eye","Fusion Hammer","ReplayTheSpireMod:SealedPack"]}],"items_purged_floors":[2,2,2,2,14,14,14],"is_endless":false,"potions_floor_spawned":[8,10,11,16,20,21],"killed_by":"Snake Plant","ascension_level":0}}