{"host":"7i2b4pyo6x2376bs","time":1610169727,"event":{"mods":["BaseMod","Better Note","Colored Map","Highlight Path","Minty Spire (QoL Compilation)","Quick Restart","Rare Cards Sparkle","Shop Mod","StSLib","The Jungle"],"gold_per_floor":[111,111,122,122,139,164,175,175,201,220,220,249,249,249,249,352,352,372,392,392,101,112,112,112],"floor_reached":23,"playtime":2399,"items_purged":[],"score":221,"play_id":"72b5cf22-a7fc-4480-a9b5-a1c5b45792db","local_time":"20210108212207","is_ascension_mode":true,"campfire_choices":[{"floor":8,"key":"REST"},{"floor":11,"key":"REST"},{"floor":13,"key":"RECALL"},{"data":"Adrenaline","floor":15,"key":"SMITH"}],"circlet_count":0,"master_deck":["Survivor","Neutralize","Poisoned Stab","Deadly Poison","PiercingWail+1","Adrenaline+1","Endless Agony","Poisoned Stab","Catalyst+1","Backstab","Envenom","Glass Knife","Accuracy","Predator","Storm of Steel","Dodge and Roll","Concentrate","Tools of the Trade","Prepared","Poisoned Stab","Noxious Fumes","Catalyst+1","Infinite Blades","Accuracy+1"],"relics":["Ring of the Snake","NlothsMask","Oddly Smooth Stone","War Paint","Pandora\u0027s Box","Singing Bowl"],"acts_visited":["Exordium","TheCity"],"potions_floor_usage":[6,10,12,18],"damage_taken":[{"damage":4,"enemies":"Jaw Worm","floor":1,"turns":6},{"damage":0,"enemies":"Cultist","floor":3,"turns":3},{"damage":6,"enemies":"Small Slimes","floor":5,"turns":3},{"damage":26,"enemies":"Lagavulin","floor":6,"turns":6},{"damage":1,"enemies":"Blue Slaver","floor":7,"turns":4},{"damage":14,"enemies":"Exordium Thugs","floor":10,"turns":3},{"damage":6,"enemies":"Gremlin Nob","floor":12,"turns":3},{"damage":16,"enemies":"The Guardian","floor":16,"turns":9},{"damage":10,"enemies":"3 Byrds","floor":18,"turns":4},{"damage":11,"enemies":"2 Thieves","floor":19,"turns":2},{"damage":43,"enemies":"Cultist and Chosen","floor":22,"turns":5},{"damage":23,"enemies":"Book of Stabbing","floor":23,"turns":3}],"seed_played":"-6498034642142786702","potions_obtained":[{"floor":3,"key":"BlessingOfTheForge"},{"floor":7,"key":"Explosive Potion"},{"floor":10,"key":"AttackPotion"},{"floor":12,"key":"LiquidMemories"}],"is_trial":false,"path_per_floor":["M","?","M","?","M","E","M","R","T","M","R","E","R","?","R","B",null,"M","M","?","$","M","E"],"character_chosen":"THE_SILENT","items_purchased":["Infinite Blades","Singing Bowl"],"campfire_rested":2,"item_purchase_floors":[21,21],"current_hp_per_floor":[73,73,73,73,67,41,40,63,63,49,72,66,66,66,66,50,77,67,56,56,56,13,0,0],"gold":112,"neow_bonus":"TEN_PERCENT_HP_BONUS","is_daily":false,"chose_seed":false,"campfire_upgraded":1,"win_rate":0.0,"timestamp":1610169727,"path_taken":["M","?","?","?","M","E","M","R","T","M","R","E","R","?","R","BOSS","M","M","?","$","?","E"],"items_purchased_type":["Card","Relic"],"build_version":"2020-12-22","purchased_purges":0,"victory":false,"max_hp_per_floor":[77,77,77,77,77,77,77,77,77,77,77,77,77,77,77,77,77,77,77,77,77,77,77,77],"card_choices":[{"not_picked":["Dagger Spray","Finisher"],"picked":"Poisoned Stab","floor":1},{"not_picked":["Backflip","Distraction"],"picked":"Deadly Poison","floor":3},{"not_picked":["Reflex","Outmaneuver"],"picked":"Adrenaline","floor":5},{"not_picked":["Dodge and Roll","Slice"],"picked":"Endless Agony","floor":6},{"not_picked":["Dodge and Roll","Blade Dance"],"picked":"Poisoned Stab","floor":7},{"not_picked":["Dagger Throw","Blur"],"picked":"Catalyst","floor":10},{"not_picked":["Riddle With Holes","Distraction"],"picked":"Backstab","floor":12},{"not_picked":["Storm of Steel","Tools of the Trade"],"picked":"Envenom","floor":16},{"not_picked":["Prepared+1","Dagger Spray"],"picked":"Poisoned Stab","floor":18},{"not_picked":["Dagger Spray","Bouncing Flask"],"picked":"Noxious Fumes","floor":19},{"not_picked":["Backflip+1","Prepared"],"picked":"Accuracy+1","floor":22}],"player_experience":716127,"relics_obtained":[{"floor":6,"key":"Oddly Smooth Stone"},{"floor":12,"key":"War Paint"}],"event_choices":[{"damage_healed":0,"gold_gain":0,"player_choice":"Trade","damage_taken":0,"relics_obtained":["NlothsMask"],"max_hp_gain":0,"max_hp_loss":0,"event_name":"FaceTrader","floor":2,"gold_loss":0},{"damage_healed":0,"gold_gain":0,"cards_transformed":["Defend_G"],"player_choice":"Change","damage_taken":0,"max_hp_gain":0,"max_hp_loss":0,"event_name":"Living Wall","floor":4,"gold_loss":0,"cards_obtained":["PiercingWail"]},{"cards_removed":["Strike_G"],"damage_healed":0,"gold_gain":0,"player_choice":"Purged","damage_taken":0,"max_hp_gain":0,"max_hp_loss":0,"event_name":"Purifier","floor":14,"gold_loss":0},{"damage_healed":0,"gold_gain":0,"player_choice":"Copied","damage_taken":0,"max_hp_gain":0,"max_hp_loss":0,"event_name":"Duplicator","floor":20,"gold_loss":0,"cards_obtained":["Catalyst"]}],"is_beta":false,"boss_relics":[{"not_picked":["Busted Crown","Fusion Hammer"],"picked":"Pandora\u0027s Box"}],"items_purged_floors":[],"is_endless":false,"potions_floor_spawned":[3,7,10,12],"killed_by":"Book of Stabbing","ascension_level":2}}