{"host":"j2lclbvdfoh0nnbr","time":1610182094,"event":{"mods":["ATMod(∞¢Ë™Mod)","Aspiration","BaseMod","Downfall","Lobotomy","LobotomyExtend","Minty Spire (QoL Compilation)","Reimu£®≤©¿ˆ¡È√Œ£©","Replay The Spire","StSLib","The Animator","The Bug Knight","Waifu the Spire","[IsaacMod]“‘»ˆº‚À˛"],"gold_per_floor":[111,111,61,61,61,92,126,158,185,219,250,283,311,328,328,430,430,441,497,497,198,210,240,265,265,265,265,265],"floor_reached":27,"playtime":1438,"items_purged":["HollowMod:QuickDashStart"],"score":553,"play_id":"752d3020-935e-414b-94fa-7f411b01fd1d","local_time":"20210109164814","daily_mods":["Vintage","Heirloom","Time Dilation","Flight","downfall:Lament","DeadlyEvents","Elite Swarm"],"is_ascension_mode":false,"campfire_choices":[{"data":"HollowMod:theNailsmith","floor":15,"key":"SMITH"},{"floor":25,"key":"REST"}],"circlet_count":0,"master_deck":["HollowMod:FocusHealStart+1","HollowMod:PogoStrike","AT_FamilyPortrait","HollowMod:Hiveblood","HollowMod:ZotesMagnificence","HollowMod:theNailsmith+1","HollowMod:HornetsHelp","HollowMod:SlysStrikes","HollowMod:SoulMaster","HollowMod:LifebloodCocoon+1","HollowMod:theNailsmith+1","HollowMod:DesolateDive","HollowMod:MantisMark+1","HollowMod:Weaversong","HollowMod:BrokenVessel","Parasite","Parasite","Parasite"],"relics":["HushsDoor","D4","Burning Blood","champ:DuelingGlove","Torii","Void","Replay:Towering Pillar of Hats","Durian","aspiration:AnachronicSnailShell","HollowMod:QueensCombRelic","Replay:PocketPolymizer","Toxic Egg 2","Letter Opener","Omamori","Ancient Tea Set","Incubus","Replay:Bottled Flurry","LetterFromLob","aspiration:FetidBarrel","Kintsugi","Toy Ornithopter","Regal Pillow","Replay:Kaleidoscope","Membership Card","AT_RedTearstoneRing","aspiration:Lifesprig","AT_ChloranthyRing","Boot","PreservedInsect","MagicBullet_r","ShedSkin_r","ShedSkin_r"],"acts_visited":["Exordium","TheCity"],"potions_floor_usage":[12,23,23,23],"damage_taken":[{"damage":0,"enemies":"Jaw Worm","floor":1,"turns":2},{"damage":0,"enemies":"Lagavulin","floor":6,"turns":1},{"damage":0,"enemies":"Replay:BlueRogue","floor":7,"turns":1},{"damage":47,"enemies":"Lagavulin","floor":8,"turns":8},{"damage":17,"enemies":"3 Sentries","floor":10,"turns":5},{"damage":42,"enemies":"Replay:BlueRogue","floor":11,"turns":5},{"damage":23,"enemies":"Gremlin Nob","floor":12,"turns":3},{"damage":10,"enemies":"Lagavulin","floor":13,"turns":2},{"damage":0,"enemies":"2 Louse","floor":14,"turns":1},{"damage":24,"enemies":"Slime Boss","floor":16,"turns":5},{"damage":0,"enemies":"Chosen","floor":18,"turns":1},{"damage":0,"enemies":"Spheric Guardian","floor":22,"turns":1},{"damage":53,"enemies":"Slavers","floor":23,"turns":6},{"damage":83,"enemies":"Book of Stabbing","floor":24,"turns":5}],"seed_played":"7558176742021819949","potions_obtained":[{"floor":7,"key":"Elixir"},{"floor":10,"key":"Energy Potion"},{"floor":12,"key":"LifebloodPotion"},{"floor":19,"key":"Reflective Coating"}],"is_trial":true,"path_per_floor":["M","?","?","?","?","E","E","E","T","E","E","E","E","M","R","B",null,"M","?","T","$","M","E","E","R","T","E"],"character_chosen":"THE_BUGKNIGHT","items_purchased":["Membership Card","AT_RedTearstoneRing"],"campfire_rested":1,"item_purchase_floors":[21,21],"current_hp_per_floor":[75,75,75,75,75,78,81,64,64,74,59,60,62,62,62,56,62,62,47,47,47,57,47,14,47,47,0,0],"gold":265,"neow_bonus":"","is_daily":false,"chose_seed":false,"campfire_upgraded":1,"win_rate":0.0,"timestamp":1610182094,"path_taken":["M","?","?","?","?","E","E","E","T","E","E","E","?","?","R","BOSS","M","?","?","$","?","E","E","R","T","E"],"items_purchased_type":["Relic","Relic"],"build_version":"2020-12-22","purchased_purges":1,"victory":false,"max_hp_per_floor":[75,75,75,75,75,78,81,84,84,87,90,62,62,62,62,62,62,62,62,62,62,62,62,62,62,62,62,62],"card_choices":[{"not_picked":[],"picked":"DoctorFetus","floor":0},{"not_picked":["HollowMod:PureVessel","HollowMod:LordofShades"],"picked":"HollowMod:Hiveblood","floor":6},{"not_picked":["HollowMod:VoidDash","HollowMod:MidwifesHunger"],"picked":"HollowMod:ZotesMagnificence","floor":7},{"not_picked":["HollowMod:ElderbugsWisdom","HollowMod:NewInfectedGuardian"],"picked":"HollowMod:theNailsmith","floor":8},{"not_picked":["HollowMod:ElderbugsWisdom","HollowMod:VoidDash"],"picked":"HollowMod:HornetsHelp","floor":10},{"not_picked":["HollowMod:LordofShades","HollowMod:LifebloodCore"],"picked":"HollowMod:SlysStrikes","floor":11},{"not_picked":["HollowMod:HornetsHelp","HollowMod:VoidDash","HollowMod:Hiveblood"],"picked":"SKIP","floor":12},{"not_picked":["HollowMod:ZotesMagnificence","HollowMod:Hiveblood+1"],"picked":"HollowMod:SoulMaster","floor":13},{"not_picked":["HollowMod:PureVessel","HollowMod:ZotesMagnificence"],"picked":"HollowMod:theNailsmith+1","floor":16},{"not_picked":["HollowMod:NewJinnsSoul+1","HollowMod:SoulSplash+1"],"picked":"HollowMod:DesolateDive","floor":19},{"not_picked":["HollowMod:GoodIntentions+1","HollowMod:DashSlash"],"picked":"HollowMod:MantisMark+1","floor":19},{"not_picked":["HollowMod:SoulMaster","HollowMod:HornetsHelp"],"picked":"HollowMod:Weaversong","floor":23},{"not_picked":["HollowMod:Hiveblood+1","HollowMod:AwokenDreamNail","HollowMod:SoulMaster"],"picked":"SKIP","floor":24}],"player_experience":338378,"relics_obtained":[{"floor":1,"key":"D4"},{"floor":1,"key":"LetterFromLob"},{"floor":6,"key":"Replay:Ringing Soul"},{"floor":7,"key":"Blue Doll"},{"floor":8,"key":"Gambling Chip"},{"floor":9,"key":"Art of War"},{"floor":10,"key":"GuppysTail"},{"floor":11,"key":"Girya"},{"floor":12,"key":"Diplopia"},{"floor":13,"key":"Replay:Bottled Flurry"},{"floor":13,"key":"LetterFromLob"},{"floor":14,"key":"aspiration:FetidBarrel"},{"floor":18,"key":"Toy Ornithopter"},{"floor":19,"key":"Regal Pillow"},{"floor":20,"key":"Replay:Kaleidoscope"},{"floor":22,"key":"aspiration:Lifesprig"},{"floor":23,"key":"AT_ChloranthyRing"},{"floor":24,"key":"Boot"},{"floor":26,"key":"PreservedInsect"}],"event_choices":[{"damage_healed":0,"gold_gain":0,"player_choice":"Grow","damage_taken":0,"max_hp_gain":0,"max_hp_loss":0,"event_name":"Living Wall","floor":2,"gold_loss":0,"cards_upgraded":["HollowMod:FocusHealStart"]},{"cards_removed":["DoctorFetus"],"damage_healed":0,"gold_gain":0,"player_choice":"Card Removal","damage_taken":0,"max_hp_gain":0,"max_hp_loss":0,"event_name":"The Cleric","floor":3,"gold_loss":50}],"is_beta":false,"boss_relics":[{"not_picked":["Black Star","Replay:Grab Bag"],"picked":"Kintsugi"},{"not_picked":[]}],"items_purged_floors":[21],"is_endless":true,"potions_floor_spawned":[7,10,12,22,23],"ascension_level":0}}