{"host":"qjv9b7mze4c73keh","time":1610192498,"event":{"mods":["BaseMod","Minty Spire (QoL Compilation)"],"gold_per_floor":[113,131,131,147,162,188,188,199,199,178,203,214,214,232,232,333,333,352,363,373,85,85,85,114,126,180,180,250,250,279,291,291,291,291],"floor_reached":33,"playtime":2925,"items_purged":["Defend_R"],"score":301,"play_id":"75f7d04d-2b56-4bf9-9824-94d736b68dba","local_time":"20210109164138","is_ascension_mode":false,"campfire_choices":[{"floor":7.0,"key":"REST"},{"floor":13,"key":"REST"},{"floor":15,"key":"REST"},{"floor":23,"key":"REST"},{"floor":29,"key":"REST"},{"floor":32,"key":"REST"}],"circlet_count":0,"master_deck":["Strike_R","Strike_R","Strike_R","Strike_R","Strike_R","Defend_R","Defend_R","Defend_R","Bash","Spot Weakness","Heavy Blade","Rampage","Rage","Combust","Whirlwind","Cleave","Searing Blow","Reaper","Clash","Demon Form","Cleave+1","Flex","Mayhem","Rage","RitualDagger","Anger","Anger","Dual Wield","Combust","Double Tap","Flex"],"relics":["Burning Blood","Dream Catcher","TungstenRod","Bottled Flame","Velvet Choker","Lizard Tail","Strawberry","SsserpentHead","Omamori"],"acts_visited":["Exordium","TheCity"],"potions_floor_usage":[16,16,16,20,25,25,25,28,28,33,33],"damage_taken":[{"damage":13.0,"enemies":"Jaw Worm","floor":1.0,"turns":3.0},{"damage":14.0,"enemies":"2 Louse","floor":2.0,"turns":3.0},{"damage":6.0,"enemies":"Cultist","floor":4.0,"turns":3.0},{"damage":13.0,"enemies":"2 Fungi Beasts","floor":5.0,"turns":3.0},{"damage":27.0,"enemies":"3 Sentries","floor":6.0,"turns":5.0},{"damage":16.0,"enemies":"Blue Slaver","floor":8.0,"turns":3.0},{"damage":20.0,"enemies":"Gremlin Nob","floor":11.0,"turns":4.0},{"damage":13,"enemies":"Gremlin Gang","floor":12,"turns":3},{"damage":12,"enemies":"Red Slaver","floor":14,"turns":3},{"damage":64,"enemies":"The Guardian","floor":16,"turns":9},{"damage":34,"enemies":"Shell Parasite","floor":18,"turns":5},{"damage":14,"enemies":"3 Byrds","floor":19,"turns":3},{"damage":25,"enemies":"3 Cultists","floor":20,"turns":4},{"damage":38,"enemies":"Gremlin Leader","floor":24,"turns":7},{"damage":36,"enemies":"Snake Plant","floor":25,"turns":5},{"damage":38,"enemies":"Shelled Parasite and Fungi","floor":28,"turns":5},{"damage":46,"enemies":"Slavers","floor":30,"turns":5},{"damage":37,"enemies":"Cultist and Chosen","floor":31,"turns":5},{"damage":74,"enemies":"Collector","floor":33,"turns":6}],"seed_played":"5131167980752471982","potions_obtained":[{"floor":2.0,"key":"Energy Potion"},{"floor":5.0,"key":"BloodPotion"},{"floor":11,"key":"LiquidMemories"},{"floor":16,"key":"HeartOfIron"},{"floor":18,"key":"Ancient Potion"},{"floor":19,"key":"EntropicBrew"},{"floor":28,"key":"Swift Potion"},{"floor":30,"key":"Dexterity Potion"}],"is_trial":false,"path_per_floor":["M","M","?","M","M","E","R","M","T","?","E","M","R","M","R","B",null,"M","M","M","$","?","R","E","M","T","?","M","R","E","M","R","B"],"character_chosen":"IRONCLAD","items_purchased":["Mayhem","Rage"],"campfire_rested":6,"item_purchase_floors":[21,21],"current_hp_per_floor":[73,65,65,65,58,37,61,51,51,51,37,30,54,48,72,37,80,56,57,56,56,51,75,56,27,34,34,49,75,35,14,40,0,0],"gold":291,"neow_bonus":"THREE_CARDS","is_daily":false,"chose_seed":false,"campfire_upgraded":0,"win_rate":0.0,"timestamp":1610192498,"path_taken":["M","M","?","M","M","E","R","M","T","?","E","M","R","M","R","BOSS","M","M","M","$","?","R","E","M","T","?","?","R","E","M","R","BOSS"],"items_purchased_type":["Card","Card"],"build_version":"2020-12-22","purchased_purges":1,"victory":false,"max_hp_per_floor":[80,80,80,80,80,80,80,80,80,80,80,80,80,80,80,80,80,80,80,80,80,80,80,80,80,87,87,87,87,87,87,87,87,87],"card_choices":[{"not_picked":["Shrug It Off","Dark Embrace"],"picked":"Spot Weakness","floor":0.0},{"not_picked":["Clash","Disarm"],"picked":"Heavy Blade","floor":1.0},{"not_picked":["Heavy Blade","Burning Pact"],"picked":"Rampage","floor":2.0},{"not_picked":["Clash","Hemokinesis"],"picked":"Rage","floor":4.0},{"not_picked":["Battle Trance","Berserk","Iron Wave"],"picked":"SKIP","floor":5.0},{"not_picked":["True Grit","Shrug It Off"],"picked":"Combust","floor":6.0},{"not_picked":["Bloodletting","Heavy Blade"],"picked":"Whirlwind","floor":7.0},{"not_picked":["Warcry","Feel No Pain"],"picked":"Cleave","floor":8.0},{"not_picked":["Feel No Pain","Power Through","Reckless Charge"],"picked":"SKIP","floor":11},{"not_picked":["Iron Wave","Wild Strike","Pummel"],"picked":"SKIP","floor":12},{"not_picked":["Disarm","Rage"],"picked":"Searing Blow","floor":13},{"not_picked":["Sword Boomerang","Burning Pact"],"picked":"Reaper","floor":14},{"not_picked":["Seeing Red","Pommel Strike"],"picked":"Clash","floor":15},{"not_picked":["Brutality","Bludgeon"],"picked":"Demon Form","floor":16},{"not_picked":["Wild Strike","Thunderclap","Body Slam"],"picked":"SKIP","floor":18},{"not_picked":["Warcry","Dual Wield+1"],"picked":"Cleave+1","floor":19},{"not_picked":["Perfected Strike+1","Burning Pact+1"],"picked":"Flex","floor":20},{"not_picked":["Seeing Red","Shrug It Off+1"],"picked":"Anger","floor":23},{"not_picked":["Thunderclap","Shrug It Off+1"],"picked":"Anger","floor":24},{"not_picked":["Flame Barrier","Pommel Strike","Headbutt"],"picked":"SKIP","floor":25},{"not_picked":["Armaments+1","Pummel"],"picked":"Dual Wield","floor":28},{"not_picked":["Shrug It Off","Iron Wave"],"picked":"Combust","floor":29},{"not_picked":["Fiend Fire","Berserk"],"picked":"Double Tap","floor":30},{"not_picked":["Wild Strike+1","Clash","Perfected Strike+1"],"picked":"SKIP","floor":31},{"not_picked":["Thunderclap+1","Feel No Pain"],"picked":"Flex","floor":32}],"player_experience":49911,"relics_obtained":[{"floor":6.0,"key":"Dream Catcher"},{"floor":9.0,"key":"TungstenRod"},{"floor":11,"key":"Bottled Flame"},{"floor":24,"key":"Lizard Tail"},{"floor":26,"key":"Strawberry"},{"floor":30,"key":"Omamori"}],"event_choices":[{"damage_healed":0.0,"max_hp_gain":0.0,"max_hp_loss":0.0,"gold_gain":0.0,"event_name":"Scrap Ooze","player_choice":"Fled","floor":3.0,"gold_loss":0.0,"damage_taken":0.0},{"damage_healed":0.0,"max_hp_gain":0.0,"max_hp_loss":0.0,"gold_gain":0.0,"event_name":"World of Goop","player_choice":"Left Gold","floor":10.0,"gold_loss":21.0,"damage_taken":0.0},{"damage_healed":0,"gold_gain":0,"player_choice":"Joined the Cult","damage_taken":6,"max_hp_gain":0,"max_hp_loss":0,"event_name":"Nest","floor":22,"gold_loss":0,"cards_obtained":["RitualDagger"]},{"damage_healed":0,"gold_gain":0,"player_choice":"Trade","damage_taken":0,"relics_obtained":["SsserpentHead"],"max_hp_gain":0,"max_hp_loss":0,"event_name":"FaceTrader","floor":27,"gold_loss":0}],"is_beta":false,"boss_relics":[{"not_picked":["Snecko Eye","Cursed Key"],"picked":"Velvet Choker"}],"items_purged_floors":[21],"is_endless":false,"potions_floor_spawned":[2,5,11,16,18,19,28,30],"killed_by":"Collector","ascension_level":0}}