{"host":"htqwg582tjjtn9p7","time":1610219705,"event":{"mods":["2.2 Compatiblity","AchievementEnabler","Act Like it!","Aspiration","BaseMod","Better Third Choice","Colored Map","Conspire","Curses Come First","Displayed Cursed Tome","Energized Spire","Force Act Four","GifTheSpireLib","Hermit","Highlight Path","JesterMod","Mad Scientist","Minty Spire (QoL Compilation)","Pale of the Ancients","Permanent Neow","Random Character Button","Relic Stats","Replay The Spire","Robot Space Explorer","Somnambulant","Spicy Shops","Spikes Relics","StSLib","Stuff the Spire","The Blue Laboratory","The Bug Knight","The Forsaken","The Gatherer","The Judge","The Jungle","The Marked","The Runesmith","The Servant 0.9.4","Uncapped"],"gold_per_floor":[111,13,13,13,83,83,111,111,111,143,158,158,14,33,33,134,134,151,151,168,168,21,50,50,75,75,93,108,140,140,154,154,252,252,268,268,46,46,63,93,93,120,120,146,157,189,206,220,220,220,233,243,310,36,36,49,49,49,49,49],"floor_reached":61,"playtime":2201,"items_purged":["theMarked:Strike","theMarked:Strike","theMarked:Strike"],"score":2353,"play_id":"912aa253-8a3f-4fc6-85ca-355967e8a681","local_time":"20210109201505","is_ascension_mode":true,"campfire_choices":[{"data":"theMarked:SoldierOfQuellstein","floor":6,"key":"SMITH"},{"data":"conspire:Banana","floor":8,"key":"SMITH"},{"data":"theMarked:Defend","floor":12,"key":"SMITH"},{"data":"theMarked:HeightenedSenses","floor":32,"key":"SMITH"},{"data":"theMarked:EmpowerWeapon","floor":41,"key":"SMITH"},{"data":"theMarked:ComboAttacks","floor":49,"key":"SMITH"},{"data":"theMarked:Overthink","floor":55,"key":"SMITH"},{"floor":57,"key":"RECALL"}],"circlet_count":0,"master_deck":["theMarked:Strike","theMarked:Defend","theMarked:Defend","theMarked:Defend+1","theMarked:Defend+1","theMarked:SoldierOfQuellstein+1","theMarked:ShockingTouch","conspire:Banana+1","theMarked:ShockingTouch","theMarked:Levitate","theMarked:Overcharge","conspire:Banana+1","theMarked:SuspiciousRaven","CurseOfTheBell","theMarked:EmpowerWeapon+1","StuffTheSpire:CelestialWarden","ReplayTheSpireMod:Private Reserves","theMarked:Generate+1","theMarked:HeightenedSenses+1","theMarked:TakeOffHeels","theMarked:TakeOffHeels","Trip","theMarked:AttractMetal+1","theMarked:Overthink+1","theMarked:UnarmedFury","theMarked:ComboAttacks+1","theMarked:HeightenedSenses+1","theMarked:EmpowerWeapon+1","theMarked:Aftermath+1","ReplayTheSpireMod:Splinters"],"relics":["StuffTheSpire:RunicHypercube","StuffTheSpire:CocoNut","theMarked:KettuFlask","Divine Protection","Replay:Towering Pillar of Hats","DollysMirror","Calling Bell","TungstenRod","aspiration:SeaSaltIceCream","Meat on the Bone","SuspiciousGoo","MiniBlackHole","StuffTheSpire:Nightcore","BicycleWheel","conspire:RoyalGoblet","Anchor","Oddly Smooth Stone","StuffTheSpire:Wildfire","PreservedInsect","Calipers","LugNut","paleoftheancients:Timepiece","Bronze Scales","CultistMask","paleoftheancients:SoulOfTheGuardian","StuffTheSpire:HeavyRock","StuffTheSpire:OldFever"],"acts_visited":["Exordium","TheCity","TheBeyond","TheBeyond"],"potions_floor_usage":[16,23,29,40,50,50,56],"damage_taken":[{"damage":1,"enemies":"Cultist","floor":1,"turns":3},{"damage":4,"enemies":"3 Sentries","floor":7,"turns":5},{"damage":0,"enemies":"HollowMod:MossKnight","floor":10,"turns":2},{"damage":0,"enemies":"Small Slimes","floor":11,"turns":2},{"damage":0,"enemies":"Jaw Worm","floor":14,"turns":2},{"damage":0,"enemies":"Slime Boss","floor":16,"turns":3},{"damage":0,"enemies":"Spheric Guardian","floor":18,"turns":3},{"damage":0,"enemies":"Chosen","floor":20,"turns":3},{"damage":0,"enemies":"Replay:Snechameleon","floor":23,"turns":3},{"damage":3,"enemies":"Book of Stabbing","floor":25,"turns":4},{"damage":0,"enemies":"conspire:HollyBat","floor":27,"turns":4},{"damage":0,"enemies":"Sentry and Sphere","floor":28,"turns":3},{"damage":29,"enemies":"Slavers","floor":29,"turns":4},{"damage":1,"enemies":"Centurion and Healer","floor":31,"turns":3},{"damage":0,"enemies":"Pondfish","floor":33,"turns":4},{"damage":6,"enemies":"3 Shapes","floor":35,"turns":4},{"damage":0,"enemies":"Orb Walker","floor":39,"turns":2},{"damage":3,"enemies":"R_Hoarder","floor":40,"turns":6},{"damage":0,"enemies":"Nemesis","floor":42,"turns":5},{"damage":0,"enemies":"Giant Head","floor":44,"turns":4},{"damage":0,"enemies":"3 Darklings","floor":45,"turns":3},{"damage":0,"enemies":"HollowMod:StalkingDevout","floor":46,"turns":4},{"damage":0,"enemies":"4 Shapes","floor":47,"turns":3},{"damage":0,"enemies":"Jaw Worm Horde","floor":48,"turns":3},{"damage":0,"enemies":"Donu and Deca","floor":50,"turns":4},{"damage":0,"enemies":"Donu and Deca","floor":51,"turns":6},{"damage":0,"enemies":"Donu and Deca","floor":52,"turns":2},{"damage":0,"enemies":"Donu and Deca","floor":56,"turns":1},{"damage":0,"enemies":"paleoftheancients:N","floor":60,"turns":4}],"seed_played":"-2607614932080211142","potions_obtained":[{"floor":10,"key":"Doom Potion"},{"floor":15,"key":"Fire Potion"},{"floor":15,"key":"blueLaboratory:BottledHope"},{"floor":16,"key":"blueLaboratory:BottleOfVodka"},{"floor":23,"key":"blueLaboratory:AbyssPotion"},{"floor":29,"key":"blueLaboratory:ForbiddenFruitJuice"},{"floor":31,"key":"SpeedPotion"},{"floor":39,"key":"blueLaboratory:StoneskinPotion"},{"floor":44,"key":"blueLaboratory:BubblePotion"},{"floor":47,"key":"blueLaboratory:ArtificerPotion"},{"floor":51,"key":"blueLaboratory:FrostheartPotion"},{"floor":53,"key":"Block Potion"}],"is_trial":false,"path_per_floor":["M","$","?","?","T","R","E","R","T","E","M","R","$","M","R_BF","B",null,"M","?","M","?","$","E","$","E","T","M","M","E","?","M","R","B",null,"M","?","$","?","M","E","R","E","T","E","M","E","M","M","R","B","M","M","?","$","R","M","R","T","?","B",null],"character_chosen":"THE_DEFAULT","items_purchased":["conspire:Banana","DollysMirror","ReplayTheSpireMod:Private Reserves","Anchor","blueLaboratory:FruitPunch"],"campfire_rested":0,"item_purchase_floors":[2,13,22,37,54],"current_hp_per_floor":[69,69,74,74,81,81,78,78,78,80,82,82,82,86,86,90,95,99,99,103,103,103,107,107,108,108,112,116,91,91,94,94,98,131,129,129,129,129,129,130,130,134,134,138,142,146,154,162,162,177,181,185,185,185,185,192,192,192,192,198],"gold":49,"neow_bonus":"BOSS_RELIC","is_daily":false,"chose_seed":false,"campfire_upgraded":7,"win_rate":0.0,"timestamp":1610219705,"path_taken":["M","$","?","?","?","R","E","R","T","E","M","R","$","M","R_BF","BOSS","M","?","M","?","$","E","$","E","T","M","M","E","?","M","R","BOSS","M","?","$","?","M","E","R","E","T","E","M","E","M","M","R","BOSS","M","M","?","$","R","M","R","T","?","BOSS"],"items_purchased_type":["Card","Relic","Card","Relic","Potion"],"build_version":"2020-12-22","purchased_purges":3,"victory":true,"max_hp_per_floor":[70,70,75,75,82,82,83,83,83,85,87,87,87,91,91,95,95,99,99,103,103,103,107,107,111,111,115,119,123,123,127,127,131,131,135,135,135,135,135,139,139,143,143,147,151,155,163,171,171,177,181,185,185,185,185,192,192,192,192,198],"relic_stats":{"counters":[29,98],"Bronze Scales":[54],"PreservedInsect":181,"obtain_stats":[{"Divine Protection":9,"Calipers":44,"conspire:RoyalGoblet":34,"theForsaken:Lifeblossom":17,"theMarked:KettuFlask":7,"paleoftheancients:SoulOfTheGuardian":51,"DollysMirror":13,"StuffTheSpire:HeavyRock":53,"MiniBlackHole":25,"StuffTheSpire:Nightcore":26,"BicycleWheel":29,"LugNut":46,"StuffTheSpire:RunicHypercube":0,"Replay:Towering Pillar of Hats":10,"SuspiciousGoo":23,"Oddly Smooth Stone":40,"StuffTheSpire:Wildfire":42,"PreservedInsect":43,"aspiration:SeaSaltIceCream":17,"Calling Bell":17,"paleoftheancients:Timepiece":50,"theMarked:ArtifactOfAir":0,"Anchor":37,"Bronze Scales":50,"StuffTheSpire:CocoNut":5,"CultistMask":50,"TungstenRod":17,"StuffTheSpire:OldFever":58,"Meat on the Bone":17},{"Divine Protection":2,"Calipers":20,"conspire:RoyalGoblet":15,"theForsaken:Lifeblossom":6,"theMarked:KettuFlask":2,"paleoftheancients:SoulOfTheGuardian":26,"DollysMirror":4,"StuffTheSpire:HeavyRock":27,"MiniBlackHole":10,"StuffTheSpire:Nightcore":10,"BicycleWheel":13,"LugNut":22,"StuffTheSpire:RunicHypercube":0,"Replay:Towering Pillar of Hats":3,"SuspiciousGoo":9,"Oddly Smooth Stone":18,"StuffTheSpire:Wildfire":19,"PreservedInsect":19,"aspiration:SeaSaltIceCream":6,"Calling Bell":6,"paleoftheancients:Timepiece":25,"theMarked:ArtifactOfAir":0,"Anchor":16,"Bronze Scales":25,"StuffTheSpire:CocoNut":1,"CultistMask":25,"TungstenRod":6,"StuffTheSpire:OldFever":28,"Meat on the Bone":6},{"Divine Protection":8,"Calipers":68,"conspire:RoyalGoblet":48,"theForsaken:Lifeblossom":17,"theMarked:KettuFlask":8,"paleoftheancients:SoulOfTheGuardian":91,"DollysMirror":12,"StuffTheSpire:HeavyRock":93,"MiniBlackHole":30,"StuffTheSpire:Nightcore":30,"BicycleWheel":41,"LugNut":75,"StuffTheSpire:RunicHypercube":0,"Replay:Towering Pillar of Hats":10,"SuspiciousGoo":26,"Oddly Smooth Stone":59,"StuffTheSpire:Wildfire":64,"PreservedInsect":64,"aspiration:SeaSaltIceCream":17,"Calling Bell":17,"paleoftheancients:Timepiece":85,"theMarked:ArtifactOfAir":0,"Anchor":52,"Bronze Scales":85,"StuffTheSpire:CocoNut":3,"CultistMask":85,"TungstenRod":17,"StuffTheSpire:OldFever":94,"Meat on the Bone":17}],"TungstenRod":6,"Meat on the Bone":0},"card_choices":[{"not_picked":["theMarked:Frustration","theMarked:Improvise"],"picked":"theMarked:ShockingTouch","floor":1},{"not_picked":["theMarked:Parkour","theMarked:SwordAndMagic"],"picked":"theMarked:ShockingTouch","floor":7},{"not_picked":["theMarked:HeightenedSenses","theMarked:ElectricStrings"],"picked":"theMarked:Levitate","floor":10},{"not_picked":["theMarked:KeepCalmAndFightOn","theMarked:Indomitable"],"picked":"theMarked:Overcharge","floor":11},{"not_picked":["theMarked:DeterminationOfTheMarked","theMarked:ElectricStrings","theMarked:Opportunist"],"picked":"SKIP","floor":14},{"not_picked":["theMarked:SummonStrength","theMarked:UnarmedFury"],"picked":"theMarked:SuspiciousRaven","floor":16},{"not_picked":["theMarked:ResourceFulStrike","theMarked:TakeCover+1"],"picked":"theMarked:EmpowerWeapon","floor":18},{"not_picked":["theMarked:WardOff+1","theMarked:ElectricStrings+1","theMarked:HeritageOfTheMarked+1"],"picked":"SKIP","floor":20},{"not_picked":["StuffTheSpire:Harmony","StuffTheSpire:Innocence"],"picked":"StuffTheSpire:CelestialWarden","floor":21},{"not_picked":["theMarked:BanishingStrike","theMarked:ResourceFulStrike"],"picked":"theMarked:Generate+1","floor":23},{"not_picked":["theMarked:FavorableWinds","theMarked:Standoff","theMarked:ElectricStrings+1"],"picked":"SKIP","floor":25},{"not_picked":["theMarked:Parkour","theMarked:Aftermath","theMarked:Static"],"picked":"SKIP","floor":27},{"not_picked":["theMarked:Parkour+1","theMarked:Electrify"],"picked":"theMarked:HeightenedSenses","floor":28},{"not_picked":["theMarked:AttractMetal","theMarked:WastefulDefense+1"],"picked":"theMarked:TakeOffHeels","floor":29},{"not_picked":["theMarked:Standoff","theMarked:CreepingChasm","theMarked:Static"],"picked":"SKIP","floor":31},{"not_picked":["theMarked:TurnInvisible","theMarked:ThrowWeapon"],"picked":"theMarked:TakeOffHeels","floor":33},{"not_picked":["theMarked:WastefulAttack","theMarked:HeritageOfTheMarked+1","theMarked:TunnelVision"],"picked":"SKIP","floor":35},{"not_picked":["Flash of Steel","Replay:BasicMightCard"],"picked":"Trip","floor":36},{"not_picked":["theMarked:SwordAndMagic+1","theMarked:RepellingDischarge"],"picked":"theMarked:AttractMetal+1","floor":39},{"not_picked":["theMarked:WardOff+1","theMarked:BanishingStrike"],"picked":"theMarked:Overthink","floor":40},{"not_picked":["theMarked:WardOff","theMarked:Electrify+1"],"picked":"theMarked:UnarmedFury","floor":42},{"not_picked":["theMarked:WastefulDefense+1","theMarked:Generate","theMarked:ElectricStrings"],"picked":"SKIP","floor":44},{"not_picked":["theMarked:Reabsorb+1","theMarked:WardOff+1"],"picked":"theMarked:ComboAttacks","floor":45},{"not_picked":["theMarked:WastefulAttack","theMarked:ResourceFulStrike"],"picked":"theMarked:HeightenedSenses+1","floor":46},{"not_picked":["theMarked:SummonStrength","theMarked:ElectricStrings","theMarked:RepellingDischarge+1"],"picked":"SKIP","floor":47},{"not_picked":["theMarked:Frustration+1","theMarked:ElectricStrings+1"],"picked":"theMarked:EmpowerWeapon+1","floor":48},{"not_picked":["theMarked:BanishingStrike","theMarked:EmpowerWeapon"],"picked":"theMarked:Aftermath+1","floor":51},{"not_picked":["theMarked:ResourceFulStrike","theMarked:ReduceFriction+1","theMarked:TunnelVision"],"picked":"SKIP","floor":52},{"not_picked":["theMarked:ElectricStrings","theMarked:Frustration+1","theMarked:SwordAndMagic+1"],"picked":"SKIP","floor":56}],"player_experience":1911011,"relics_obtained":[{"floor":5,"key":"StuffTheSpire:CocoNut"},{"floor":7,"key":"theMarked:KettuFlask"},{"floor":9,"key":"Divine Protection"},{"floor":10,"key":"Replay:Towering Pillar of Hats"},{"floor":17,"key":"theForsaken:Lifeblossom"},{"floor":17,"key":"TungstenRod"},{"floor":17,"key":"aspiration:SeaSaltIceCream"},{"floor":23,"key":"SuspiciousGoo"},{"floor":25,"key":"MiniBlackHole"},{"floor":26,"key":"StuffTheSpire:Nightcore"},{"floor":29,"key":"BicycleWheel"},{"floor":40,"key":"Oddly Smooth Stone"},{"floor":42,"key":"StuffTheSpire:Wildfire"},{"floor":43,"key":"PreservedInsect"},{"floor":44,"key":"Calipers"},{"floor":46,"key":"LugNut"},{"floor":51,"key":"paleoftheancients:SoulOfTheGuardian"},{"floor":53,"key":"StuffTheSpire:HeavyRock"},{"floor":58,"key":"StuffTheSpire:OldFever"}],"event_choices":[{"damage_healed":0,"gold_gain":0,"player_choice":"Donut","damage_taken":0,"max_hp_gain":5,"max_hp_loss":0,"event_name":"Big Fish","floor":3,"gold_loss":0},{"damage_healed":0,"gold_gain":0,"player_choice":"Ignored","damage_taken":0,"max_hp_gain":0,"max_hp_loss":0,"event_name":"Vampires","floor":19,"gold_loss":0},{"damage_healed":0,"gold_gain":0,"player_choice":"Memory 1","damage_taken":0,"max_hp_gain":0,"max_hp_loss":0,"event_name":"SensoryStone","floor":36,"gold_loss":0},{"cards_removed":["theMarked:Strike"],"damage_healed":0,"gold_gain":0,"player_choice":"Removed Attack","damage_taken":0,"max_hp_gain":0,"max_hp_loss":0,"event_name":"Falling","floor":38,"gold_loss":0}],"is_beta":false,"boss_relics":[{"not_picked":["StuffTheSpire:ModemDavis","CosmicIsotope"],"picked":"Calling Bell"},{"not_picked":["aspiration:DefectSkillbook","Replay:Wanted Poster"],"picked":"conspire:RoyalGoblet"}],"items_purged_floors":[37,54,54],"is_endless":false,"potions_floor_spawned":[10,16,23,28,29,31,35,39,44,47,48,51],"ascension_level":3}}