{"host":"n605f8gctjc87d7h","time":1610183401,"event":{"mods":["Aspiration","Bard","BaseMod","Better Match","Better Note","Better Skull","Better Third Choice","Conspire","Downfall","Halation","Infinite Spire","Minty Spire (QoL Compilation)","Replay The Spire","Retaliation","Shade Mod","Spicy Shops","StSLib","The IronCluck"],"gold_per_floor":[118,118,128,143,143,143,172,172,172,97,111,111,111,124,175,280,280,300,300,300,317,238,238,272,212,212,222,222,251,251,271,271,376,376,389,418,434,91,109,109,139,139,163,163,181,197,197,211,211,211],"floor_reached":51,"playtime":3804,"items_purged":[],"score":740,"play_id":"a1bebe4b-4d83-4895-82f5-925ba629128f","local_time":"20210109011001","is_ascension_mode":false,"campfire_choices":[{"data":"ReplayTheSpireMod:LeadingStrike","floor":6,"key":"SMITH"},{"data":"Inflame","floor":12,"key":"SMITH"},{"data":"DDmod:MulticlassingSkill","floor":23,"key":"SMITH"},{"floor":28,"key":"REST"},{"floor":32,"key":"REST"},{"floor":40,"key":"REST"},{"data":"infinitespire:FinalStrike","floor":47,"key":"SMITH"},{"data":"Heavy Blade","floor":49,"key":"SMITH"}],"circlet_count":0,"master_deck":["Strike_R","Strike_R","Strike_R","Defend_R","Defend_R","Defend_R+1","Bash+1","ReplayTheSpireMod:LeadingStrike+1","Inflame+1","Warcry","Inflame+1","Heavy Blade+1","ReplayTheSpireMod:Stacked+1","Heavy Blade","Twin Strike","DDmod:MulticlassingSkill+1","Infernal Blade+1","infinitespire:FinalStrike+1","Iron Wave","Discovery","Cleave+1","Heavy Blade+1"],"relics":["Burning Blood","Blue Doll","ReplayTheSpireMod:TigerMarble","halation:YellowSoulGem","Replay:Grab Bag","Velvet Choker","infinitespire:Cupcake","halation:Risk","Incense Burner","Shovel","Sundial","aspiration:FrozenJewel","aspiration:StickyExplosives_weak","Busted Crown","Replay:Kaleidoscope","StrikeDummy","infinitespire:Golems Mask","War Paint"],"acts_visited":["Exordium","TheCity","TheBeyond"],"potions_floor_usage":[16,18,24,24,29,41,50],"damage_taken":[{"damage":2,"enemies":"conspire:RoseBush","floor":1,"turns":3},{"damage":6,"enemies":"Jaw Worm","floor":3,"turns":3},{"damage":1,"enemies":"2 Louse","floor":4,"turns":3},{"damage":9,"enemies":"Replay:BlueRogue","floor":7,"turns":4},{"damage":13,"enemies":"Red Slaver","floor":11,"turns":2},{"damage":2,"enemies":"Large Slime","floor":14,"turns":5},{"damage":24,"enemies":"The Guardian","floor":16,"turns":8},{"damage":10,"enemies":"conspire:FuzzyDice","floor":18,"turns":5},{"damage":0,"enemies":"Spheric Guardian","floor":21,"turns":3},{"damage":42,"enemies":"Book of Stabbing","floor":24,"turns":5},{"damage":6,"enemies":"Snecko","floor":27,"turns":3},{"damage":14,"enemies":"conspire:SneckoGhost","floor":29,"turns":4},{"damage":6,"enemies":"Centurion and Healer","floor":31,"turns":2},{"damage":58,"enemies":"Champ","floor":33,"turns":6},{"damage":0,"enemies":"Orb Walker","floor":35,"turns":1},{"damage":26,"enemies":"conspire:MimicChest","floor":36,"turns":4},{"damage":25,"enemies":"3 Darklings","floor":37,"turns":4},{"damage":17,"enemies":"Writhing Mass","floor":39,"turns":3},{"damage":10,"enemies":"R_Hoarder","floor":41,"turns":5},{"damage":7,"enemies":"Jaw Worm Horde","floor":45,"turns":2},{"damage":0,"enemies":"Transient","floor":46,"turns":5},{"damage":0,"enemies":"Sphere and 2 Shapes","floor":48,"turns":2},{"damage":30,"enemies":"Donu and Deca","floor":50,"turns":5}],"seed_played":"8977805000383620306","potions_obtained":[{"floor":4,"key":"GamblersBrew"},{"floor":11,"key":"BlessingOfTheForge"},{"floor":14,"key":"DistilledChaos"},{"floor":16,"key":"DistilledChaos"},{"floor":21,"key":"Block Potion"},{"floor":27,"key":"AttackPotion"},{"floor":37,"key":"Strength Potion"},{"floor":39,"key":"Regen Potion"},{"floor":41,"key":"FairyPotion"},{"floor":45,"key":"Block Potion"}],"is_trial":false,"path_per_floor":["M","?","M","M","?","R","E","$","T","?","M","R","?","M","R","B",null,"M","?","?","M","$","R","E","?","T","M","R","E","?","M","R","B",null,"M","?","M","$","M","R","E","?","T","?","M","M","R","M","R","B",null],"character_chosen":"IRONCLAD","items_purchased":["Incense Burner","StrikeDummy","Discovery"],"campfire_rested":3,"item_purchase_floors":[22,38,38],"current_hp_per_floor":[80,80,80,80,73,73,70,70,70,70,63,63,63,67,67,49,80,76,76,80,80,80,80,44,44,44,44,68,60,40,40,64,12,80,80,60,41,41,30,54,64,64,64,64,63,69,69,75,75,51],"gold":211,"neow_bonus":"UPGRADE_CARD","is_daily":false,"chose_seed":false,"campfire_upgraded":5,"win_rate":0.0,"timestamp":1610183401,"path_taken":["M","?","M","M","?","R","E","?","T","?","M","R","?","M","R","BOSS","M","?","?","M","?","R","E","?","T","?","R","E","?","M","R","BOSS","M","?","M","$","M","R","E","?","T","?","M","?","R","M","R","BOSS"],"items_purchased_type":["Relic","Relic","Card"],"build_version":"2020-12-22","purchased_purges":0,"victory":true,"max_hp_per_floor":[80,80,80,80,80,80,80,80,80,80,80,80,80,80,80,80,80,80,80,80,80,80,80,80,80,80,80,80,80,80,80,80,80,80,80,80,80,80,80,80,80,80,80,80,80,80,80,80,80,80],"card_choices":[{"not_picked":["ReplayTheSpireMod:Corrosion Curse","Defy Death"],"picked":"ReplayTheSpireMod:LeadingStrike","floor":1},{"not_picked":["DDmod:UnstoppableAttack","True Grit"],"picked":"Warcry","floor":3},{"not_picked":["Thunderclap","Demon Form"],"picked":"Inflame","floor":4},{"not_picked":["Rupture","DDmod:PokeAttack"],"picked":"Heavy Blade","floor":7},{"not_picked":["Power Through+1","Pummel+1"],"picked":"ReplayTheSpireMod:Stacked+1","floor":10},{"not_picked":["Run Through","Ghostly Armor"],"picked":"Heavy Blade","floor":11},{"not_picked":["Entrench","Dark Embrace"],"picked":"Twin Strike","floor":14},{"not_picked":["Run Through","True Grit","Pummel"],"picked":"SKIP","floor":18},{"not_picked":["Wild Strike","Run Through+1","Twin Strike"],"picked":"SKIP","floor":21},{"not_picked":["Flex","Dark Embrace"],"picked":"Infernal Blade","floor":24},{"not_picked":["Run Through","Metallicize","Headbutt"],"picked":"SKIP","floor":27},{"not_picked":["DDmod:RechargeSkill","DDmod:EasePowerCard","DDmod:PokeAttack+1"],"picked":"SKIP","floor":29},{"not_picked":["infinitespire:FutureSight","Replay:Fractal Strike"],"picked":"infinitespire:FinalStrike","floor":30},{"not_picked":["Rupture","Massacre","Shockwave"],"picked":"SKIP","floor":31},{"not_picked":["Flex"],"picked":"SKIP","floor":35},{"not_picked":[],"picked":"Iron Wave","floor":37},{"not_picked":["DDmod:ScaleUpSkill"],"picked":"SKIP","floor":39},{"not_picked":[],"picked":"Cleave+1","floor":41},{"not_picked":["Sword Boomerang"],"picked":"SKIP","floor":45},{"not_picked":["Combust"],"picked":"SKIP","floor":46},{"not_picked":[],"picked":"Heavy Blade+1","floor":48},{"not_picked":["hexamod:FourthSeal"],"picked":"SKIP","floor":48}],"player_experience":637198,"relics_obtained":[{"floor":7,"key":"Blue Doll"},{"floor":9,"key":"ReplayTheSpireMod:TigerMarble"},{"floor":24,"key":"Shovel"},{"floor":26,"key":"aspiration:FrozenJewel"},{"floor":29,"key":"aspiration:StickyExplosives_weak"},{"floor":36,"key":"Replay:Kaleidoscope"},{"floor":41,"key":"infinitespire:Golems Mask"},{"floor":43,"key":"War Paint"}],"event_choices":[{"cards_removed":["Strike_R"],"damage_healed":0,"gold_gain":0,"player_choice":"Card Removal","damage_taken":7,"max_hp_gain":0,"max_hp_loss":0,"event_name":"Golden Wing","floor":5,"gold_loss":0},{"damage_healed":0,"gold_gain":0,"player_choice":"2","damage_taken":0,"max_hp_gain":0,"max_hp_loss":0,"event_name":"betterMatch:BetterMatch","floor":10,"gold_loss":0,"cards_obtained":["betterMatch:UncommonCard"]},{"cards_removed":["ReplayTheSpireMod:Stacked"],"damage_healed":0,"gold_gain":0,"player_choice":"Take \u0026 Give","damage_taken":0,"max_hp_gain":0,"max_hp_loss":0,"event_name":"betterNote:BetterNote","floor":19,"gold_loss":0,"cards_obtained":["DDmod:MulticlassingSkill"]},{"damage_healed":0,"gold_gain":0,"player_choice":"Paid Gold","damage_taken":0,"relics_obtained":["Sundial"],"max_hp_gain":0,"max_hp_loss":0,"event_name":"WeMeetAgain","floor":25,"gold_loss":60},{"cards_removed":["Strike_R"],"damage_healed":0,"gold_gain":0,"player_choice":"Purged","damage_taken":0,"max_hp_gain":0,"max_hp_loss":0,"event_name":"Purifier","floor":44,"gold_loss":0}],"is_beta":false,"boss_relics":[{"not_picked":["conspire:SlowCooker","SacredBark"],"picked":"Replay:Grab Bag"},{"not_picked":["halation:IncompleteEncyclopedia","halation:ForbiddenBikini"],"picked":"Velvet Choker"},{"not_picked":["Ooze Armor","Sozu"],"picked":"infinitespire:Cupcake"},{"not_picked":["Replay:Drink Me","aspiration:SilentSkillbook"],"picked":"halation:Risk"},{"not_picked":["aspiration:WatcherSkillbook","aspiration:SecretTechniqueScroll"],"picked":"Busted Crown"}],"items_purged_floors":[],"is_endless":false,"potions_floor_spawned":[4,11,14,16,21,27,37,39,41,45],"ascension_level":0}}