{"host":"88gj1a6q1iuldet9","time":1610171244,"event":{"mods":["Act Like it!","Arknights The Spire","BaseMod","Better Note","Better Third Choice","BetterRewards","Conspire","Downfall","Energized Spire","Gensokyo","GungeonMod","Hubris","Jorbs\u0027s Wanderer Trilogy","Magitek Elite","Melee Mod","Minty Spire (QoL Compilation)","Quick Restart","Reimu??????","Replay The Spire","Robot Space Explorer","Shop Mod","StSLib","The Administrix","The Dragon Tamer","The Hayseed","The Marked","The Mystic","The Necromancer","The Runesmith","The Sage","TheArtist","TheFirefly","Wandering Minibosses","Yakumo Yukari mod"],"gold_per_floor":[117,44,56,56,6,33,33,43,67,78,105,120,133,133,133,133,133],"floor_reached":16,"playtime":5676,"items_purged":[],"score":137,"play_id":"275702fa-42a5-4de2-9b08-b91893203759","local_time":"20210109004724","is_ascension_mode":false,"campfire_choices":[{"data":"artistmod:PalettePick","floor":7,"key":"SMITH"},{"data":"artistmod:DoubleDemolition","floor":15,"key":"SMITH"}],"circlet_count":0,"master_deck":["artistmod:StrokeStrike","artistmod:StrokeStrike","artistmod:StrokeStrike","artistmod:StrokeStrike","artistmod:DaringDefend","artistmod:DaringDefend","artistmod:DaringDefend","artistmod:DaringDefend","artistmod:BrushBash","artistmod:DarkenDrawing","artistmod:RedRage","artistmod:AccursedAggression","artistmod:PalettePick+1","CommonCold","artistmod:PurplePain","artistmod:DoubleDemolition+1","artistmod:SweepingSadness","artistmod:RaringRepaint","artistmod:DarkerDanger","artistmod:ColorfulClobber","artistmod:AccursedAggression","Regret"],"relics":["artistmod:BlueBrush","NeowsBlessing","Guard_Bracelet","hubris:SlimyHat","Blue Doll","conspire:Dentures"],"acts_visited":["Exordium"],"potions_floor_usage":[11,13,16],"damage_taken":[{"damage":0,"enemies":"Cultist","floor":1,"turns":1},{"damage":0,"enemies":"Small Slimes","floor":3,"turns":1},{"damage":0,"enemies":"Gremlin Nob","floor":6,"turns":1},{"damage":6,"enemies":"2 Louse","floor":8,"turns":2},{"damage":12,"enemies":"Exordium Wildlife","floor":10,"turns":3},{"damage":33,"enemies":"Lagavulin","floor":11,"turns":6},{"damage":5,"enemies":"3 Louse","floor":12,"turns":3},{"damage":0,"enemies":"Gremlin Gang","floor":13,"turns":1},{"damage":15,"enemies":"Fading Forest","floor":16,"turns":7}],"seed_played":"2898839607905909511","potions_obtained":[{"floor":3,"key":"champ:CounterPotion"},{"floor":6,"key":"ColorlessPotion"},{"floor":11,"key":"GrandPatriotsElixir:ReiMu"},{"floor":12,"key":"Elixir"}],"is_trial":false,"path_per_floor":["M","$","M","?","$","E","R","M","T","M","E","M","M","?","R","B"],"character_chosen":"THE_ARTIST","items_purchased":["artistmod:AccursedAggression","artistmod:PurplePain"],"campfire_rested":0,"item_purchase_floors":[2,5],"current_hp_per_floor":[71,71,71,71,71,71,71,65,65,53,20,15,15,15,15,0,0],"gold":133,"neow_bonus":"THREE_ENEMY_KILL","is_daily":false,"chose_seed":false,"campfire_upgraded":2,"win_rate":0.0,"timestamp":1610171244,"path_taken":["M","?","M","?","$","E","R","M","T","M","E","M","M","?","R","BOSS"],"items_purchased_type":["Card","Card"],"build_version":"2020-12-22","purchased_purges":0,"victory":false,"max_hp_per_floor":[71,71,71,71,71,71,71,71,71,71,71,71,71,71,71,71,71],"card_choices":[{"not_picked":["artistmod:DoubleDraw","artistmod:CursedClash"],"picked":"artistmod:RedRage","floor":1},{"not_picked":["artistmod:CursedClash","artistmod:GrowingGreens"],"picked":"artistmod:PalettePick","floor":3},{"not_picked":["artistmod:SimpleStudies","artistmod:InsaneInspiration"],"picked":"artistmod:DoubleDemolition","floor":6},{"not_picked":["artistmod:DualDash","artistmod:RedRage"],"picked":"artistmod:SweepingSadness","floor":8},{"not_picked":["artistmod:MagentaMadness","artistmod:PaintBreath"],"picked":"artistmod:RaringRepaint","floor":10},{"not_picked":["artistmod:RedReaper","artistmod:PrismaticPain"],"picked":"artistmod:DarkerDanger","floor":11},{"not_picked":["artistmod:PrismaticPain","artistmod:DoubleDraw"],"picked":"artistmod:ColorfulClobber","floor":12},{"not_picked":["artistmod:PurplePain","artistmod:ColorfulClobber"],"picked":"artistmod:AccursedAggression","floor":13}],"player_experience":1085790,"relics_obtained":[{"floor":6,"key":"Guard_Bracelet"},{"floor":9,"key":"hubris:SlimyHat"},{"floor":11,"key":"Blue Doll"}],"event_choices":[{"damage_healed":0,"gold_gain":0,"player_choice":"Box","damage_taken":0,"relics_obtained":["conspire:Dentures"],"max_hp_gain":0,"max_hp_loss":0,"event_name":"Big Fish","floor":14,"gold_loss":0,"cards_obtained":["Regret"]}],"is_beta":false,"boss_relics":[],"items_purged_floors":[],"is_endless":false,"potions_floor_spawned":[3,6,11,12],"killed_by":"Fading Forest","ascension_level":0}}