{"host":"msa0wxqjs3jv1k3j","time":1610182036,"event":{"mods":["BaseMod","BetterRewards","Colored Map","Highlight Path","KOR Keyword Fix","Keyboard Shortcuts","Minty Spire (QoL Compilation)","Quick Restart","SuperFastMode","everything is the same but u backflip on backflip"],"gold_per_floor":[110,110,110,130,148,192,192,207,230,230,255,296,296,296,296,416,479,472,493,493,513,563,576,599,127,127,127,127,127,170,295,295,424,424,449,449,464,477,496,496,515,542,542,566,566,566,566],"floor_reached":46,"playtime":2118,"items_purged":["Strike_R"],"score":527,"play_id":"3dbc28d8-dac6-4366-bddf-1b2794a2b6ed","local_time":"20210109174716","is_ascension_mode":false,"campfire_choices":[{"floor":7.0,"key":"REST"},{"floor":10.0,"key":"REST"},{"floor":15.0,"key":"REST"},{"data":"Fiend Fire","floor":27.0,"key":"SMITH"},{"data":"Metallicize","floor":29.0,"key":"SMITH"},{"floor":32.0,"key":"REST"},{"floor":40,"key":"REST"}],"circlet_count":0,"master_deck":["Strike_R","Strike_R","Strike_R","Strike_R","Defend_R+1","Defend_R","Defend_R+1","Bash","Flex+1","Burning Pact+1","Feel No Pain","Metallicize+1","Bloodletting","Shrug It Off+1","Cleave","Pummel","Fiend Fire+1","Battle Trance","Sentinel+1","Wild Strike","Pommel Strike+1","Havoc","Intimidate","Dark Embrace+1","Feel No Pain+1","Seeing Red+1"],"relics":["Burning Blood","Lizard Tail","Eternal Feather","Paper Frog","Golden Idol","Tiny Chest","Happy Flower","War Paint","Tiny House","InkBottle","Centennial Puzzle","Matryoshka","Potion Belt","Bottled Flame","Regal Pillow","Letter Opener","Ancient Tea Set","Du-Vu Doll","Shuriken","Runic Pyramid","Pear","Omamori","PreservedInsect"],"acts_visited":["Exordium","TheCity","TheBeyond"],"potions_floor_usage":[],"damage_taken":[{"damage":11.0,"enemies":"Jaw Worm","floor":1.0,"turns":4.0},{"damage":2.0,"enemies":"Small Slimes","floor":4.0,"turns":4.0},{"damage":6.0,"enemies":"Cultist","floor":5.0,"turns":4.0},{"damage":44.0,"enemies":"Gremlin Nob","floor":6.0,"turns":5.0},{"damage":22.0,"enemies":"Large Slime","floor":8.0,"turns":6.0},{"damage":7.0,"enemies":"2 Fungi Beasts","floor":11.0,"turns":4.0},{"damage":24.0,"enemies":"3 Sentries","floor":12.0,"turns":9.0},{"damage":40.0,"enemies":"Hexaghost","floor":16.0,"turns":11.0},{"damage":27.0,"enemies":"2 Thieves","floor":18.0,"turns":4.0},{"damage":7.0,"enemies":"Chosen","floor":19.0,"turns":8.0},{"damage":25.0,"enemies":"Shelled Parasite and Fungi","floor":21.0,"turns":6.0},{"damage":30.0,"enemies":"Cultist and Chosen","floor":23.0,"turns":10.0},{"damage":21.0,"enemies":"Snake Plant","floor":24.0,"turns":5.0},{"damage":17.0,"enemies":"Book of Stabbing","floor":30.0,"turns":6.0},{"damage":19.0,"enemies":"Colosseum Slavers","floor":31.0,"turns":4.0},{"damage":39.0,"enemies":"Colosseum Nobs","floor":31.0,"turns":5.0},{"damage":62,"enemies":"Automaton","floor":33,"turns":7},{"damage":9,"enemies":"3 Darklings","floor":35,"turns":4},{"damage":25,"enemies":"3 Shapes","floor":37,"turns":4},{"damage":14,"enemies":"Spire Growth","floor":38,"turns":3},{"damage":37,"enemies":"4 Shapes","floor":39,"turns":7},{"damage":30,"enemies":"Writhing Mass","floor":41,"turns":4},{"damage":4,"enemies":"Sphere and 2 Shapes","floor":44,"turns":3},{"damage":83,"enemies":"2 Orb Walkers","floor":46,"turns":5}],"seed_played":"-2971158575804891708","potions_obtained":[{"floor":4.0,"key":"SpeedPotion"},{"floor":5.0,"key":"Ancient Potion"},{"floor":8.0,"key":"SteroidPotion"},{"floor":12.0,"key":"Fire Potion"},{"floor":17.0,"key":"Block Potion"},{"floor":18.0,"key":"EssenceOfSteel"},{"floor":21.0,"key":"PowerPotion"},{"floor":35,"key":"SneckoOil"},{"floor":38,"key":"EssenceOfSteel"},{"floor":41,"key":"Energy Potion"}],"is_trial":false,"path_per_floor":["M","?","?","M","M","E","R","M","T","R","M","E","?","?","R","B",null,"M","M","T","M","?","M","M","$","T","R","T","R","E","?","R","B",null,"M","?","M","M","M","R","M","T","T","M","?","?"],"character_chosen":"IRONCLAD","items_purchased":["Eternal Feather","Paper Frog","Flex","Burning Pact","Fire Potion","Centennial Puzzle","Matryoshka"],"campfire_rested":5,"item_purchase_floors":[0,0,0,0,0,25,25],"current_hp_per_floor":[75,55,55,59,59,21,51,35,35,68,67,49,33,33,66,32,85,64,63,63,44,44,20,48,48,48,60,60,72,61,15,67,11,85,82,92,73,65,34,92,68,68,68,70,70,0,0],"gold":566,"neow_bonus":"","is_daily":false,"chose_seed":false,"campfire_upgraded":2,"win_rate":0.0,"timestamp":1610182036,"path_taken":["M","?","?","M","M","E","R","M","T","R","?","E","?","?","R","BOSS","M","M","?","M","?","M","?","?","T","R","?","R","E","?","R","BOSS","M","?","?","M","M","R","M","?","T","M","?","?"],"items_purchased_type":["Relic","Relic","Card","Card","Potion","Relic","Relic"],"build_version":"2020-12-22","purchased_purges":1,"victory":false,"max_hp_per_floor":[80,80,80,80,80,80,80,80,80,80,80,80,80,80,80,80,85,85,85,85,85,85,85,85,85,85,85,85,85,85,85,85,85,85,85,95,95,95,95,95,95,95,95,95,95,95,95],"card_choices":[{"not_picked":["Iron Wave","True Grit"],"picked":"Feel No Pain","floor":1.0},{"not_picked":["Sentinel","Heavy Blade"],"picked":"Metallicize","floor":4.0},{"not_picked":["Sentinel","Cleave"],"picked":"Bloodletting","floor":5.0},{"not_picked":["Perfected Strike","Clash","Thunderclap"],"picked":"SKIP","floor":6.0},{"not_picked":["Reckless Charge","Uppercut"],"picked":"Shrug It Off","floor":8.0},{"not_picked":["Twin Strike","Exhume"],"picked":"Cleave","floor":11.0},{"not_picked":["Whirlwind","Flex"],"picked":"Pummel","floor":12.0},{"not_picked":["Brutality","Reaper"],"picked":"Fiend Fire","floor":16.0},{"not_picked":["Iron Wave","Perfected Strike"],"picked":"Battle Trance","floor":17.0},{"not_picked":["Thunderclap","Pommel Strike"],"picked":"Sentinel+1","floor":18.0},{"not_picked":["Shockwave","Clash"],"picked":"Wild Strike","floor":19.0},{"not_picked":["Reckless Charge","Headbutt+1"],"picked":"Pommel Strike+1","floor":21.0},{"not_picked":["Hemokinesis","Impervious","Heavy Blade"],"picked":"SKIP","floor":23.0},{"not_picked":["Ghostly Armor","Carnage+1","Perfected Strike"],"picked":"SKIP","floor":24.0},{"not_picked":["Dropkick+1","Whirlwind"],"picked":"Havoc","floor":30.0},{"not_picked":["Second Wind","Sword Boomerang+1"],"picked":"Intimidate","floor":35},{"not_picked":["Feel No Pain","Sever Soul+1"],"picked":"Dark Embrace+1","floor":37},{"not_picked":["Perfected Strike+1","Body Slam+1","Sword Boomerang+1"],"picked":"SKIP","floor":38},{"not_picked":["Armaments","Uppercut+1"],"picked":"Feel No Pain+1","floor":39},{"not_picked":["Flex+1","Cleave+1"],"picked":"Seeing Red+1","floor":41},{"not_picked":["True Grit+1","Shrug It Off","Warcry+1"],"picked":"SKIP","floor":44}],"player_experience":49812,"relics_obtained":[{"floor":6.0,"key":"Tiny Chest"},{"floor":9.0,"key":"Happy Flower"},{"floor":12.0,"key":"War Paint"},{"floor":20.0,"key":"InkBottle"},{"floor":26.0,"key":"Potion Belt"},{"floor":26.0,"key":"Bottled Flame"},{"floor":28.0,"key":"Regal Pillow"},{"floor":28.0,"key":"Letter Opener"},{"floor":30.0,"key":"Ancient Tea Set"},{"floor":31.0,"key":"Du-Vu Doll"},{"floor":31.0,"key":"Shuriken"},{"floor":42,"key":"Omamori"},{"floor":43,"key":"PreservedInsect"}],"event_choices":[{"damage_healed":0.0,"max_hp_gain":0.0,"max_hp_loss":0.0,"gold_gain":0.0,"event_name":"Golden Idol","player_choice":"Take Damage","floor":2.0,"gold_loss":0.0,"damage_taken":20.0,"relics_obtained":["Golden Idol"]},{"cards_removed":["Defend_R"],"damage_healed":0.0,"max_hp_gain":0.0,"max_hp_loss":0.0,"gold_gain":0.0,"event_name":"Bonfire Elementals","player_choice":"Offered Basic","floor":3.0,"gold_loss":0.0,"damage_taken":0.0},{"damage_healed":0.0,"max_hp_gain":0.0,"max_hp_loss":0.0,"gold_gain":0.0,"event_name":"Shining Light","player_choice":"Entered Light","floor":13.0,"gold_loss":0.0,"damage_taken":16.0,"cards_upgraded":["Burning Pact","Shrug It Off"]},{"damage_healed":0.0,"max_hp_gain":0.0,"max_hp_loss":0.0,"gold_gain":0.0,"event_name":"Liars Game","player_choice":"Ignored","floor":14.0,"gold_loss":0.0,"damage_taken":0.0},{"damage_healed":0.0,"max_hp_gain":0.0,"max_hp_loss":0.0,"gold_gain":100.0,"event_name":"The Joust","player_choice":"Bet on Murderer","floor":22.0,"gold_loss":50.0,"damage_taken":0.0},{"damage_healed":0.0,"max_hp_gain":0.0,"max_hp_loss":0.0,"gold_gain":0.0,"event_name":"Colosseum","player_choice":"Fight","floor":31.0,"gold_loss":0.0,"damage_taken":0.0},{"damage_healed":0.0,"max_hp_gain":0.0,"max_hp_loss":0.0,"gold_gain":0.0,"event_name":"Colosseum","player_choice":"Fought Nobs","floor":31.0,"gold_loss":0.0,"damage_taken":0.0},{"damage_healed":0,"gold_gain":0,"player_choice":"Gave Potion","damage_taken":0,"relics_obtained":["Pear"],"max_hp_gain":0,"max_hp_loss":0,"event_name":"WeMeetAgain","floor":36,"gold_loss":0},{"damage_healed":0,"gold_gain":0,"player_choice":"Ignored","damage_taken":0,"max_hp_gain":0,"max_hp_loss":0,"event_name":"Tomb of Lord Red Mask","floor":45,"gold_loss":0},{"damage_healed":0,"gold_gain":0,"player_choice":"Fight","damage_taken":0,"max_hp_gain":0,"max_hp_loss":0,"event_name":"Mysterious Sphere","floor":46,"gold_loss":0}],"is_beta":false,"boss_relics":[{"not_picked":["Runic Cube","Fusion Hammer"],"picked":"Tiny House"},{"not_picked":["Busted Crown","Black Star"],"picked":"Runic Pyramid"}],"items_purged_floors":[25],"is_endless":false,"potions_floor_spawned":[4,5,8,12,18,21,31,35,38,41],"killed_by":"2 Orb Walkers","ascension_level":0}}