{"host":"ha6p5pdchuduffeg","time":1610165698,"event":{"mods":["Act Like it!","BaseMod","Gensokyo","KinomotoSakuraMod(ƒæ÷Æ±æ”£)","Koishi","Marisa£®ÏF”Í°°ƒß¿Ì…≥£©","Minty Spire (QoL Compilation)","Reimu£®≤©¿ˆ¡È√Œ£©","Remilia£®¿Ÿ√◊¿Ú—«£©","Replay The Spire","StSLib","The Servant 0.9.4","Youmu£®ªÍ∆«—˝√Œ£©"],"gold_per_floor":[117,117,117,136,155,190,190,218,218,248,248,263,223,238,238,340,340,353,313,116,116,150,180,269,269,269,50,50,62,76,107,107,209,209,225,117,167,167,167,197,197,209,287,306,317,118,137,169,169,169],"floor_reached":51,"playtime":1804,"items_purged":["Offering"],"score":745,"play_id":"bc18e281-7d10-4587-9759-f9aa0eb1bcdc","local_time":"20210109121458","is_ascension_mode":true,"campfire_choices":[{"floor":7.0,"key":"REST"},{"floor":15.0,"key":"DIG"},{"floor":32.0,"key":"RECALL"},{"data":"Limit Break","floor":41.0,"key":"SMITH"},{"data":"Limit Break","floor":41.0,"key":"SMITH"},{"floor":49,"key":"DIG"}],"circlet_count":0,"master_deck":["Strike_R","Strike_R","Strike_R","Strike_R","Defend_R","Defend_R","Defend_R","Defend_R","Bash","Rampage","Bloodletting","Flex+1","Bludgeon+1","Infernal Blade+1","Impervious","Offering","Whirlwind","ReplayTheSpireMod:Muscle Training+1","Shockwave","CurseOfTheBell","Feed","Limit Break+1","Limit Break+1","Flex+1","Inflame","Inflame+1","Shrug It Off+1","Impervious","Uppercut+1"],"relics":["Burning Blood","NeowsBlessing","ReplayTheSpireMod:Shallot","Blood Vial","Meat on the Bone","Juzu Bracelet","Replay:Accelerometer","Magic Flower","PaintedHorse:ReiMu","Mercury Hourglass","ChewingGum","BargainBundle","MutagenicStrength","Red Mask","Replay:Multitool","Replay:Rubber Ducky","Gremlin Horn","ClockworkSouvenir","Lantern","Calling Bell","MealTicket","Replay:Arrowhead","Replay:Bottled Flurry","Charon\u0027s Ashes","Potion Belt","HornCleat","Lee\u0027s Waffle","Boot","ReplayTheSpireMod:Lightbulb"],"acts_visited":["Exordium","TheCity","TheBeyond"],"potions_floor_usage":[48,50],"damage_taken":[{"damage":0.0,"enemies":"Cultist","floor":1.0,"turns":1.0},{"damage":0.0,"enemies":"Jaw Worm","floor":4.0,"turns":1.0},{"damage":0.0,"enemies":"2 Louse","floor":5.0,"turns":1.0},{"damage":33.0,"enemies":"Gremlin Nob","floor":6.0,"turns":5.0},{"damage":57.0,"enemies":"Lagavulin","floor":8.0,"turns":7.0},{"damage":23.0,"enemies":"Gremlin Nob","floor":10.0,"turns":4.0},{"damage":0.0,"enemies":"Exordium Thugs","floor":12.0,"turns":3.0},{"damage":6.0,"enemies":"Blue Slaver","floor":14.0,"turns":3.0},{"damage":23.0,"enemies":"Fading Forest","floor":16.0,"turns":11.0},{"damage":0.0,"enemies":"Chosen","floor":18.0,"turns":3.0},{"damage":9.0,"enemies":"Masked Bandits","floor":22.0,"turns":3.0},{"damage":52.0,"enemies":"Gremlin Leader","floor":23.0,"turns":6.0},{"damage":6.0,"enemies":"Spheric Guardian","floor":29.0,"turns":2.0},{"damage":6.0,"enemies":"3 Cultists","floor":30.0,"turns":3.0},{"damage":12.0,"enemies":"Slavers","floor":31.0,"turns":3.0},{"damage":56.0,"enemies":"Champ","floor":33.0,"turns":8.0},{"damage":13.0,"enemies":"3 Shapes","floor":35.0,"turns":3.0},{"damage":7.0,"enemies":"Mind Bloom Boss Battle","floor":37.0,"turns":3.0},{"damage":19.0,"enemies":"Giant Head","floor":40.0,"turns":6.0},{"damage":0.0,"enemies":"3 Darklings","floor":42.0,"turns":1.0},{"damage":16.0,"enemies":"Sphere and 2 Shapes","floor":44.0,"turns":1.0},{"damage":23.0,"enemies":"Writhing Mass","floor":45.0,"turns":3.0},{"damage":39.0,"enemies":"Transient","floor":47.0,"turns":5.0},{"damage":5,"enemies":"Reptomancer","floor":48,"turns":3},{"damage":38,"enemies":"Replay:Hell Engine","floor":50,"turns":7}],"seed_played":"-4390618758414007813","potions_obtained":[{"floor":5.0,"key":"BloodPotion"},{"floor":8.0,"key":"EssenceOfSteel"},{"floor":12.0,"key":"SteroidPotion"},{"floor":31.0,"key":"LiquidMemories"},{"floor":33.0,"key":"SkillPotion"},{"floor":37.0,"key":"SteroidPotion"},{"floor":42.0,"key":"FearPotion"},{"floor":47.0,"key":"BloodPotion"},{"floor":48,"key":"SkillPotion"}],"is_trial":false,"path_per_floor":["M","T","?","M","M","E","R","E","T","E","?","M","?","M","R","B",null,"M","?","$","?","?","E","R","T","T","$","R","M","M","E","R","B",null,"M","$","?","?","?","E","R","M","T","M","M","$","M","E","R","B",null],"character_chosen":"IRONCLAD","items_purchased":["BargainBundle","FearPotion","Offering","ClockworkSouvenir","Limit Break","Lee\u0027s Waffle","Adrenaline Potion"],"campfire_rested":1,"item_purchase_floors":[20,20,20,27,36,46,46],"current_hp_per_floor":[80,80,80,80,80,53,77,40,40,37,37,67,67,73,73,77,80,80,80,80,80,80,55,55,55,55,55,79,80,80,77,77,51,80,76,80,80,80,80,75,75,83,83,76,65,90,60,67,67,59],"gold":169,"neow_bonus":"THREE_ENEMY_KILL","is_daily":false,"chose_seed":false,"campfire_upgraded":2,"win_rate":0.0,"timestamp":1610165698,"path_taken":["M","?","?","?","?","E","R","E","T","E","?","M","?","M","R","BOSS","M","?","?","?","?","E","R","?","T","$","R","M","M","E","R","BOSS","M","$","?","?","?","E","R","M","T","M","M","$","M","E","R","BOSS"],"items_purchased_type":["Relic","Potion","Card","Relic","Card","Relic","Potion"],"build_version":"2020-12-22","purchased_purges":1,"victory":true,"max_hp_per_floor":[80,80,80,80,80,80,80,80,80,80,80,80,80,80,80,80,80,80,80,80,80,80,80,80,80,80,80,80,80,80,80,80,80,80,80,80,80,80,80,83,83,83,83,83,83,90,90,90,90,90],"card_choices":[{"not_picked":["Headbutt","Massacre"],"picked":"Pommel Strike","floor":1.0},{"not_picked":["Pommel Strike","ReplayReversal"],"picked":"Rampage","floor":4.0},{"not_picked":["Heavy Blade","Clothesline"],"picked":"Bloodletting","floor":5.0},{"not_picked":["Flame Barrier","Brutality"],"picked":"Flex","floor":6.0},{"not_picked":["Ghostly Armor","Hemogenesis","Body Slam"],"picked":"SKIP","floor":8.0},{"not_picked":["Headbutt","Replay:Many Hands","Intimidate"],"picked":"SKIP","floor":10.0},{"not_picked":["Hemokinesis","Perfected Strike"],"picked":"Flex","floor":12.0},{"not_picked":["Shrug It Off","Heavy Blade"],"picked":"Infernal Blade","floor":14.0},{"not_picked":["Reaper","Eclipse"],"picked":"Impervious","floor":16.0},{"not_picked":["Sword Boomerang+1","ReplayTheSpireMod:Strike From Hell","Thunderclap"],"picked":"SKIP","floor":18.0},{"not_picked":["ReplayTheSpireMod:LeadingStrike","Sword Boomerang"],"picked":"Whirlwind","floor":23.0},{"not_picked":["Perfected Strike+1","Battle Trance+1"],"picked":"ReplayTheSpireMod:Muscle Training+1","floor":29.0},{"not_picked":["Clash","Warcry","ReplayTheSpireMod:Strike From Hell+1"],"picked":"SKIP","floor":30.0},{"not_picked":["Armaments","ReplayTheSpireMod:Strike From Hell+1"],"picked":"Shockwave","floor":31.0},{"not_picked":["ReplayTheSpireMod:Strike From Hell","Iron Wave+1"],"picked":"Feed","floor":35.0},{"not_picked":["Hemokinesis","Iron Wave"],"picked":"Flex+1","floor":37.0},{"not_picked":["Perfected Strike","Shrug It Off","Warcry+1"],"picked":"SKIP","floor":40.0},{"not_picked":["Twin Strike","Perfected Strike+1","Clash+1"],"picked":"SKIP","floor":42.0},{"not_picked":["Dropkick","Clash+1"],"picked":"Inflame+1","floor":44.0},{"not_picked":["Clash","Anger"],"picked":"Shrug It Off+1","floor":45.0},{"not_picked":["Sword Boomerang","Rampage+1"],"picked":"Impervious","floor":47.0},{"not_picked":["Run Through","ReplayTheSpireMod:Strike From Hell+1"],"picked":"Uppercut+1","floor":48}],"player_experience":21981,"relics_obtained":[{"floor":2.0,"key":"ReplayTheSpireMod:Shallot"},{"floor":6.0,"key":"Meat on the Bone"},{"floor":8.0,"key":"Juzu Bracelet"},{"floor":9.0,"key":"Replay:Accelerometer"},{"floor":10.0,"key":"Magic Flower"},{"floor":15.0,"key":"Mercury Hourglass"},{"floor":22.0,"key":"Red Mask"},{"floor":23.0,"key":"Replay:Multitool"},{"floor":25.0,"key":"Replay:Rubber Ducky"},{"floor":26.0,"key":"Gremlin Horn"},{"floor":31.0,"key":"Lantern"},{"floor":34.0,"key":"MealTicket"},{"floor":34.0,"key":"Replay:Arrowhead"},{"floor":34.0,"key":"Replay:Bottled Flurry"},{"floor":37.0,"key":"Charon\u0027s Ashes"},{"floor":40.0,"key":"Potion Belt"},{"floor":43.0,"key":"HornCleat"},{"floor":48,"key":"Boot"},{"floor":49,"key":"ReplayTheSpireMod:Lightbulb"}],"event_choices":[{"cards_removed":["Pommel Strike"],"damage_healed":0.0,"max_hp_gain":0.0,"max_hp_loss":0.0,"gold_gain":0.0,"event_name":"WeMeetAgain","player_choice":"Gave Card","floor":3.0,"gold_loss":0.0,"damage_taken":0.0,"relics_obtained":["Blood Vial"]},{"damage_healed":0.0,"max_hp_gain":0.0,"max_hp_loss":0.0,"gold_gain":0.0,"event_name":"yidonshenshe","player_choice":"»˚«Æ","floor":13.0,"gold_loss":40.0,"damage_taken":0.0,"relics_obtained":["PaintedHorse:ReiMu"]},{"damage_healed":0.0,"max_hp_gain":0.0,"max_hp_loss":0.0,"gold_gain":0.0,"event_name":"Designer","player_choice":"Upgrade","floor":19.0,"gold_loss":40.0,"damage_taken":0.0,"cards_upgraded":["Infernal Blade"]},{"damage_healed":0.0,"max_hp_gain":0.0,"max_hp_loss":0.0,"gold_gain":0.0,"event_name":"Drug Dealer","player_choice":"Inject Mutagens","floor":21.0,"gold_loss":0.0,"damage_taken":0.0,"relics_obtained":["MutagenicStrength"]},{"damage_healed":0.0,"max_hp_gain":0.0,"max_hp_loss":0.0,"gold_gain":0.0,"event_name":"Masked Bandits","player_choice":"Fought Bandits","floor":22.0,"gold_loss":0.0,"damage_taken":0.0},{"damage_healed":0.0,"max_hp_gain":0.0,"max_hp_loss":0.0,"gold_gain":0.0,"event_name":"MindBloom","player_choice":"Fight","floor":37.0,"gold_loss":0.0,"damage_taken":0.0},{"cards_removed":["Flex"],"damage_healed":0.0,"max_hp_gain":0.0,"max_hp_loss":0.0,"gold_gain":0.0,"event_name":"Purifier","player_choice":"Purged","floor":38.0,"gold_loss":0.0,"damage_taken":0.0},{"damage_healed":0.0,"max_hp_gain":0.0,"max_hp_loss":0.0,"gold_gain":0.0,"event_name":"Match and Keep!","player_choice":"1 cards matched","floor":39.0,"gold_loss":0.0,"damage_taken":0.0,"cards_obtained":["Inflame"]}],"is_beta":false,"boss_relics":[{"not_picked":["Replay:Drink Me","Replay:Bronze Core"],"picked":"ChewingGum"},{"not_picked":["Electric Blood","Kintsugi"],"picked":"Calling Bell"}],"items_purged_floors":[27],"is_endless":false,"potions_floor_spawned":[5,8,12,14,16,22,31,33,37,42,47,48],"ascension_level":2}}