{"host":"nptej036rrbiurf5","time":1610158181,"event":{"mods":["BaseMod","Colored Map","Colored Powertips","DeckTracker","Minty Spire (QoL Compilation)","StSLib","SuperFastMode"],"gold_per_floor":[113,128,128,138,138,138,155,171,171,188,188,204,235,249,249,249,249],"floor_reached":16,"playtime":528,"items_purged":[],"score":212,"play_id":"6339b1d8-b7b4-4803-9bc7-7de46199af4a","local_time":"20210109110941","is_ascension_mode":true,"campfire_choices":[{"floor":6.0,"key":"REST"},{"data":"Reflex","floor":11.0,"key":"SMITH"},{"data":"Flechettes","floor":15.0,"key":"SMITH"}],"circlet_count":0,"master_deck":["AscendersBane","Strike_G","Strike_G","Strike_G","Defend_G","Defend_G","Defend_G","Defend_G","Survivor","Neutralize","Cloak And Dagger","Storm of Steel","Acrobatics","Flechettes+1","Reflex+1","Leg Sweep","Backflip"],"relics":["Ring of the Snake","Mummified Hand","Eternal Feather","Strawberry"],"acts_visited":["Exordium"],"potions_floor_usage":[16],"damage_taken":[{"damage":0.0,"enemies":"Jaw Worm","floor":1.0,"turns":6.0},{"damage":3.0,"enemies":"Small Slimes","floor":2.0,"turns":4.0},{"damage":0.0,"enemies":"Cultist","floor":4.0,"turns":3.0},{"damage":6.0,"enemies":"Looter","floor":7.0,"turns":4.0},{"damage":6.0,"enemies":"Blue Slaver","floor":8.0,"turns":4.0},{"damage":0.0,"enemies":"3 Louse","floor":10.0,"turns":1.0},{"damage":16.0,"enemies":"Large Slime","floor":12.0,"turns":6.0},{"damage":6.0,"enemies":"Gremlin Nob","floor":13.0,"turns":3.0},{"damage":0.0,"enemies":"Looter","floor":14.0,"turns":2.0},{"damage":27,"enemies":"The Guardian","floor":16,"turns":6}],"seed_played":"2298255410228619393","potions_obtained":[{"floor":2.0,"key":"DuplicationPotion"},{"floor":7.0,"key":"Explosive Potion"},{"floor":10.0,"key":"LiquidMemories"},{"floor":14.0,"key":"ColorlessPotion"}],"is_trial":false,"path_per_floor":["M","M","?","M","?","R","M","M","T","M","R","M","E","M","R","B"],"character_chosen":"THE_SILENT","items_purchased":[],"campfire_rested":1,"item_purchase_floors":[],"current_hp_per_floor":[44,41,34,34,16,35,29,23,23,23,32,16,17,17,26,0,0],"gold":249,"neow_bonus":"TRANSFORM_TWO_CARDS","is_daily":false,"chose_seed":false,"campfire_upgraded":2,"win_rate":0.0,"timestamp":1610158181,"path_taken":["M","M","?","M","?","R","M","M","T","M","R","M","E","M","R","BOSS"],"items_purchased_type":[],"build_version":"2020-12-22","purchased_purges":0,"victory":false,"max_hp_per_floor":[66,66,66,66,66,66,66,66,66,66,66,66,73,73,73,73,73],"card_choices":[{"not_picked":["Flying Knee","Bane"],"picked":"Acrobatics","floor":1.0},{"not_picked":["Finisher","Well Laid Plans"],"picked":"Flechettes","floor":2.0},{"not_picked":["Bane","Distraction"],"picked":"Reflex","floor":4.0},{"not_picked":["Blur","Distraction","Deadly Poison"],"picked":"SKIP","floor":7.0},{"not_picked":["Underhanded Strike","Quick Slash"],"picked":"Leg Sweep","floor":8.0},{"not_picked":["Flying Knee","Poisoned Stab","Caltrops"],"picked":"SKIP","floor":10.0},{"not_picked":["Prepared","Slice"],"picked":"Backflip","floor":12.0},{"not_picked":["Deflect","Endless Agony","Caltrops"],"picked":"SKIP","floor":13.0},{"not_picked":["Poisoned Stab","Tools of the Trade","Flying Knee"],"picked":"SKIP","floor":14.0}],"player_experience":881070,"relics_obtained":[{"floor":9.0,"key":"Eternal Feather"},{"floor":13.0,"key":"Strawberry"}],"event_choices":[{"cards_removed":["Strike_G"],"damage_healed":0.0,"max_hp_gain":0.0,"max_hp_loss":0.0,"gold_gain":0.0,"event_name":"Golden Wing","player_choice":"Card Removal","floor":3.0,"gold_loss":0.0,"damage_taken":7.0},{"damage_healed":0.0,"max_hp_gain":0.0,"max_hp_loss":0.0,"gold_gain":0.0,"event_name":"Scrap Ooze","player_choice":"Success","floor":5.0,"gold_loss":0.0,"damage_taken":18.0,"relics_obtained":["Mummified Hand"]}],"is_beta":false,"boss_relics":[],"items_purged_floors":[],"is_endless":false,"potions_floor_spawned":[2,7,10,12,14],"killed_by":"The Guardian","ascension_level":20}}