{"host":"r53pw7z744tg3fxg","time":1610236387,"event":{"mods":["AchievementEnabler","BaseMod","Colored Map","Colored Powertips","Highlight Path","Minty Spire (QoL Compilation)","Quick Restart","Transform Curses"],"gold_per_floor":[117,137,153,58,23,50,50,79,79,79,105,55,72,97,97,200,200,218,238,0,0,0],"floor_reached":21,"playtime":1155,"items_purged":[],"score":411,"play_id":"08c18cfe-fa27-45d4-a7f6-2642c250ee58","local_time":"20210109165307","is_ascension_mode":true,"campfire_choices":[{"data":"Eruption","floor":7,"key":"SMITH"},{"data":"Wallop","floor":10,"key":"SMITH"},{"floor":15,"key":"REST"}],"circlet_count":0,"master_deck":["AscendersBane","Strike_P","Strike_P","Strike_P","Strike_P","Defend_P","Defend_P","Defend_P","Defend_P","Eruption+1","Vigilance","Brilliance","CarveReality","ReachHeaven","Prostrate","Swift Strike","InnerPeace","Wallop+1","DeusExMachina","EmptyFist","SashWhip","WheelKick","Establishment","EmptyBody","Perseverance"],"relics":["PureWater","Damaru","Meat on the Bone","Tiny Chest","Omamori","MealTicket","Black Star","Yang"],"acts_visited":["Exordium","TheCity"],"potions_floor_usage":[8,14],"damage_taken":[{"damage":1.0,"enemies":"2 Louse","floor":1.0,"turns":2.0},{"damage":2.0,"enemies":"Jaw Worm","floor":2.0,"turns":4.0},{"damage":0.0,"enemies":"Cultist","floor":3.0,"turns":2.0},{"damage":0,"enemies":"Gremlin Nob","floor":6,"turns":2},{"damage":0,"enemies":"Lagavulin","floor":8,"turns":4},{"damage":1,"enemies":"Gremlin Nob","floor":11,"turns":3},{"damage":0,"enemies":"3 Louse","floor":13,"turns":2},{"damage":30,"enemies":"3 Sentries","floor":14,"turns":8},{"damage":25,"enemies":"The Guardian","floor":16,"turns":8},{"damage":17,"enemies":"Spheric Guardian","floor":18,"turns":4},{"damage":41,"enemies":"3 Byrds","floor":19,"turns":8},{"damage":32,"enemies":"Shelled Parasite and Fungi","floor":21,"turns":3}],"seed_played":"3000522633992419343","potions_obtained":[{"floor":1.0,"key":"SkillPotion"},{"floor":6,"key":"DuplicationPotion"},{"floor":16,"key":"Ancient Potion"},{"floor":19,"key":"EssenceOfSteel"}],"is_trial":false,"path_per_floor":["M","M","M","$","?","E","R","E","T","R","E","$","M","E","R","B",null,"M","M","$","M"],"character_chosen":"WATCHER","items_purchased":["Swift Strike","EmptyFist","Yang"],"campfire_rested":1,"item_purchase_floors":[4,12,20],"current_hp_per_floor":[64,62,62,62,72,72,72,72,72,72,71,71,71,41,62,37,63,46,17,32,0,0],"gold":0,"neow_bonus":"ONE_RANDOM_RARE_CARD","is_daily":false,"chose_seed":false,"campfire_upgraded":2,"win_rate":0.0,"timestamp":1610236387,"path_taken":["M","M","M","$","?","E","R","E","T","R","E","$","M","E","R","BOSS","M","M","$","M"],"items_purchased_type":["Card","Card","Relic"],"build_version":"2020-12-22","purchased_purges":0,"victory":false,"max_hp_per_floor":[72,72,72,72,72,72,72,72,72,72,72,72,72,72,72,72,72,72,72,72,72,72],"card_choices":[{"not_picked":["WaveOfTheHand","FlurryOfBlows"],"picked":"CarveReality","floor":1.0},{"not_picked":["ThirdEye","FollowUp"],"picked":"ReachHeaven","floor":2.0},{"not_picked":["CutThroughFate","FlyingSleeves"],"picked":"Prostrate","floor":3.0},{"not_picked":["JustLucky","Indignation"],"picked":"InnerPeace","floor":6},{"not_picked":["ClearTheMind","ThirdEye"],"picked":"Wallop","floor":8},{"not_picked":["PathToVictory","DeceiveReality"],"picked":"DeusExMachina","floor":11},{"not_picked":["FlurryOfBlows","Adaptation"],"picked":"SashWhip","floor":13},{"not_picked":["ClearTheMind","WaveOfTheHand"],"picked":"WheelKick","floor":14},{"not_picked":["Wish","DevaForm"],"picked":"Establishment","floor":16},{"not_picked":["Wireheading","SashWhip"],"picked":"EmptyBody","floor":18},{"not_picked":["EmptyMind+1","ReachHeaven"],"picked":"Perseverance","floor":19}],"player_experience":1221177,"relics_obtained":[{"floor":6,"key":"Damaru"},{"floor":8,"key":"Meat on the Bone"},{"floor":9,"key":"Tiny Chest"},{"floor":11,"key":"Omamori"},{"floor":14,"key":"MealTicket"}],"event_choices":[{"damage_healed":18.0,"max_hp_gain":0.0,"max_hp_loss":0.0,"gold_gain":0.0,"event_name":"The Cleric","player_choice":"Healed","floor":5.0,"gold_loss":35.0,"damage_taken":0.0}],"is_beta":false,"boss_relics":[{"not_picked":["SacredBark","VioletLotus"],"picked":"Black Star"}],"items_purged_floors":[],"is_endless":false,"potions_floor_spawned":[1,6,16,19],"killed_by":"Shelled Parasite and Fungi","ascension_level":12}}