{"host":"cv77zuuuekizn3ic","time":1610159791,"event":{"mods":["AchievementEnabler","BaseMod","Marisa£®ÏF”Í°°ƒß¿Ì…≥£©","Minty Spire (QoL Compilation)","StSLib","Waifu the Spire","everything is the same but u backflip on backflip","slay the spire mod where everything is the same but ironclad has a cowboy hat"],"gold_per_floor":[109,184,184,195,195,224,224,235,235,247,247,258,284,134,134,211,211,225,225,225,125,125,153,153,153,153],"floor_reached":25,"playtime":711,"items_purged":["Strike_R","Strike_R"],"score":504,"play_id":"80856801-c65c-4e90-82e2-3f8a5bb1069a","local_time":"20210109103631","is_ascension_mode":true,"campfire_choices":[{"data":"Battle Trance","floor":7.0,"key":"SMITH"},{"data":"Sever Soul","floor":11.0,"key":"SMITH"},{"data":"Shockwave","floor":15.0,"key":"SMITH"}],"circlet_count":0,"master_deck":["AscendersBane","Strike_R","Strike_R","Strike_R","Defend_R","Defend_R","Defend_R","Bash","Sword Boomerang","Battle Trance+1","Ghostly Armor","Sever Soul+1","Clash","Disarm","Spot Weakness","Shockwave+1","Brutality","Fire Breathing","RitualDagger","Power Through"],"relics":["Burning Blood","NeowsBlessing","Eternal Feather","Nunchaku","Matryoshka","Coffee Dripper","Sundial","Question Card","Enchiridion"],"acts_visited":["Exordium","TheCity"],"potions_floor_usage":[25],"damage_taken":[{"damage":0.0,"enemies":"Small Slimes","floor":1.0,"turns":1.0},{"damage":0.0,"enemies":"Jaw Worm","floor":4.0,"turns":1.0},{"damage":0.0,"enemies":"Lagavulin","floor":6.0,"turns":1.0},{"damage":11.0,"enemies":"Cultist","floor":8.0,"turns":4.0},{"damage":0.0,"enemies":"Large Slime","floor":10.0,"turns":4.0},{"damage":16.0,"enemies":"2 Fungi Beasts","floor":12.0,"turns":3.0},{"damage":55.0,"enemies":"3 Sentries","floor":13.0,"turns":8.0},{"damage":21.0,"enemies":"The Guardian","floor":16.0,"turns":8.0},{"damage":3.0,"enemies":"Spheric Guardian","floor":18.0,"turns":3.0},{"damage":31.0,"enemies":"Book of Stabbing","floor":23.0,"turns":4.0},{"damage":24,"enemies":"Gremlin Leader","floor":25,"turns":2}],"seed_played":"-7108721571642914333","potions_obtained":[{"floor":3.0,"key":"AttackPotion"},{"floor":3.0,"key":"Dexterity Potion"},{"floor":12.0,"key":"Fruit Juice"},{"floor":16.0,"key":"Weak Potion"}],"is_trial":false,"path_per_floor":["M","?","?","M","?","E","R","M","T","M","R","M","E","$","R","B",null,"M","?","?","$","?","E","?","E"],"character_chosen":"IRONCLAD","items_purchased":["Shockwave"],"campfire_rested":0,"item_purchase_floors":[14],"current_hp_per_floor":[74,63,63,69,62,68,74,69,69,75,75,70,21,21,30,15,64,67,67,67,67,61,36,15,0,0],"gold":153,"neow_bonus":"THREE_ENEMY_KILL","is_daily":false,"chose_seed":false,"campfire_upgraded":3,"win_rate":0.0,"timestamp":1610159791,"path_taken":["M","?","?","?","?","E","R","M","T","M","R","M","E","$","R","BOSS","M","?","?","$","?","E","?","E"],"items_purchased_type":["Card"],"build_version":"2020-12-22","purchased_purges":2,"victory":false,"max_hp_per_floor":[75,75,75,75,75,75,75,75,75,75,75,80,80,80,80,80,80,80,80,80,80,80,80,80,80,80],"card_choices":[{"not_picked":["Wild Strike","Blood for Blood"],"picked":"Sword Boomerang","floor":1.0},{"not_picked":["Spot Weakness","Rage"],"picked":"Battle Trance","floor":4.0},{"not_picked":["Perfected Strike","Warcry"],"picked":"Ghostly Armor","floor":6.0},{"not_picked":["Iron Wave","Clothesline"],"picked":"Sever Soul","floor":8.0},{"not_picked":["Shrug It Off","Cleave"],"picked":"Clash","floor":10.0},{"not_picked":["Sword Boomerang","Combust"],"picked":"Disarm","floor":12.0},{"not_picked":["Clash","Battle Trance"],"picked":"Spot Weakness","floor":13.0},{"not_picked":["Impervious","Fiend Fire"],"picked":"Brutality","floor":16.0},{"not_picked":["True Grit","Whirlwind"],"picked":"Fire Breathing","floor":18.0},{"not_picked":["Dual Wield","Double Tap"],"picked":"Power Through","floor":23.0}],"player_experience":799393,"relics_obtained":[{"floor":6.0,"key":"Eternal Feather"},{"floor":9.0,"key":"Nunchaku"},{"floor":13.0,"key":"Matryoshka"},{"floor":23.0,"key":"Question Card"},{"floor":24.0,"key":"Enchiridion"}],"event_choices":[{"damage_healed":0.0,"max_hp_gain":0.0,"max_hp_loss":0.0,"gold_gain":75.0,"event_name":"World of Goop","player_choice":"Gather Gold","floor":2.0,"gold_loss":0.0,"damage_taken":11.0},{"damage_healed":0.0,"max_hp_gain":0.0,"max_hp_loss":0.0,"gold_gain":0.0,"event_name":"Lab","player_choice":"Got Potions","floor":3.0,"gold_loss":0.0,"damage_taken":0.0},{"cards_removed":["Defend_R"],"damage_healed":0.0,"max_hp_gain":0.0,"max_hp_loss":0.0,"gold_gain":0.0,"event_name":"Golden Wing","player_choice":"Card Removal","floor":5.0,"gold_loss":0.0,"damage_taken":7.0},{"damage_healed":0.0,"max_hp_gain":0.0,"max_hp_loss":0.0,"gold_gain":0.0,"event_name":"The Mausoleum","player_choice":"Opened","floor":19.0,"gold_loss":0.0,"damage_taken":0.0,"relics_obtained":["Sundial"],"cards_obtained":["Writhe"]},{"cards_removed":["Writhe"],"damage_healed":0.0,"max_hp_gain":0.0,"max_hp_loss":0.0,"gold_gain":0.0,"event_name":"Back to Basics","player_choice":"Elegance","floor":20.0,"gold_loss":0.0,"damage_taken":0.0},{"damage_healed":0.0,"max_hp_gain":0.0,"max_hp_loss":0.0,"gold_gain":0.0,"event_name":"Nest","player_choice":"Joined the Cult","floor":22.0,"gold_loss":0.0,"damage_taken":6.0,"cards_obtained":["RitualDagger"]},{"damage_healed":0.0,"max_hp_gain":0.0,"max_hp_loss":0.0,"gold_gain":0.0,"event_name":"Cursed Tome","player_choice":"Obtained Book","floor":24.0,"gold_loss":0.0,"damage_taken":21.0}],"is_beta":false,"boss_relics":[{"not_picked":["SlaversCollar","Cursed Key"],"picked":"Coffee Dripper"}],"items_purged_floors":[14,21],"is_endless":false,"potions_floor_spawned":[4,10,12,16],"killed_by":"Gremlin Leader","ascension_level":20}}