{"host":"djfsqftupta9xgss","time":1610162893,"event":{"mods":["ATMod(°¢èªMod)","Act Like it!","BaseMod","Gensokyo","Minty Spire (QoL Compilation)","MostiFishMod","Pale of the Ancients","Replay The Spire","Spicy Shops","StSLib","TestMod"],"gold_per_floor":[112,130,180,194,210,235,235,268,268,284,302,313,338,356,356,433,433,443,107,156,167,192,219,231,277,289,328,340,352,364,386,398,487,499,524,536,97,97,110,144,161,187,187,206,206,218,242,70,70,70,70,70,70,6,6,6],"floor_reached":55,"playtime":5052,"items_purged":["Defend_P","AT_OneInchPunch+1","Establishment"],"score":2274,"play_id":"c1a29d5d-8f16-4b24-852e-dd36e4c3c70b","local_time":"20210109112813","is_ascension_mode":true,"campfire_choices":[{"floor":7.0,"key":"RECALL"},{"data":"AT_OneInchPunch","floor":15.0,"key":"SMITH"},{"floor":28.0,"key":"REST"},{"data":"TalkToTheHand","floor":32.0,"key":"SMITH"},{"data":"Replay:Vibes","floor":49.0,"key":"PURGE"},{"data":"Replay:Hum","floor":53.0,"key":"PURGE"}],"circlet_count":0,"master_deck":["AscendersBane","InnerPeace","Wireheading","LikeWater","BowlingBash","AT_MachinaRedman","MostiFishMod:Speedup","DevaForm","MostiFishMod:DisColor","Wish","MentalFortress","WheelKick","Brilliance","FlurryOfBlows","MostiFishMod:StarWish","Vault","DeusExMachina","TalkToTheHand","Vault","TalkToTheHand","Tantrum","Halt+1"],"relics":["PureWater","AT_ATBox","DaveBox","testmod-TestBox","Jackal-EndForJourney","testmod-Fortitude","SynthV:TestCard","testmod-Hope","AT_RedNoBalance","ArrowTower","testmod-PortableAltar","ClockworkSouvenir","Vajra","Red Mask","MawBank","testmod-ConstraintPeriapt","Replay:Mystery Machine","Question Card","FixedStarFall","Peace Pipe","testmod-Charity","AT_ChloranthyRing","Toxic Egg 2","Replay:Bottled Snecko","AT_GuinsooRageblade","StrikeDummy","Medical Kit"],"acts_visited":["Exordium","TheCity","TheBeyond","TheEnding"],"potions_floor_usage":[],"damage_taken":[{"damage":0.0,"enemies":"Small Slimes","floor":1.0,"turns":3.0},{"damage":0.0,"enemies":"Cultist","floor":2.0,"turns":2.0},{"damage":7.0,"enemies":"Jaw Worm","floor":4.0,"turns":2.0},{"damage":8.0,"enemies":"Large Slime","floor":5.0,"turns":4.0},{"damage":8.0,"enemies":"Gremlin Nob","floor":6.0,"turns":3.0},{"damage":22.0,"enemies":"3 Sentries","floor":8.0,"turns":5.0},{"damage":0.0,"enemies":"2 Fungi Beasts","floor":10.0,"turns":3.0},{"damage":4.0,"enemies":"Exordium Wildlife","floor":11.0,"turns":4.0},{"damage":1.0,"enemies":"Exordium Thugs","floor":12.0,"turns":4.0},{"damage":0.0,"enemies":"Gremlin Nob","floor":13.0,"turns":2.0},{"damage":0.0,"enemies":"Lots of Slimes","floor":14.0,"turns":3.0},{"damage":13.0,"enemies":"Slime Boss","floor":16.0,"turns":6.0},{"damage":10.0,"enemies":"Shell Parasite","floor":18.0,"turns":2.0},{"damage":6.0,"enemies":"2 Thieves","floor":21.0,"turns":2.0},{"damage":1.0,"enemies":"Masked Bandits","floor":22.0,"turns":2.0},{"damage":7.0,"enemies":"Slavers","floor":23.0,"turns":3.0},{"damage":3.0,"enemies":"Book of Stabbing","floor":25.0,"turns":3.0},{"damage":0.0,"enemies":"Replay:Snechameleon","floor":27.0,"turns":2.0},{"damage":1.0,"enemies":"Snake Plant","floor":31.0,"turns":3.0},{"damage":33.0,"enemies":"Automaton","floor":33.0,"turns":5.0},{"damage":0.0,"enemies":"Orb Walker","floor":35.0,"turns":1.0},{"damage":2.0,"enemies":"3 Darklings","floor":39.0,"turns":4.0},{"damage":0.0,"enemies":"R_Hoarder","floor":40.0,"turns":3.0},{"damage":0.0,"enemies":"Maw","floor":41.0,"turns":4.0},{"damage":2.0,"enemies":"Giant Head","floor":42.0,"turns":6.0},{"damage":2.0,"enemies":"Writhing Mass","floor":44.0,"turns":4.0},{"damage":1.0,"enemies":"3 Darklings","floor":46.0,"turns":2.0},{"damage":2.0,"enemies":"R_Hoarder","floor":47.0,"turns":3.0},{"damage":10.0,"enemies":"Awakened One","floor":50.0,"turns":2.0},{"damage":34.0,"enemies":"Donu and Deca","floor":51.0,"turns":5.0},{"damage":44,"enemies":"Shield and Spear","floor":55,"turns":2}],"seed_played":"-6677895251453128850","potions_obtained":[{"floor":5.0,"key":"Swift Potion"},{"floor":8.0,"key":"BottledMiracle"},{"floor":10.0,"key":"Adrenaline Potion"},{"floor":18.0,"key":"ColorlessPotion"},{"floor":21.0,"key":"SpeedPotion"},{"floor":31.0,"key":"testmod-SpacePotion"},{"floor":39.0,"key":"Swift Potion"},{"floor":41.0,"key":"Fire Potion"}],"is_trial":false,"path_per_floor":["M","M","?","M","M","E","R","E","T","M","M","M","E","M","R","B",null,"M","$","T","M","?","E","$","E","T","E","R","?","?","M","R","B",null,"M","?","$","T","M","E","M","E","T","M","?","M","E","$","R","B","B",null,"R","$","E"],"character_chosen":"WATCHER","items_purchased":["ClockworkSouvenir","Peace Pipe","testmod-Charity","Medical Kit","Halt+1"],"campfire_rested":1,"item_purchase_floors":[19,37,37,48,54],"current_hp_per_floor":[67,67,67,60,52,44,44,22,22,37,33,36,37,37,37,24,62,73,72,71,29,28,21,21,18,18,19,37,37,37,37,37,6,44,44,44,44,44,43,45,46,47,47,47,47,47,46,46,46,48,13,38,38,38,0,0],"gold":6,"neow_bonus":"TEN_PERCENT_HP_BONUS","is_daily":false,"chose_seed":false,"campfire_upgraded":2,"win_rate":0.0,"timestamp":1610162893,"path_taken":["M","M","?","M","M","E","R","E","T","M","M","M","E","M","R","BOSS","M","$","?","M","?","E","?","E","T","E","R","?","?","M","R","BOSS","M","?","$","?","M","E","M","E","T","?","?","M","E","$","R","BOSS","BOSS","R","$","E"],"items_purchased_type":["Relic","Relic","Relic","Relic","Card"],"build_version":"2020-12-22","purchased_purges":3,"victory":false,"max_hp_per_floor":[74,74,74,74,74,74,74,74,74,74,74,74,74,74,74,74,74,73,72,71,70,69,68,67,66,65,64,63,62,61,60,59,58,57,56,55,54,53,53,53,53,53,52,52,51,51,51,50,49,48,47,46,45,44,43,43],"card_choices":[{"not_picked":["Replay:ManipulateFuture","FollowUp","Replay:BluntJabs"],"picked":"SKIP","floor":1.0},{"not_picked":["FlyingSleeves","Replay:BluntJabs","Replay:ManipulateFuture","MostiFishMod:PathToVictory","Halt"],"picked":"SKIP","floor":2.0},{"not_picked":["Protect","SashWhip","SandsOfTime","Swivel","DeceiveReality"],"picked":"SKIP","floor":4.0},{"not_picked":["Replay:Vibes","Worship","PathToVictory","Protect","Prostrate"],"picked":"SKIP","floor":5.0},{"not_picked":["EmptyBody","AT_ChampionStep","Evaluate","Fasting2"],"picked":"DeusExMachina","floor":6.0},{"not_picked":["Replay:BluntJabs","AT_RealFormLess","Sanctity","FollowUp","Protect"],"picked":"SKIP","floor":8.0},{"not_picked":["CrushJoints","PathToVictory","DeceiveReality","FlyingSleeves","SashWhip"],"picked":"SKIP","floor":10.0},{"not_picked":["WreathOfFlame","Replay:Anticipation","Replay:DivineShield","LikeWater"],"picked":"MostiFishMod:Speedup","floor":11.0},{"not_picked":["Fasting2","Replay:ManipulateFuture","Prostrate","Protect"],"picked":"TalkToTheHand","floor":12.0},{"not_picked":["Judgement","PathToVictory","MostiFishMod:FlowState","MostiFishMod:Speedup","Replay:Cycle"],"picked":"SKIP","floor":13.0},{"not_picked":["Vengeance","FlyingSleeves","CrushJoints","MostiFishMod:FlowState"],"picked":"AT_OneInchPunch","floor":14.0},{"not_picked":["MostiFishMod:Dust","MostiFishMod:Unraveling","Alpha","MostiFishMod:StarWish"],"picked":"Brilliance","floor":16.0},{"not_picked":["CrushJoints","SashWhip+1","Evaluate","Replay:ManipulateFuture"],"picked":"Fasting2+1","floor":18.0},{"not_picked":["Sanctity","Adaptation","Conclude","CarveReality"],"picked":"Wallop","floor":21.0},{"not_picked":["Replay:BluntJabs+1","Replay:AtTheReady","Replay:ManipulateFuture+1","ThirdEye+1"],"picked":"MostiFishMod:StarWish","floor":22.0},{"not_picked":["SandsOfTime+1","BattleHymn","Replay:Battleflow+1","CrushJoints","ClearTheMind"],"picked":"SKIP","floor":23.0},{"not_picked":["MostiFishMod:Pointsdynamics","PathToVictory","ThirdEye","FollowUp"],"picked":"WheelKick","floor":25.0},{"not_picked":["ThirdEye","Crescendo","Perseverance","BowlingBash"],"picked":"FlurryOfBlows","floor":27.0},{"not_picked":["EmptyFist","CrushJoints","AT_ChampionStep","Evaluate","Worship+1","Wireheading"],"picked":"SKIP","floor":31.0},{"not_picked":["Ragnarok","MostiFishMod:Minus","SpiritShield","Replay:AllIn","AT_IrregularMenstruation"],"picked":"Vault","floor":33.0},{"not_picked":["WaveOfTheHand","PathToVictory","Protect+1","SashWhip","Crescendo","FollowUp+1"],"picked":"SKIP","floor":35.0},{"not_picked":["LikeWater","ClearTheMind+1","PathToVictory","ThirdEye","JustLucky","FlurryOfBlows"],"picked":"SKIP","floor":39.0},{"not_picked":["MostiFishMod:StarWish+1","MostiFishMod:Unraveling+1","Halt+1","ReachHeaven","BowlingBash"],"picked":"TalkToTheHand","floor":40.0},{"not_picked":["PathToVictory+1","CutThroughFate","WreathOfFlame+1","Protect+1","Consecrate+1","MostiFishMod:LegendTransform"],"picked":"SKIP","floor":41.0},{"not_picked":["CrushJoints+1","EmptyFist","Establishment","Halt+1","MostiFishMod:Minus+1"],"picked":"Tantrum","floor":42.0},{"not_picked":["Replay:DivineShield+1","Consecrate","Pray+1","MostiFishMod:PathToVictory+1","FollowUp+1","Worship+1"],"picked":"SKIP","floor":44.0},{"not_picked":["AT_DivineConfetti+1","Halt+1","EmptyFist","ThirdEye+1","FlyingSleeves","ClearTheMind+1"],"picked":"SKIP","floor":46.0},{"not_picked":["JustLucky","DeceiveReality+1","ForeignInfluence+1","SignatureMove+1","CarveReality+1","Devotion"],"picked":"SKIP","floor":47.0}],"player_experience":365897,"relics_obtained":[{"floor":1.0,"key":"SynthV:TestCard"},{"floor":6.0,"key":"testmod-Hope"},{"floor":8.0,"key":"AT_SilverBalance"},{"floor":13.0,"key":"ArrowTower"},{"floor":20.0,"key":"Vajra"},{"floor":22.0,"key":"Red Mask"},{"floor":23.0,"key":"MawBank"},{"floor":25.0,"key":"testmod-ConstraintPeriapt"},{"floor":26.0,"key":"Replay:Mystery Machine"},{"floor":27.0,"key":"Question Card"},{"floor":38.0,"key":"AT_ChloranthyRing"},{"floor":40.0,"key":"Toxic Egg 2"},{"floor":42.0,"key":"Replay:Bottled Snecko"},{"floor":43.0,"key":"AT_GuinsooRageblade"},{"floor":47.0,"key":"StrikeDummy"}],"event_choices":[{"damage_healed":0.0,"max_hp_gain":0.0,"max_hp_loss":0.0,"gold_gain":50.0,"event_name":"Golden Shrine","player_choice":"Pray","floor":3.0,"gold_loss":0.0,"damage_taken":0.0},{"damage_healed":0.0,"max_hp_gain":0.0,"max_hp_loss":0.0,"gold_gain":0.0,"event_name":"Masked Bandits","player_choice":"Fought Bandits","floor":22.0,"gold_loss":0.0,"damage_taken":0.0},{"damage_healed":0.0,"max_hp_gain":0.0,"max_hp_loss":0.0,"gold_gain":0.0,"event_name":"Cursed Tome","player_choice":"Ignored","floor":29.0,"gold_loss":0.0,"damage_taken":0.0},{"damage_healed":0.0,"max_hp_gain":0.0,"max_hp_loss":0.0,"gold_gain":0.0,"event_name":"Vampires","player_choice":"Ignored","floor":30.0,"gold_loss":0.0,"damage_taken":0.0},{"damage_healed":0.0,"max_hp_gain":0.0,"max_hp_loss":0.0,"gold_gain":0.0,"event_name":"Duplicator","player_choice":"Copied","floor":36.0,"gold_loss":0.0,"damage_taken":0.0,"cards_obtained":["Vault"]},{"cards_removed":["LikeWater"],"damage_healed":0.0,"max_hp_gain":0.0,"max_hp_loss":0.0,"gold_gain":0.0,"event_name":"Falling","player_choice":"Removed Power","floor":45.0,"gold_loss":0.0,"damage_taken":0.0}],"is_beta":false,"boss_relics":[{"not_picked":["Snecko Heart","Runic Pyramid"],"picked":"testmod-PortableAltar"},{"not_picked":["RhineFirstAidKit","Cursed Key"],"picked":"FixedStarFall"}],"items_purged_floors":[19,19,37],"is_endless":false,"potions_floor_spawned":[5,8,10,11,14,16,18,21,31,39,41,42,44],"killed_by":"Shield and Spear","ascension_level":20}}