{"host":"tcdxiwht2vajk3tk","time":1610157909,"event":{"mods":["AchievementEnabler","BaseMod","Beaked The Cultist","Conspire","Defuse TimeMaze Blight","Downfall","Halation","Hermit","Hubris","Infinite Spire","Lobotomy","Minty Spire (QoL Compilation)","Replay The Spire","Shop Mod","StSLib","The Cursed","The Disciple","vexMod"],"gold_per_floor":[117,59,77,37,52,80,102,114,151,196,266,278,290,312,324,440,452,475,487,499,522,554,566,603,530,542,554,554],"floor_reached":27,"playtime":4222,"items_purged":[],"score":396,"play_id":"fbcaad93-6ec1-4ca8-b52a-e965a31c14af","local_time":"20210108210509","is_ascension_mode":true,"campfire_choices":[{"floor":13.0,"key":"REST"},{"floor":15.0,"key":"REST"},{"data":"beaked:LiftOff","floor":23.0,"key":"SMITH"}],"circlet_count":0,"master_deck":["beaked:Strike_Y","beaked:Strike_Y","beaked:Strike_Y","beaked:Strike_Y","beaked:Strike_Y+1","beaked:Strike_Y","beaked:Defend_Y","beaked:Defend_Y","beaked:Defend_Y","beaked:Defend_Y+1","beaked:Ceremony","beaked:Ceremony+1","beaked:Ceremony","MHz","beaked:SurvivalInstinct","beaked:CrazyRituals+1","PunishingBird","beaked:Foresight","beaked:MachineSpirit+1","Laetitia","beaked:TuckingFeathers","beaked:BraceForImpact+1","beaked:Tweet","MeltingLove","beaked:DigDeep","beaked:SurvivalInstinct","BeautyBeast","beaked:VigorBurst","SilentOrchestra","sneckomod:UnknownClassINFINITE_BLACK+1","beaked:LiftOff+1","BlackArmy","beaked:FeelMyPain","OSAHOGD","beaked:RitualOfBody+1","HeroicMonk","beaked:Resilience","VoidDream","infinitespire:Punishment","beaked:Windmill+1"],"relics":["beaked:MendingPlumage","CogitoBucket","MawBank","conspire:TopHat","hexamod:BolsterEngine","hubris:MobiusCoin","LuminousBracelet","Replay:Bronze Core","Replay:Blank Codex","halation:EternalFortune","Simple Rune","Replay:Wax Seal","Potion Belt"],"acts_visited":["Exordium","TheCity"],"potions_floor_usage":[27,27],"damage_taken":[{"damage":8.0,"enemies":"Jaw Worm","floor":1.0,"turns":5.0},{"damage":10.0,"enemies":"Small Slimes","floor":3.0,"turns":6.0},{"damage":17.0,"enemies":"conspire:RoseBush","floor":5.0,"turns":5.0},{"damage":50.0,"enemies":"Gremlin Nob","floor":6.0,"turns":5.0},{"damage":13.0,"enemies":"Looter","floor":7.0,"turns":5.0},{"damage":8.0,"enemies":"Lagavulin","floor":10.0,"turns":4.0},{"damage":0.0,"enemies":"Lagavulin","floor":10.0,"turns":1.0},{"damage":50.0,"enemies":"Blue Slaver","floor":14.0,"turns":12.0},{"damage":96.0,"enemies":"The Guardian","floor":16.0,"turns":11.0},{"damage":46.0,"enemies":"Chosen","floor":18.0,"turns":9.0},{"damage":39.0,"enemies":"Shell Parasite","floor":21.0,"turns":10.0},{"damage":67.0,"enemies":"Cultist and Chosen","floor":22.0,"turns":7.0},{"damage":127.0,"enemies":"Nightmare","floor":24.0,"turns":14.0},{"damage":36,"enemies":"Snake Plant","floor":27,"turns":1}],"seed_played":"-438884575581625391","potions_obtained":[{"floor":3.0,"key":"beaked:MendingBrew"},{"floor":7.0,"key":"AttackPotion"},{"floor":11.0,"key":"LifebloodPotion"},{"floor":16.0,"key":"Elixir"},{"floor":21.0,"key":"Strength Potion"},{"floor":24.0,"key":"Block Potion"}],"is_trial":false,"path_per_floor":["M","$","M","$","M","E","M","?","T","E","?","?","R","M","R","B",null,"M","?","?","M","M","R","NM","?","T","M"],"character_chosen":"BEAKED_THE_CULTIST","items_purchased":["beaked:CrazyRituals+1","beaked:MachineSpirit"],"campfire_rested":2,"item_purchase_floors":[2,4],"current_hp_per_floor":[48,48,48,48,43,9,32,22,22,19,7,7,22,40,61,64,69,70,54,57,73,43,43,26,26,26,0,0],"gold":554,"neow_bonus":"","is_daily":false,"chose_seed":false,"campfire_upgraded":1,"win_rate":0.0,"timestamp":1610157909,"path_taken":["M","$","M","$","M","E","M","?","T","E","?","?","R","M","R","BOSS","M","?","?","M","M","R","NM","?","T","M"],"items_purchased_type":["Card","Card"],"build_version":"2020-12-22","purchased_purges":0,"victory":false,"max_hp_per_floor":[50,50,50,50,50,50,50,50,50,50,50,50,50,70,70,70,70,70,70,73,73,73,73,73,73,73,73,73],"card_choices":[{"not_picked":["Murderer","ShyLook","FairyFestival"],"picked":"Singing Bowl","floor":1.0},{"not_picked":["Murderer","CherryBlossoms"],"picked":"MHz","floor":1.0},{"not_picked":["beaked:CursingBlood","beaked:Flinch"],"picked":"beaked:SurvivalInstinct","floor":1.0},{"not_picked":["VoidDream","UniverseFragment","OldLady"],"picked":"Singing Bowl","floor":3.0},{"not_picked":["OldLady","Bloodbath"],"picked":"PunishingBird","floor":3.0},{"not_picked":["beaked:Tradeoff","beaked:Roost"],"picked":"beaked:Foresight","floor":3.0},{"not_picked":["Bloodbath","CrumblingArmor","WallGazer"],"picked":"Singing Bowl","floor":5.0},{"not_picked":["LittleHelper","CherryBlossoms"],"picked":"Laetitia","floor":5.0},{"not_picked":["beaked:Flinch","beaked:Windmill"],"picked":"beaked:TuckingFeathers","floor":5.0},{"not_picked":["OSAHOGD","BigBadWolf"],"picked":"Yin","floor":6.0},{"not_picked":["beaked:Daydream","beaked:SurvivalInstinct"],"picked":"beaked:BraceForImpact","floor":6.0},{"not_picked":["beaked:Flinch","beaked:Negation"],"picked":"beaked:Tweet","floor":7.0},{"not_picked":["OldLady","BeautyBeast"],"picked":"MeltingLove","floor":10.0},{"not_picked":["beaked:WarriorEssence","ReplayTheSpireMod:Prepare the Ceremony"],"picked":"beaked:DigDeep","floor":10.0},{"not_picked":["beaked:CheekyTricks","beaked:CursingBlood"],"picked":"beaked:SurvivalInstinct","floor":11.0},{"not_picked":["LittlePrince","Wellcheers","CherryBlossoms"],"picked":"Singing Bowl","floor":14.0},{"not_picked":["CherryBlossoms","Murderer"],"picked":"BeautyBeast","floor":14.0},{"not_picked":["beaked:Tradeoff","beaked:Windmill"],"picked":"beaked:VigorBurst","floor":14.0},{"not_picked":["NakedNest","VoidDream"],"picked":"SilentOrchestra","floor":16.0},{"not_picked":["sneckomod:UnknownClassGUARDIAN+1","sneckomod:UnknownExhaust+1"],"picked":"sneckomod:UnknownClassINFINITE_BLACK+1","floor":16.0},{"not_picked":["beaked:WildInstinct","beaked:ShadowFade"],"picked":"beaked:LiftOff","floor":16.0},{"not_picked":["UniverseFragment","CrumblingArmor","VoidDream"],"picked":"Singing Bowl","floor":18.0},{"not_picked":["HeroicMonk","LittleHelper"],"picked":"BlackArmy","floor":18.0},{"not_picked":["beaked:SurvivalInstinct+1","beaked:CursingBlood"],"picked":"beaked:FeelMyPain","floor":18.0},{"not_picked":["SnowQueen","SpiderBud","BlueStar"],"picked":"Singing Bowl","floor":21.0},{"not_picked":["VoidDream","MeatLantern"],"picked":"OSAHOGD","floor":21.0},{"not_picked":["beaked:WindBringer+1","beaked:Sacrifice"],"picked":"beaked:RitualOfBody+1","floor":21.0},{"not_picked":["Scorched","CrumblingArmor"],"picked":"HeroicMonk","floor":22.0},{"not_picked":["beaked:Windmill","beaked:Molting"],"picked":"beaked:Resilience","floor":22.0},{"not_picked":["ShyLook","Murderer","Bloodbath"],"picked":"Singing Bowl","floor":24.0},{"not_picked":["GalaxyChild","CherryBlossoms"],"picked":"VoidDream","floor":24.0},{"not_picked":["ReplayTheSpireMod:Haul","ReplayTheSpireMod:??????????????????????"],"picked":"infinitespire:Punishment","floor":24.0},{"not_picked":["beaked:Tweet","beaked:Tradeoff"],"picked":"beaked:Windmill+1","floor":24.0}],"player_experience":1531815,"relics_obtained":[{"floor":6.0,"key":"MawBank"},{"floor":9.0,"key":"conspire:TopHat"},{"floor":10.0,"key":"hexamod:BolsterEngine"},{"floor":11.0,"key":"hubris:MobiusCoin"},{"floor":19.0,"key":"Replay:Blank Codex"},{"floor":24.0,"key":"Simple Rune"},{"floor":26.0,"key":"Potion Belt"}],"event_choices":[{"damage_healed":0.0,"max_hp_gain":0.0,"max_hp_loss":0.0,"gold_gain":0.0,"event_name":"Shining Light","player_choice":"Entered Light","floor":8.0,"gold_loss":0.0,"damage_taken":10.0,"cards_upgraded":["beaked:BraceForImpact","beaked:MachineSpirit"]},{"damage_healed":0.0,"max_hp_gain":0.0,"max_hp_loss":0.0,"gold_gain":0.0,"event_name":"Living Wall","player_choice":"Grow","floor":12.0,"gold_loss":0.0,"damage_taken":0.0,"cards_upgraded":["beaked:Ceremony"]},{"damage_healed":0.0,"max_hp_gain":0.0,"max_hp_loss":0.0,"gold_gain":0.0,"event_name":"Cursed Tome","player_choice":"Obtained Book","floor":19.0,"gold_loss":0.0,"damage_taken":16.0},{"damage_healed":0.0,"max_hp_gain":0.0,"max_hp_loss":0.0,"gold_gain":0.0,"event_name":"Addict","player_choice":"Obtained Relic","floor":25.0,"gold_loss":85.0,"damage_taken":0.0,"relics_obtained":["Replay:Wax Seal"]}],"is_beta":false,"boss_relics":[{"not_picked":["hubris:CrackedHourglass","Honey Jar"],"picked":"Replay:Bronze Core"}],"items_purged_floors":[],"is_endless":false,"potions_floor_spawned":[3,7,16,21,24],"killed_by":"Snake Plant","ascension_level":6}}