{"host":"dn6kke80v5f7isus","time":1610166262,"event":{"mods":["AchievementEnabler","Act Like it!","BaseMod","Colored Powertips","Custom Start","Defuse TimeMaze Blight","Downfall","Duelist Mod","Gremlin Skip","Highlight Path","Hubris","Infinite Spire","Minty Spire (QoL Compilation)","Rare Cards Sparkle","Replay The Spire","StSLib","Uncapped"],"gold_per_floor":[239,258,277,20,39,72,72,72,72,88,113,113,113],"floor_reached":12,"playtime":621,"items_purged":[],"score":100,"play_id":"41b09632-340d-4f25-aafb-7c954788e3b1","local_time":"20210108232422","is_ascension_mode":true,"campfire_choices":[{"floor":9,"key":"REST"}],"circlet_count":0,"master_deck":["theDuelist:CastleWalls","theDuelist:CastleWalls","theDuelist:MangaRyuRan+1","theDuelist:Sparks","theDuelist:Sparks","theDuelist:Sparks","theDuelist:ToonAncientGear","theDuelist:ToonMermaid+1","theDuelist:ToonSummonedSkull","theDuelist:ToonWorld","theDuelist:ToonTable"],"relics":["theDuelist:MillenniumPuzzle","theDuelist:CardPoolRelic","theDuelist:CardPoolBasicRelic","theDuelist:BoosterPackPoolRelic","theDuelist:CardPoolAddRelic","theDuelist:CardPoolMinusRelic","theDuelist:CardPoolSaveRelic","theDuelist:CardPoolOptionsRelic","Molten Egg 2","Strawberry","Whetstone"],"acts_visited":["Exordium"],"potions_floor_usage":[12,12],"damage_taken":[{"damage":4,"enemies":"Cultist","floor":1,"turns":3},{"damage":3,"enemies":"2 Louse","floor":2,"turns":2},{"damage":12,"enemies":"Jaw Worm","floor":3,"turns":3},{"damage":10,"enemies":"3 Louse","floor":5,"turns":4},{"damage":42,"enemies":"Lagavulin","floor":6,"turns":4},{"damage":5,"enemies":"2 Fungi Beasts","floor":10,"turns":3},{"damage":0,"enemies":"3 Sentries","floor":12,"turns":1}],"seed_played":"-2304570757886003717","potions_obtained":[{"floor":3,"key":"theDuelist:TributeBottle"},{"floor":10,"key":"hexamod:EctoCoolerPotion"}],"is_trial":false,"path_per_floor":["M","M","M","$","M","E","PTL","PTL","R","M","T","E"],"character_chosen":"THE_DUELIST","items_purchased":["Molten Egg 2"],"campfire_rested":1,"item_purchase_floors":[4],"current_hp_per_floor":[76,73,61,61,51,16,16,16,42,37,37,37,37],"gold":113,"neow_bonus":"HUNDRED_GOLD","is_daily":false,"chose_seed":false,"campfire_upgraded":0,"win_rate":0.0,"timestamp":1610166262,"path_taken":["M","?","M","$","M","E","PTL","PTL","R","M","T","E"],"items_purchased_type":["Relic"],"build_version":"2020-12-22","purchased_purges":0,"victory":false,"max_hp_per_floor":[80,80,80,80,80,87,87,87,87,87,87,87,87],"card_choices":[{"not_picked":["theDuelist:ToonBarrelDragon","theDuelist:ToonAncientGear","theDuelist:ToonMermaid","theDuelist:SpellShatteringArrow","theDuelist:RedEyesToon"],"picked":"SKIP","floor":1},{"not_picked":["theDuelist:RedEyesToon","theDuelist:FlyingSaucer","theDuelist:ToonAncientGear","theDuelist:MangaRyuRan","theDuelist:ToonCannonSoldier"],"picked":"SKIP","floor":2},{"not_picked":["theDuelist:FeatherShot","theDuelist:BlueEyesToon","theDuelist:ToonSummonedSkull"],"picked":"SKIP","floor":3},{"not_picked":["theDuelist:BlueEyesToon+1","theDuelist:ToonSummonedSkull+1","theDuelist:ToonMaskedSorcerer+1"],"picked":"SKIP","floor":5},{"not_picked":["theDuelist:MangaRyuRan+1","theDuelist:ToonAncientGear","theDuelist:FlyingSaucer","theDuelist:SpellShatteringArrow+1","theDuelist:ToonMermaid+1"],"picked":"SKIP","floor":6},{"not_picked":["theDuelist:ToonMermaid+1","theDuelist:FlyingSaucer","theDuelist:ToonBarrelDragon+1","theDuelist:CheerfulCoffin"],"picked":"theDuelist:ToonTable","floor":10}],"player_experience":561475,"relics_obtained":[{"floor":6,"key":"Strawberry"},{"floor":11,"key":"Whetstone"}],"event_choices":[],"is_beta":false,"boss_relics":[],"items_purged_floors":[],"is_endless":false,"potions_floor_spawned":[3,10],"killed_by":"3 Sentries","ascension_level":5}}