{"host":"uiaocagxbjlinul0","time":1610169474,"event":{"mods":["100% Spire Juice","Act Like it!","BaseMod","Better Match","Block Reminder","CapriCore","ChefMod","Downfall","GifTheSpireLib","Hallownest","Hermit","Minty Spire (QoL Compilation)","Quick Restart","Shade Mod","StSLib","Stuff the Spire","The Animator","The Bug Knight","The Caster","The Immortal","The Marked","The Runesmith","The Spell Scribe","TheSwordswoman","TheVacant","TheWitcher","Wandering Minibosses"],"gold_per_floor":[115,115,115,40,50,50,79,79,104,117,132,12,136,61,61,61,61],"floor_reached":16,"playtime":563,"items_purged":["Moonworks:Strike"],"score":133,"play_id":"fda2bcdf-50d9-400e-8cc7-6d5232b9fecb","local_time":"20210108211754","is_ascension_mode":false,"campfire_choices":[{"data":"Moonworks:EvilSpyWorkPreparation","floor":6,"key":"SMITH"},{"data":"Moonworks:Flamethrower","floor":8,"key":"SMITH"},{"data":"Moonworks:SakisCookie","floor":15,"key":"SMITH"}],"circlet_count":0,"master_deck":["Moonworks:Strike","Moonworks:Strike","Moonworks:Strike","Moonworks:Defend","Moonworks:Defend","Moonworks:Defend","Moonworks:Defend","Moonworks:Ambush+1","Moonworks:LongDistanceShot","Moonworks:HolyNight","Moonworks:EvilSpyWorkPreparation+1","StuffTheSpire:CuriosityCurse","Moonworks:Flamethrower+1","Moonworks:SakisCookie+1","Moonworks:DeployBits","Moonworks:LulusLuckyEgg"],"relics":["Moonworks:BrokenBomb","Moonworks:Homemark","Gremlin Horn","StuffTheSpire:TintedRock","HollowMod:PaleOreRelic","Runesmith:Nanobots"],"acts_visited":["Hallownest:Greenpath"],"potions_floor_usage":[11,13],"damage_taken":[{"damage":0,"enemies":"2_ Uuma","floor":1,"turns":7},{"damage":2,"enemies":"Hallownest:monsterHuskGuard","floor":5,"turns":4},{"damage":16,"enemies":"Hallownest:eliteCrystalGuardian","floor":7,"turns":5},{"damage":4,"enemies":"Hallownest:2_MossCreeps","floor":10,"turns":3},{"damage":17,"enemies":"Hallownest:Guard_and_Warrior","floor":11,"turns":3},{"damage":0,"enemies":"Hallownest:eliteVengeflyKing","floor":13,"turns":5},{"damage":47,"enemies":"Hallownest:BossHornet","floor":16,"turns":5}],"seed_played":"4693596907689841637","potions_obtained":[{"floor":10,"key":"BlessingOfTheForge"},{"floor":13,"key":"SpeedPotion"}],"is_trial":false,"path_per_floor":["M","?","?","?","M","R","E","R","T","M","M","?","E","$","R","B"],"character_chosen":"THE_STARBREAKER","items_purchased":[],"campfire_rested":0,"item_purchase_floors":[],"current_hp_per_floor":[60,60,60,60,58,58,42,42,42,38,25,25,39,39,39,0,0],"gold":61,"neow_bonus":"ONE_RANDOM_RARE_CARD","is_daily":false,"chose_seed":false,"campfire_upgraded":3,"win_rate":0.0,"timestamp":1610169474,"path_taken":["M","?","?","?","M","R","E","R","T","M","M","?","E","?","R","BOSS"],"items_purchased_type":[],"build_version":"2020-12-22","purchased_purges":1,"victory":false,"max_hp_per_floor":[60,60,60,60,60,60,60,60,60,60,60,60,60,60,60,60,60],"card_choices":[{"not_picked":["Moonworks:LulusLuckyEgg","Moonworks:SakisCookie"],"picked":"Moonworks:EvilSpyWorkPreparation","floor":1},{"not_picked":["Moonworks:IndiscriminateFireSupport","Moonworks:AngelHand","Moonworks:FullSpeedAlicianrone"],"picked":"SKIP","floor":5},{"not_picked":["Moonworks:RedAndBlue","Moonworks:SakisCookie"],"picked":"Moonworks:Flamethrower","floor":7},{"not_picked":["Moonworks:WindyEnchantment","Moonworks:LuckyCharm"],"picked":"Moonworks:SakisCookie","floor":10},{"not_picked":["Moonworks:BigMagnum","Moonworks:BindingChains"],"picked":"Moonworks:DeployBits","floor":11},{"not_picked":["Moonworks:ShieldCounter","Moonworks:AwakeningOfTalent"],"picked":"Moonworks:LulusLuckyEgg","floor":13}],"player_experience":166102,"relics_obtained":[{"floor":7,"key":"StuffTheSpire:TintedRock"},{"floor":9,"key":"HollowMod:PaleOreRelic"},{"floor":13,"key":"Runesmith:Nanobots"}],"event_choices":[{"damage_healed":0,"gold_gain":0,"player_choice":"2","damage_taken":0,"max_hp_gain":0,"max_hp_loss":0,"event_name":"betterMatch:BetterMatch","floor":4,"gold_loss":0,"cards_obtained":[]}],"is_beta":false,"boss_relics":[],"items_purged_floors":[14],"is_endless":false,"potions_floor_spawned":[10,13],"killed_by":"Hallownest:BossHornet","ascension_level":0}}