{"host":"dowi7cgbhepuzvpj","time":1610215880,"event":{"mods":["AchievementEnabler","BaseMod","Colored Map","Highlight Path","Keyboard Shortcuts","Minty Spire (QoL Compilation)","Permanent Neow","Quick Restart","StSLib","SuperFastMode"],"gold_per_floor":[109,109,125,135,8,8,8,43,68,82,82,99,99,119,119,119,119],"floor_reached":16,"playtime":462,"items_purged":["Defend_B"],"score":199,"play_id":"95910127-0618-4899-95ac-f7cb729d045a","local_time":"20210110031120","is_ascension_mode":true,"campfire_choices":[{"data":"Reprogram","floor":6.0,"key":"SMITH"},{"data":"Hologram","floor":11.0,"key":"SMITH"},{"data":"Zap","floor":13.0,"key":"SMITH"},{"data":"Rebound","floor":15.0,"key":"SMITH"}],"circlet_count":0,"master_deck":["AscendersBane","Strike_B","Strike_B","Strike_B","Defend_B","Defend_B","Defend_B","Zap+1","Dualcast","Reprogram+1","White Noise","Compile Driver","Hologram+1","Sweeping Beam","Rebound+1","Auto Shields"],"relics":["Sozu","Art of War","Tiny Chest"],"acts_visited":["Exordium"],"potions_floor_usage":[],"damage_taken":[{"damage":0.0,"enemies":"2 Louse","floor":1.0,"turns":4.0},{"damage":0.0,"enemies":"Cultist","floor":3.0,"turns":3.0},{"damage":1.0,"enemies":"Jaw Worm","floor":4.0,"turns":5.0},{"damage":13.0,"enemies":"Lagavulin","floor":8.0,"turns":7.0},{"damage":4.0,"enemies":"Exordium Thugs","floor":10.0,"turns":4.0},{"damage":15.0,"enemies":"Looter","floor":12.0,"turns":3.0},{"damage":8.0,"enemies":"Blue Slaver","floor":14.0,"turns":4.0},{"damage":25,"enemies":"Hexaghost","floor":16,"turns":7}],"seed_played":"8185843905707821822","potions_obtained":[],"is_trial":false,"path_per_floor":["M","?","M","M","$","R","$","E","T","M","R","M","R","M","R","B"],"character_chosen":"DEFECT","items_purchased":["Hologram"],"campfire_rested":0,"item_purchase_floors":[5],"current_hp_per_floor":[64,64,64,63,63,63,63,50,50,46,46,31,31,23,23,0,0],"gold":119,"neow_bonus":"BOSS_RELIC","is_daily":false,"chose_seed":false,"campfire_upgraded":4,"win_rate":0.0,"timestamp":1610215880,"path_taken":["M","?","M","?","$","R","?","E","T","M","R","M","R","M","R","BOSS"],"items_purchased_type":["Card"],"build_version":"2020-12-22","purchased_purges":1,"victory":false,"max_hp_per_floor":[71,71,71,71,71,71,71,71,71,71,71,71,71,71,71,71,71],"card_choices":[{"not_picked":["Compile Driver","Cold Snap"],"picked":"Reprogram","floor":1.0},{"not_picked":["Leap","Stack"],"picked":"White Noise","floor":3.0},{"not_picked":["Ball Lightning","Turbo"],"picked":"Compile Driver","floor":4.0},{"not_picked":["Chill","Tempest"],"picked":"Sweeping Beam","floor":8.0},{"not_picked":["Defragment","Coolheaded","Redo"],"picked":"SKIP","floor":10.0},{"not_picked":["Hologram","Hello World"],"picked":"Rebound","floor":12.0},{"not_picked":["Sweeping Beam","Consume"],"picked":"Auto Shields","floor":14.0}],"player_experience":786878,"relics_obtained":[{"floor":8.0,"key":"Art of War"},{"floor":9.0,"key":"Tiny Chest"}],"event_choices":[{"cards_removed":["Strike_B"],"damage_healed":0.0,"max_hp_gain":0.0,"max_hp_loss":0.0,"gold_gain":0.0,"event_name":"Bonfire Elementals","player_choice":"Offered Basic","floor":2.0,"gold_loss":0.0,"damage_taken":0.0}],"is_beta":false,"boss_relics":[],"items_purged_floors":[5],"is_endless":false,"potions_floor_spawned":[3,4,12],"killed_by":"Hexaghost","ascension_level":19}}