{"host":"h23hlq20ir8sps7h","time":1610167480,"event":{"mods":["Act Like it!","Aspiration","BaseMod","BetterRewards","Colored Map","Conspire","Energized Spire","Friendly Minions","GifTheSpireLib","Halation","Hubris","Ironclad Rager","Minty Spire (QoL Compilation)","Permanent Neow","Prisma Mod","Quarter Circle Forward PUNCH!","Quick Restart","Railgun Mod","Remilia??????","Replay The Spire","SCP261 Mod","Shop Mod","Spikes Relics","StSLib","Stuff the Spire","The Animator","The Hierophant","The Problem Sleuth","The Runesmith","The Sage","Trackpad","Wandering Minibosses","vexMod"],"gold_per_floor":[117,131,144,144,158,158,191,202,274,274,285,285,304,332,332,427,427,439,449,64,75,75,75,75,75],"floor_reached":24,"playtime":1861,"items_purged":["PrismaMod:ChloeCommonDefend"],"score":297,"play_id":"9c1b733c-9ac4-4351-8f17-c5f2a56fc9a6","local_time":"20210108204440","is_ascension_mode":true,"campfire_choices":[{"floor":6,"key":"RECALL"},{"data":"PrismaMod:ChloeMordred","floor":10,"key":"SMITH"},{"data":"PrismaMod:ChloeRitsuka","floor":12,"key":"SMITH"},{"data":"PrismaMod:ChloeRitsuka","floor":15,"key":"SMITH"},{"data":"PrismaMod:ChloeAnyRareTrace","floor":23,"key":"SMITH"}],"circlet_count":0,"master_deck":["PrismaMod:ChloeCommonAttack","PrismaMod:ChloeCommonAttack","PrismaMod:ChloeCommonAttack","PrismaMod:ChloeCommonAttack","PrismaMod:ChloeCommonAttack","PrismaMod:ChloeCommonDefend","PrismaMod:ChloeCommonDefend","PrismaMod:ChloeCommonDefend","PrismaMod:ChloeCommonDefend","PrismaMod:ChloeCheapAttack","PrismaMod:ChloeCheapDefend","PrismaMod:ChloeHalloween","PrismaMod:ChloeRitsuka+1","PrismaMod:ChloeExcalibur","PrismaMod:ChloeCaladbolg","PrismaMod:ChloeCheapAttack","PrismaMod:ChloeCheapDefendTwo","PrismaMod:ChloeMordred+1","PrismaMod:ChloeCarnivalAttack","PrismaMod:ChloeCheapDefendTwo","BlessedFruit","BlessedFruit","PrismaMod:ChloeRitsuka+1","PrismaMod:ChloeAnyRareTrace+1","CurseOfTheBell","PrismaMod:ChloeCheapAttackTwo+1","PrismaMod:ChloeAnyCommonTrace","PrismaMod:ChloeMordred","PrismaMod:ChloeCheapDefendTwo+1"],"relics":["PrismaMod:PrismaTraceOn","CultistMask","Replay:Ringing Soul","HeavenlyBonsai","Calling Bell","Omamori","StuffTheSpire:SapphireSignet","conspire:Boomerang","qcfpunch:Chain_With_Nametags"],"acts_visited":["Exordium","TheCity"],"potions_floor_usage":[],"damage_taken":[{"damage":0,"enemies":"Cultist","floor":1,"turns":4},{"damage":5,"enemies":"Jaw Worm","floor":2,"turns":5},{"damage":0,"enemies":"2 Louse","floor":3,"turns":2},{"damage":9,"enemies":"Red Slaver","floor":5,"turns":3},{"damage":0,"enemies":"3 Sentries","floor":7,"turns":5},{"damage":2,"enemies":"Exordium Wildlife","floor":8,"turns":3},{"damage":0,"enemies":"Large Slime","floor":11,"turns":3},{"damage":0,"enemies":"2 Fungi Beasts","floor":13,"turns":3},{"damage":11,"enemies":"Gremlin Nob","floor":14,"turns":4},{"damage":79,"enemies":"Fading Forest","floor":16,"turns":11},{"damage":17,"enemies":"Chosen","floor":18,"turns":8},{"damage":0,"enemies":"Spheric Guardian","floor":19,"turns":5},{"damage":37,"enemies":"Snecko","floor":21,"turns":9},{"damage":68,"enemies":"Gremlin Leader","floor":24,"turns":3}],"seed_played":"350630404006289951","potions_obtained":[{"floor":1,"key":"EssenceOfSteel"},{"floor":2,"key":"SCP261:DewritoBlazePotion"},{"floor":11,"key":"SCP261:DietGhostPotion"},{"floor":16,"key":"ColorlessPotion"}],"is_trial":false,"path_per_floor":["M","M","M","?","M","R","E","M","T","R","M","R","M","E","R","B",null,"M","M","$","M","?","R","E"],"character_chosen":"CHLOE","items_purchased":["qcfpunch:Chain_With_Nametags","PrismaMod:ChloeMordred"],"campfire_rested":0,"item_purchase_floors":[20,20],"current_hp_per_floor":[75,70,70,70,61,61,64,65,65,65,68,68,71,63,63,20,98,88,95,98,65,65,65,0,0],"gold":75,"neow_bonus":"ONE_RANDOM_RARE_CARD","is_daily":false,"chose_seed":false,"campfire_upgraded":4,"win_rate":0.0,"timestamp":1610167480,"path_taken":["M","M","?","?","M","R","E","M","T","R","M","R","M","E","R","BOSS","M","?","?","?","?","R","E"],"items_purchased_type":["Relic","Card"],"build_version":"2020-12-22","purchased_purges":1,"victory":false,"max_hp_per_floor":[75,75,75,75,75,75,78,81,81,81,84,84,87,90,90,95,98,103,108,111,115,115,115,115,115],"card_choices":[{"not_picked":["PrismaMod:ChloeCheapDefend","PrismaMod:ChloeCommonAOEAttack"],"picked":"PrismaMod:ChloeRitsuka","floor":1},{"not_picked":["PrismaMod:ChloeDiscardRecovery","PrismaMod:ChloeCheapDefendTwo"],"picked":"PrismaMod:ChloeExcalibur","floor":2},{"not_picked":["PrismaMod:ChloeRhongomyniad","PrismaMod:ChloeCheapAttackTwo"],"picked":"PrismaMod:ChloeCaladbolg","floor":3},{"not_picked":["PrismaMod:ChloeMaid","PrismaMod:ChloeDiscardRecovery"],"picked":"PrismaMod:ChloeCheapAttack","floor":5},{"not_picked":["PrismaMod:ChloeDiscardRecovery","PrismaMod:ChloeCommonAOEAttack"],"picked":"PrismaMod:ChloeCheapDefendTwo","floor":7},{"not_picked":["PrismaMod:ChloeExhaustTwo","PrismaMod:ChloeRitsuka"],"picked":"PrismaMod:ChloeMordred","floor":8},{"not_picked":["PrismaMod:ChloeExcalibur","PrismaMod:ChloeMaid"],"picked":"PrismaMod:ChloeCarnivalAttack","floor":11},{"not_picked":["PrismaMod:ChloeCheapAttackTwo","PrismaMod:ChloeDiscardRecovery"],"picked":"PrismaMod:ChloeCheapDefendTwo","floor":13},{"not_picked":["PrismaMod:ChloeHalloween","PrismaMod:ChloeCommonAOEAttack"],"picked":"PrismaMod:ChloeRitsuka","floor":14},{"not_picked":["PrismaMod:ChloeReshuffleDiscard","PrismaMod:ChloeAnyCommonTrace"],"picked":"PrismaMod:ChloeAnyRareTrace","floor":16},{"not_picked":["PrismaMod:ChloeCommonAOEAttack","PrismaMod:ChloeDiscardRecovery+1"],"picked":"PrismaMod:ChloeCheapAttackTwo+1","floor":18},{"not_picked":["PrismaMod:ChloeExhaustOne+1","PrismaMod:ChloeUncommonAOEAttack"],"picked":"PrismaMod:ChloeAnyCommonTrace","floor":19},{"not_picked":["PrismaMod:ChloeDiscardRecovery","PrismaMod:ChloeCheapDefend+1"],"picked":"PrismaMod:ChloeCheapDefendTwo+1","floor":21}],"player_experience":268697,"relics_obtained":[{"floor":7,"key":"Replay:Ringing Soul"},{"floor":14,"key":"HeavenlyBonsai"},{"floor":17,"key":"Omamori"},{"floor":17,"key":"StuffTheSpire:SapphireSignet"},{"floor":17,"key":"conspire:Boomerang"}],"event_choices":[{"damage_healed":0,"gold_gain":0,"player_choice":"Trade","damage_taken":0,"relics_obtained":["CultistMask"],"max_hp_gain":0,"max_hp_loss":0,"event_name":"FaceTrader","floor":4,"gold_loss":0},{"damage_healed":0,"gold_gain":0,"player_choice":"Ignored","damage_taken":0,"max_hp_gain":0,"max_hp_loss":0,"event_name":"Beggar","floor":22,"gold_loss":0}],"is_beta":false,"boss_relics":[{"not_picked":["qcfpunch:Dark_Gi","conspire:SpecialSausage"],"picked":"Calling Bell"}],"items_purged_floors":[20],"is_endless":false,"potions_floor_spawned":[1,2,11,13,14,16,21],"killed_by":"Gremlin Leader","ascension_level":1}}