{"host":"qojc688juf5ijsln","time":1610183074,"event":{"mods":["AchievementEnabler","BaseMod","BetterRewards","Colored Powertips","Highlight Path","Minty Spire (QoL Compilation)","Quick Restart","Shop Mod","StSLib"],"gold_per_floor":[110,122,122,197,197,197,208,224,250,103,103,114,114,124,124,228,228,248,266,117,117,117,145,159,159,213,225,225,255,275,294,294,398,398,410,410,17,33,0,0,32,101,101,101,101,101,115,148,148,148],"floor_reached":51,"playtime":3095,"items_purged":["Strike_B"],"score":794,"play_id":"bc051ea6-217e-44af-911c-5dd9398dce45","local_time":"20210109170434","is_ascension_mode":true,"campfire_choices":[{"data":"Storm","floor":6,"key":"SMITH"},{"data":"Defragment","floor":13,"key":"SMITH"},{"data":"Storm","floor":15,"key":"SMITH"},{"data":"Storm","floor":32,"key":"SMITH"},{"data":"Storm","floor":40,"key":"SMITH"},{"data":"Machine Learning","floor":44,"key":"SMITH"},{"data":"Static Discharge","floor":46,"key":"SMITH"},{"data":"Self Repair","floor":49,"key":"SMITH"}],"circlet_count":0,"master_deck":["Strike_B+1","Strike_B+1","Defend_B","Defend_B","Defend_B","Zap","Dualcast","Storm+1","Ball Lightning","Ball Lightning","Defragment+1","Capacitor","Storm+1","Core Surge+1","Storm+1","Ball Lightning","Electrodynamics","Self Repair+1","White Noise+1","Storm+1","Barrage","Self Repair+1","Electrodynamics","Machine Learning+1","Static Discharge+1"],"relics":["Cracked Core","Bird Faced Urn","Anchor","Prayer Wheel","Tiny Chest","Whetstone","Coffee Dripper","MutagenicStrength","Cables","Orichalcum","Strawberry","Sundial","Darkstone Periapt","Runic Dome","Mummified Hand","Runic Capacitor","Red Mask","Regal Pillow","InkBottle","Happy Flower","Ginger"],"acts_visited":["Exordium","TheCity","TheBeyond"],"potions_floor_usage":[50,50,50],"damage_taken":[{"damage":6,"enemies":"Cultist","floor":1,"turns":3},{"damage":0,"enemies":"2 Louse","floor":2,"turns":2},{"damage":0,"enemies":"Small Slimes","floor":7,"turns":2},{"damage":8,"enemies":"3 Louse","floor":8,"turns":3},{"damage":0,"enemies":"Blue Slaver","floor":12,"turns":2},{"damage":0,"enemies":"Exordium Thugs","floor":14,"turns":3},{"damage":43,"enemies":"Hexaghost","floor":16,"turns":6},{"damage":12,"enemies":"2 Thieves","floor":18,"turns":3},{"damage":0,"enemies":"Shell Parasite","floor":19,"turns":2},{"damage":15,"enemies":"Book of Stabbing","floor":23,"turns":3},{"damage":0,"enemies":"Snake Plant","floor":24,"turns":2},{"damage":0,"enemies":"Snecko","floor":27,"turns":2},{"damage":17,"enemies":"Slavers","floor":29,"turns":2},{"damage":0,"enemies":"Sentry and Sphere","floor":30,"turns":2},{"damage":5,"enemies":"Shelled Parasite and Fungi","floor":31,"turns":2},{"damage":17,"enemies":"Collector","floor":33,"turns":4},{"damage":29,"enemies":"3 Darklings","floor":35,"turns":3},{"damage":6,"enemies":"3 Shapes","floor":38,"turns":3},{"damage":7,"enemies":"Giant Head","floor":41,"turns":5},{"damage":2,"enemies":"Sphere and 2 Shapes","floor":47,"turns":2},{"damage":15,"enemies":"Nemesis","floor":48,"turns":3},{"damage":103,"enemies":"Awakened One","floor":50,"turns":5}],"seed_played":"5732868392603450227","potions_obtained":[{"floor":2,"key":"SkillPotion"},{"floor":8,"key":"EntropicBrew"},{"floor":14,"key":"Block Potion"},{"floor":19,"key":"FairyPotion"},{"floor":30,"key":"PowerPotion"}],"is_trial":false,"path_per_floor":["M","M","?","?","?","R","M","M","T","$","?","M","R","M","R","B",null,"M","M","$","?","T","E","M","?","T","M","T","E","M","M","R","B",null,"M","?","$","M","?","R","E","T","T","R","?","R","M","E","R","B",null],"character_chosen":"DEFECT","items_purchased":["Storm","Ball Lightning","Ball Lightning","Anchor","Whetstone","Storm","Mummified Hand","Runic Capacitor"],"campfire_rested":0,"item_purchase_floors":[0,0,0,0,10,20,37,37],"current_hp_per_floor":[69,73,73,62,47,47,51,51,51,51,75,75,75,75,75,36,75,65,75,75,75,75,74,75,69,76,82,82,81,82,81,81,82,82,55,55,55,66,66,66,82,82,82,82,82,82,82,82,82,33],"gold":148,"neow_bonus":"","is_daily":false,"chose_seed":false,"campfire_upgraded":8,"win_rate":0.0,"timestamp":1610183074,"path_taken":["M","M","?","?","?","R","M","M","T","$","?","?","R","M","R","BOSS","M","M","$","?","?","E","?","?","T","?","?","E","M","M","R","BOSS","M","?","$","?","?","R","E","?","T","R","?","R","?","E","R","BOSS"],"items_purchased_type":["Card","Card","Card","Relic","Relic","Card","Relic","Relic"],"build_version":"2020-12-22","purchased_purges":1,"victory":true,"max_hp_per_floor":[75,75,75,75,75,75,75,75,75,75,75,75,75,75,75,75,75,75,75,75,75,75,75,75,75,82,82,82,82,82,82,82,82,82,82,82,82,82,82,82,82,82,82,82,82,82,82,82,82,82],"card_choices":[{"not_picked":["Cold Snap","Gash"],"picked":"Defragment","floor":1},{"not_picked":["Compile Driver","Force Field","Double Energy"],"picked":"SKIP","floor":1},{"not_picked":["Gash","Doom and Gloom"],"picked":"Capacitor","floor":2},{"not_picked":["Doom and Gloom","Skim","Streamline"],"picked":"SKIP","floor":2},{"not_picked":["Cold Snap","Beam Cell"],"picked":"Storm","floor":7},{"not_picked":["Reinforced Body","Cold Snap","Leap"],"picked":"SKIP","floor":7},{"not_picked":["Go for the Eyes","Chaos"],"picked":"Core Surge","floor":8},{"not_picked":["Compile Driver","Beam Cell","Rebound"],"picked":"SKIP","floor":8},{"not_picked":["Beam Cell","Aggregate"],"picked":"Storm","floor":12},{"not_picked":["Reprogram","Tempest","Streamline"],"picked":"SKIP","floor":12},{"not_picked":["Go for the Eyes","Beam Cell"],"picked":"Ball Lightning","floor":14},{"not_picked":["Cold Snap","Redo","Steam"],"picked":"SKIP","floor":14},{"not_picked":["Machine Learning","Rainbow"],"picked":"Electrodynamics","floor":16},{"not_picked":["Coolheaded","Ball Lightning"],"picked":"Self Repair+1","floor":18},{"not_picked":["Gash","Steam Power","Stack+1"],"picked":"SKIP","floor":18},{"not_picked":["Glacier","Redo"],"picked":"White Noise+1","floor":19},{"not_picked":["Turbo","Undo","Sunder"],"picked":"SKIP","floor":19},{"not_picked":["Steam","Beam Cell"],"picked":"Barrage","floor":23},{"not_picked":["Turbo","Sweeping Beam"],"picked":"Self Repair","floor":24},{"not_picked":["Redo+1","Auto Shields+1"],"picked":"Electrodynamics","floor":24},{"not_picked":["Conserve Battery","Consume","Sweeping Beam"],"picked":"SKIP","floor":27},{"not_picked":["Ball Lightning","Rip and Tear+1","Conserve Battery+1"],"picked":"SKIP","floor":27},{"not_picked":["Gash","Conserve Battery","Glacier+1"],"picked":"SKIP","floor":29},{"not_picked":["Steam","Conserve Battery","Redo"],"picked":"SKIP","floor":30},{"not_picked":["Auto Shields","Coolheaded","Stack"],"picked":"SKIP","floor":30},{"not_picked":["Streamline","Chaos","Undo"],"picked":"SKIP","floor":31},{"not_picked":["Rip and Tear","Darkness+1","Compile Driver"],"picked":"SKIP","floor":31},{"not_picked":["Seek","Reboot"],"picked":"Machine Learning","floor":33},{"not_picked":["Compile Driver+1","Hello World","Genetic Algorithm+1"],"picked":"SKIP","floor":35},{"not_picked":["FTL+1","Streamline+1","Leap+1"],"picked":"SKIP","floor":35},{"not_picked":["Scrape","Compile Driver"],"picked":"Static Discharge","floor":38},{"not_picked":["Barrage","Turbo+1","Rebound+1"],"picked":"SKIP","floor":38},{"not_picked":["Rip and Tear+1","Hello World+1","Redo"],"picked":"SKIP","floor":41},{"not_picked":["Beam Cell+1","Glacier","Ball Lightning+1"],"picked":"SKIP","floor":47},{"not_picked":["Consume","Compile Driver","Coolheaded"],"picked":"SKIP","floor":47},{"not_picked":["Leap","Go for the Eyes","Skim"],"picked":"SKIP","floor":48}],"player_experience":127454,"relics_obtained":[{"floor":9,"key":"Tiny Chest"},{"floor":22,"key":"Cables"},{"floor":23,"key":"Orichalcum"},{"floor":26,"key":"Strawberry"},{"floor":28,"key":"Sundial"},{"floor":29,"key":"Darkstone Periapt"},{"floor":41,"key":"Regal Pillow"},{"floor":42,"key":"InkBottle"},{"floor":43,"key":"Happy Flower"},{"floor":48,"key":"Ginger"}],"event_choices":[{"damage_healed":0,"gold_gain":0,"player_choice":"Ignored","damage_taken":0,"max_hp_gain":0,"max_hp_loss":0,"event_name":"Liars Game","floor":3,"gold_loss":0},{"damage_healed":0,"gold_gain":75,"player_choice":"Gather Gold","damage_taken":11,"max_hp_gain":0,"max_hp_loss":0,"event_name":"World of Goop","floor":4,"gold_loss":0},{"damage_healed":0,"gold_gain":0,"player_choice":"Entered Light","damage_taken":15,"max_hp_gain":0,"max_hp_loss":0,"event_name":"Shining Light","floor":5,"gold_loss":0,"cards_upgraded":["Strike_B","Defend_B"]},{"damage_healed":25,"gold_gain":0,"player_choice":"Banana","damage_taken":0,"max_hp_gain":0,"max_hp_loss":0,"event_name":"Big Fish","floor":11,"gold_loss":0},{"damage_healed":0,"gold_gain":0,"player_choice":"Inject Mutagens","damage_taken":0,"relics_obtained":["MutagenicStrength"],"max_hp_gain":0,"max_hp_loss":0,"event_name":"Drug Dealer","floor":21,"gold_loss":0},{"damage_healed":0,"gold_gain":0,"player_choice":"","damage_taken":6,"max_hp_gain":0,"max_hp_loss":0,"event_name":"Knowing Skull","floor":25,"potions_obtained":[],"gold_loss":0,"cards_obtained":[]},{"cards_removed":["Strike_B"],"damage_healed":0,"gold_gain":0,"player_choice":"Purged","damage_taken":0,"max_hp_gain":0,"max_hp_loss":0,"event_name":"Purifier","floor":36,"gold_loss":0},{"damage_healed":0,"gold_gain":0,"player_choice":"Paid","damage_taken":0,"relics_obtained":["Red Mask"],"max_hp_gain":0,"max_hp_loss":0,"event_name":"Tomb of Lord Red Mask","floor":39,"gold_loss":33},{"cards_removed":["Defend_B"],"damage_healed":0,"gold_gain":0,"player_choice":"Removed Skill","damage_taken":0,"max_hp_gain":0,"max_hp_loss":0,"event_name":"Falling","floor":45,"gold_loss":0}],"is_beta":false,"boss_relics":[{"not_picked":["SacredBark","Tiny House"],"picked":"Coffee Dripper"},{"not_picked":["Sozu","Fusion Hammer"],"picked":"Runic Dome"}],"items_purged_floors":[20],"is_endless":false,"potions_floor_spawned":[2,8,14,18,19,24,30,41,47,48],"ascension_level":1}}