{"host":"yassvrowvc2yfwp2","time":1610202918,"event":{"mods":["2.2 Compatiblity","Act Like it!","BaseMod","Better Note","Downfall","HololiveMod","Jorbs\u0027s Wanderer Trilogy","Minty Spire (QoL Compilation)","Prisma Mod","Rare Cards Sparkle","Reimu£®≤©¿ˆ¡È√Œ£©","Replay The Spire","Spicy Shops","StSLib","The Bug Knight","The Cursed","The Servant 0.9.4"],"gold_per_floor":[118,131,149,166,182,182,209,209,236,251,251,251,266,325,325,448,448,472,472,472,169,185,220,233,273,273,273,298,298,321,321,321,452,452,465,77,410,410,424,455,468,468,491,501,31,50,80,80,80,80],"floor_reached":51,"playtime":2521,"items_purged":["Defend_S","Defend_S","Strike_S","Defend_S","Strike_S"],"score":922,"play_id":"d4fb5f94-049e-4fd3-9c6d-3345c9ab4bb8","local_time":"20210109223518","is_ascension_mode":false,"campfire_choices":[{"data":"InstantArmor","floor":6.0,"key":"SMITH"},{"floor":8.0,"key":"REST"},{"floor":15.0,"key":"REST"},{"floor":27.0,"key":"REST"},{"floor":29.0,"key":"REST"},{"floor":32.0,"key":"REST"},{"floor":42,"key":"REST"},{"data":"BestPractice","floor":49,"key":"SMITH"},{"data":"ReturningBlade","floor":49,"key":"SMITH"}],"circlet_count":0,"master_deck":["Strike_S","Strike_S","KidneyShot","Exchange","GearUp","ReturningBlade+1","InstantArmor+1","DualDimension","Moonlight","Desolation","Snipe","BestPractice+1","Misdirection","Solidify","Orbit+1","Comet+1","FlawlessForm+1","FlawlessForm+1","Dilation","AbeCurse","Rearm+1","Madness","Madness","InstantArmor+1","InstantArmor+1","SilverBlades+1","ReplayTheSpireMod:Brewmster+1","DualDimension+1","Deadline+1"],"relics":["Uniform","Simple Rune","Mirror","Black Star","Nloth\u0027s Gift","Membership Card","RuthlessExorcism:ReiMu","Thread and Needle","Pen Nib","Frozen Egg 2","Replay:Towering Pillar of Hats","MealTicket","Garlic","Replay:Rubber Ducky","Abe\u0027s Treasure","Torii","Bottled Tornado","Replay:Arrowhead","OldScarf","Bag of Preparation","Durian","PreservedInsect","HollowMod:StagPassRelic","Oddly Smooth Stone"],"acts_visited":["Exordium","TheCity","TheBeyond"],"potions_floor_usage":[46,47,50,50,50,50,50],"damage_taken":[{"damage":0.0,"enemies":"Cultist","floor":1.0,"turns":5.0},{"damage":0.0,"enemies":"2 Louse","floor":2.0,"turns":4.0},{"damage":5.0,"enemies":"Small Slimes","floor":3.0,"turns":4.0},{"damage":8.0,"enemies":"Exordium Thugs","floor":4.0,"turns":5.0},{"damage":0.0,"enemies":"2 Fungi Beasts","floor":5.0,"turns":5.0},{"damage":15.0,"enemies":"Lagavulin","floor":7.0,"turns":10.0},{"damage":0.0,"enemies":"Large Slime","floor":10.0,"turns":4.0},{"damage":0.0,"enemies":"Looter","floor":13.0,"turns":2.0},{"damage":17.0,"enemies":"Slime Boss","floor":16.0,"turns":12.0},{"damage":11.0,"enemies":"Shell Parasite","floor":18.0,"turns":8.0},{"damage":8.0,"enemies":"Spheric Guardian","floor":22.0,"turns":5.0},{"damage":24.0,"enemies":"Slavers","floor":23.0,"turns":6.0},{"damage":0.0,"enemies":"Chosen and Byrds","floor":24.0,"turns":5.0},{"damage":14.0,"enemies":"Gremlin Leader","floor":25.0,"turns":6.0},{"damage":0.0,"enemies":"Centurion and Healer","floor":28.0,"turns":6.0},{"damage":0.0,"enemies":"Collector","floor":33.0,"turns":10.0},{"damage":0,"enemies":"3 Shapes","floor":35,"turns":5},{"damage":0,"enemies":"Orb Walker","floor":39,"turns":3},{"damage":27,"enemies":"Reptomancer","floor":40,"turns":9},{"damage":0,"enemies":"Sphere and 2 Shapes","floor":41,"turns":3},{"damage":0,"enemies":"Maw","floor":44,"turns":7},{"damage":0,"enemies":"Spire Growth","floor":46,"turns":6},{"damage":0,"enemies":"HollowMod:StalkingDevout","floor":47,"turns":7},{"damage":0,"enemies":"Awakened One","floor":50,"turns":18}],"seed_played":"2332144711440576137","potions_obtained":[{"floor":3.0,"key":"Explosive Potion"},{"floor":7.0,"key":"Reflective Coating"},{"floor":13.0,"key":"Block Potion"},{"floor":18.0,"key":"PowerPotion"},{"floor":39,"key":"ColorlessPotion"}],"is_trial":false,"path_per_floor":["M","M","M","M","M","R","E","R","T","M","?","?","M","?","R","B",null,"M","?","?","$","M","E","M","E","T","R","M","R","T","?","R","B",null,"M","$","?","?","M","E","M","R","T","M","$","M","E","?","R","B",null],"character_chosen":"THE_SERVANT","items_purchased":["Membership Card","RuthlessExorcism:ReiMu","Thread and Needle","Torii","Bottled Tornado","Durian","PreservedInsect","ReplayTheSpireMod:Brewmster+1"],"campfire_rested":6,"item_purchase_floors":[21,21,21,36,36,45,45,45],"current_hp_per_floor":[65,65,60,52,52,52,37,56,56,56,61,44,44,16,37,20,70,59,59,59,59,51,27,27,13,13,34,34,55,55,55,70,70,70,70,70,70,61,61,34,34,55,55,55,75,75,75,75,75,75],"gold":80,"neow_bonus":"THREE_CARDS","is_daily":false,"chose_seed":false,"campfire_upgraded":3,"win_rate":0.0,"timestamp":1610202918,"path_taken":["M","M","M","?","M","R","E","R","T","M","?","?","M","?","R","BOSS","M","?","?","$","M","E","?","E","T","R","M","R","?","?","R","BOSS","M","$","?","?","M","E","M","R","T","M","$","M","E","?","R","BOSS"],"items_purchased_type":["Relic","Relic","Relic","Relic","Relic","Relic","Relic","Card"],"build_version":"2020-12-22","purchased_purges":5,"victory":true,"max_hp_per_floor":[65,65,65,65,65,65,65,65,65,65,70,70,70,70,70,70,70,70,70,70,70,70,70,70,70,70,70,70,70,70,70,70,70,70,70,70,70,70,70,70,70,70,70,70,75,75,75,75,75,75],"card_choices":[{"not_picked":["Replace","Rewind"],"picked":"GearUp","floor":0.0},{"not_picked":["Ricochet","Spin","Replace"],"picked":"SKIP","floor":1.0},{"not_picked":["GearUp","Revamp"],"picked":"ReturningBlade","floor":2.0},{"not_picked":["Manipulate","FanOfKnives"],"picked":"InstantArmor","floor":3.0},{"not_picked":["SpecialFormula","TimeWarp"],"picked":"DualDimension","floor":4.0},{"not_picked":["Potential","Rewind"],"picked":"Moonlight","floor":5.0},{"not_picked":["Defy","Ricochet"],"picked":"Desolation","floor":7.0},{"not_picked":["Unruled","Rewind"],"picked":"Snipe","floor":10.0},{"not_picked":["Manipulate","Alleviate","Unruled"],"picked":"SKIP","floor":13.0},{"not_picked":["InstantArmor","FastForward"],"picked":"BestPractice","floor":14.0},{"not_picked":["Defy","ShiftingGears"],"picked":"Misdirection","floor":14.0},{"not_picked":["Deny","KillingDoll"],"picked":"Solidify","floor":16.0},{"not_picked":["MoonPhase","Potential","Starlight"],"picked":"SKIP","floor":18.0},{"not_picked":["Revamp+1","Comet"],"picked":"Orbit+1","floor":22.0},{"not_picked":["Starlight","DoubleEdge"],"picked":"Comet+1","floor":23.0},{"not_picked":["Defy","Alleviate+1","Duplication"],"picked":"SKIP","floor":24.0},{"not_picked":["Initiator","FastForward"],"picked":"FlawlessForm+1","floor":25.0},{"not_picked":["DoubleEdge","Spin+1"],"picked":"FlawlessForm+1","floor":28.0},{"not_picked":["Duplication","PendulumOfEternity"],"picked":"Dilation","floor":33.0},{"not_picked":["Moonlight","Rearm+1","Starlight+1"],"picked":"SKIP","floor":35},{"not_picked":["Moonlight","Starlight+1"],"picked":"Rearm+1","floor":35},{"not_picked":["Luminosity+1","TimeWarp+1"],"picked":"InstantArmor+1","floor":39},{"not_picked":["Defy+1","Starlight+1","Replace"],"picked":"SKIP","floor":40},{"not_picked":["Replace","ShatteredReality"],"picked":"InstantArmor+1","floor":41},{"not_picked":["Unruled+1","Replace"],"picked":"SilverBlades+1","floor":44},{"not_picked":["ShiftingGears+1","ShatteredReality"],"picked":"DualDimension+1","floor":46},{"not_picked":["Hightail","DoubleEdge+1"],"picked":"Deadline+1","floor":47}],"player_experience":2033097,"relics_obtained":[{"floor":7.0,"key":"PureWhite:ReiMu"},{"floor":9.0,"key":"Simple Rune"},{"floor":14.0,"key":"Mirror"},{"floor":23.0,"key":"Pen Nib"},{"floor":23.0,"key":"Frozen Egg 2"},{"floor":25.0,"key":"Replay:Towering Pillar of Hats"},{"floor":25.0,"key":"MealTicket"},{"floor":26.0,"key":"Garlic"},{"floor":30.0,"key":"Replay:Rubber Ducky"},{"floor":40,"key":"Replay:Arrowhead"},{"floor":40,"key":"OldScarf"},{"floor":43,"key":"Bag of Preparation"},{"floor":47,"key":"HollowMod:StagPassRelic"},{"floor":47,"key":"Oddly Smooth Stone"}],"event_choices":[{"damage_healed":0.0,"max_hp_gain":5.0,"max_hp_loss":0.0,"gold_gain":0.0,"event_name":"Big Fish","player_choice":"Donut","floor":11.0,"gold_loss":0.0,"damage_taken":0.0},{"damage_healed":0.0,"max_hp_gain":0.0,"max_hp_loss":0.0,"gold_gain":0.0,"event_name":"Golden Idol","player_choice":"Take Damage","floor":12.0,"gold_loss":0.0,"damage_taken":17.0,"relics_obtained":["Golden Idol"]},{"cards_removed":["Defend_S"],"damage_healed":0.0,"max_hp_gain":0.0,"max_hp_loss":0.0,"gold_gain":0.0,"event_name":"Purifier","player_choice":"Purged","floor":19.0,"gold_loss":0.0,"damage_taken":0.0},{"damage_healed":0.0,"max_hp_gain":0.0,"max_hp_loss":0.0,"gold_gain":0.0,"event_name":"N\u0027loth","player_choice":"Traded Relic","floor":20.0,"relics_lost":["PureWhite:ReiMu"],"gold_loss":0.0,"damage_taken":0.0,"relics_obtained":["Nloth\u0027s Gift"]},{"cards_removed":["Strike_S"],"damage_healed":0.0,"max_hp_gain":0.0,"max_hp_loss":0.0,"gold_gain":0.0,"event_name":"betterNote:BetterNote","player_choice":"Give","floor":31.0,"gold_loss":0.0,"damage_taken":0.0,"cards_obtained":["Strike_G"]},{"damage_healed":0,"gold_gain":333,"player_choice":"Gave Idol","damage_taken":0,"max_hp_gain":0,"max_hp_loss":0,"event_name":"The Moai Head","floor":37,"relics_lost":["Golden Idol"],"gold_loss":0},{"damage_healed":0,"gold_gain":0,"player_choice":"Embrace Madness","damage_taken":9,"max_hp_gain":0,"max_hp_loss":0,"event_name":"Winding Halls","floor":38,"gold_loss":0,"cards_obtained":["Madness","Madness"]}],"is_beta":false,"boss_relics":[{"not_picked":["SplendidAttire","Busted Crown"],"picked":"Black Star"},{"not_picked":["Calling Bell","SacredBark"],"picked":"Abe\u0027s Treasure"}],"items_purged_floors":[21,36,36,45,45],"is_endless":false,"potions_floor_spawned":[3,7,13,16,18,23,25,39,41,44],"ascension_level":0}}