{"host":"mytek2nu1hrzdnew","time":1610204839,"event":{"mods":["100% Spire Juice","Aspiration","BaseMod","Conspire","GifTheSpireLib","Gold Saver","Hubris","Minty Spire (QoL Compilation)","Replay The Spire","StSLib","Stuff the Spire","Uncapped"],"gold_per_floor":[1001,216,236,246,263,295,330,343,343,223,223,241,141,165,165,267,267,277,294,312,324,101,101,120,138,184,59,70,70,70,82,82,185,185,204,222,222,11,30,30,46,46,122,122,41,52,77,77,77,77],"floor_reached":51,"playtime":2315,"items_purged":["Moonworks:Strike","Moonworks:Strike","Moonworks:Strike","Moonworks:Strike"],"score":753,"play_id":"820ff936-32cc-4cfb-83b5-179252ee3a4e","local_time":"20210109100719","is_ascension_mode":false,"campfire_choices":[{"floor":10,"key":"REST"},{"floor":23,"key":"REST"},{"data":"Moonworks:x16BigRocket+1","floor":29,"key":"SMITH"},{"data":"Moonworks:x16BigRocket+2","floor":32,"key":"SMITH"},{"data":"Moonworks:x16BigRocket+3","floor":40,"key":"SMITH"},{"floor":42,"key":"REST"},{"data":"Moonworks:x16BigRocket+4","floor":44,"key":"SMITH"},{"data":"Moonworks:x16BigRocket+6","floor":49,"key":"SMITH"}],"circlet_count":0,"master_deck":["Moonworks:Defend","Moonworks:Defend","Moonworks:Defend","Moonworks:Defend","Moonworks:Ambush","Moonworks:LongDistanceShot","Moonworks:IndiscriminateFireSupport","Moonworks:BigMagnum+1","Moonworks:BeyondHell","Moonworks:SakisCookie","Moonworks:BigMagnum","Moonworks:AngelHand","Moonworks:AnotherUltimateWeapon","Moonworks:JonathanRush","Moonworks:SakisCookie","Moonworks:Flamethrower","Moonworks:x16BigRocket+7","Moonworks:CloudOfSeagulls+1","Moonworks:CloudOfSeagulls+1","Moonworks:Accelerator","Moonworks:BigMagnum+1","Moonworks:BackdoorTrade+1","Moonworks:JonathanRush","Moonworks:CloudOfSeagulls","Moonworks:EvilSpyWorkPreparation+1","Moonworks:AngelHand","Moonworks:CloudOfSeagulls+1"],"relics":["Moonworks:BrokenBomb","Moonworks:Homemark","Tiny Chest","Blue Doll","Regal Pillow","Mirror","hubris:ToyBattleship","Strawberry","aspiration:PoetsPen_weak","Strange Spoon","MealTicket","conspire:SpecialSausage","StuffTheSpire:Rhapsscallions","Replay:Wax Seal","hubris:TenFootPole"],"acts_visited":["Exordium","TheCity","TheBeyond"],"potions_floor_usage":[16,25,33,33,36,41,50],"damage_taken":[{"damage":3,"enemies":"Jaw Worm","floor":1,"turns":4},{"damage":5,"enemies":"2 Louse","floor":3,"turns":1},{"damage":5,"enemies":"Small Slimes","floor":4,"turns":1},{"damage":14,"enemies":"conspire:2 RoseBushes","floor":5,"turns":2},{"damage":14,"enemies":"Lagavulin","floor":6,"turns":3},{"damage":12,"enemies":"conspire:MimicChest","floor":7,"turns":3},{"damage":9,"enemies":"Looter","floor":8,"turns":2},{"damage":5,"enemies":"Lots of Slimes","floor":12,"turns":1},{"damage":11,"enemies":"Slime Boss","floor":16,"turns":4},{"damage":5,"enemies":"Shell Parasite","floor":18,"turns":1},{"damage":11,"enemies":"2 Thieves","floor":19,"turns":2},{"damage":11,"enemies":"Snecko","floor":20,"turns":3},{"damage":24,"enemies":"Centurion and Healer","floor":21,"turns":2},{"damage":11,"enemies":"Snake Plant","floor":24,"turns":2},{"damage":6,"enemies":"3 Cultists","floor":25,"turns":2},{"damage":11,"enemies":"conspire:HollyBat","floor":28,"turns":5},{"damage":17,"enemies":"Centurion and Healer","floor":31,"turns":2},{"damage":41,"enemies":"Pondfish","floor":33,"turns":5},{"damage":6,"enemies":"Orb Walker","floor":35,"turns":2},{"damage":6,"enemies":"3 Darklings","floor":36,"turns":1},{"damage":6,"enemies":"Jaw Worm Horde","floor":39,"turns":1},{"damage":51,"enemies":"Maw","floor":41,"turns":4},{"damage":23,"enemies":"3 Darklings","floor":46,"turns":3},{"damage":58,"enemies":"Time Eater","floor":50,"turns":4}],"seed_played":"-1553004413302473326","potions_obtained":[{"floor":3,"key":"GamblersBrew"},{"floor":5,"key":"Dexterity Potion"},{"floor":8,"key":"Toxic Potion"},{"floor":24,"key":"Ancient Potion"},{"floor":33,"key":"SkillPotion"},{"floor":35,"key":"Ancient Potion"},{"floor":36,"key":"Fruit Juice"}],"is_trial":false,"path_per_floor":["M","$","M","M","M","E","?","M","T","R","?","M","$","T","R","B",null,"M","M","M","M","$","R","M","M","T","$","M","R","?","M","R","B",null,"M","M","?","$","M","R","M","R","T","R","$","M","T","?","R","B",null],"character_chosen":"THE_STARBREAKER","items_purchased":["Moonworks:BigMagnum","Tiny Chest","Blue Doll","Moonworks:AwakeningOfTalent","Moonworks:BeyondHell","Strange Spoon","Moonworks:Flamethrower","Moonworks:JonathanRush","Moonworks:CloudOfSeagulls","Replay:Wax Seal"],"campfire_rested":3,"item_purchase_floors":[2,2,2,2,2,22,22,38,38,45],"current_hp_per_floor":[63,63,58,53,43,33,25,16,16,50,50,45,45,52,73,66,73,68,61,54,34,34,70,66,68,68,73,70,70,70,61,61,32,73,71,70,70,78,76,76,33,71,73,73,80,61,61,61,61,11],"gold":77,"neow_bonus":"TEN_PERCENT_HP_BONUS","is_daily":false,"chose_seed":false,"campfire_upgraded":5,"win_rate":0.0,"timestamp":1610204839,"path_taken":["M","$","M","M","M","E","?","M","T","R","?","M","?","?","R","BOSS","M","M","M","M","$","R","M","M","T","$","M","R","?","M","R","BOSS","M","M","?","$","M","R","M","R","T","R","?","M","?","?","R","BOSS"],"items_purchased_type":["Card","Relic","Relic","Card","Card","Relic","Card","Card","Card","Relic"],"build_version":"2020-12-22","purchased_purges":4,"victory":true,"max_hp_per_floor":[66,66,66,66,66,66,66,66,66,66,66,66,66,73,73,73,73,73,73,73,73,73,73,73,73,73,73,73,73,73,73,73,73,73,73,78,78,78,78,78,78,78,80,80,80,80,80,80,80,80],"card_choices":[{"not_picked":["Moonworks:Assault","Moonworks:ImOnFire"],"picked":"Moonworks:IndiscriminateFireSupport","floor":1},{"not_picked":["Moonworks:NicePresent","Moonworks:IndiscriminateFireSupport"],"picked":"Moonworks:SakisCookie","floor":3},{"not_picked":["Moonworks:RedAndBlue","Moonworks:TreasureThief"],"picked":"Moonworks:BigMagnum","floor":4},{"not_picked":["Moonworks:ExtendedPhotonRifle","Moonworks:CloudOfSeagulls","Moonworks:WindyEnchantment"],"picked":"SKIP","floor":5},{"not_picked":["Moonworks:WindyEnchantment","Moonworks:LuckyCharm","Moonworks:RedAndBlue"],"picked":"SKIP","floor":6},{"not_picked":["Moonworks:Assault","Moonworks:ImOnFire"],"picked":"Moonworks:AngelHand","floor":8},{"not_picked":["Moonworks:DeployBits","Moonworks:UnluckyCharm"],"picked":"Moonworks:AnotherUltimateWeapon","floor":12},{"not_picked":["Moonworks:UnpaidWork","Moonworks:NicePresent","Moonworks:ImOnFire+1"],"picked":"SKIP","floor":18},{"not_picked":["Moonworks:BigMagnum+1","Moonworks:IndiscriminateFireSupport"],"picked":"Moonworks:JonathanRush","floor":19},{"not_picked":["Moonworks:MiracleRedBeanIceCream","Moonworks:IndiscriminateFireSupport"],"picked":"Moonworks:SakisCookie","floor":20},{"not_picked":["Moonworks:DeployBits","Moonworks:NicePresent","Moonworks:LuckyCharm+1"],"picked":"SKIP","floor":21},{"not_picked":["Moonworks:Poppoformation","Moonworks:CompletionReward"],"picked":"Moonworks:x16BigRocket+1","floor":24},{"not_picked":["Moonworks:IndiscriminateFireSupport+1","Moonworks:TreasureThief"],"picked":"Moonworks:CloudOfSeagulls+1","floor":25},{"not_picked":["Moonworks:Assault","Moonworks:FullSpeedAlicianrone+1"],"picked":"Moonworks:CloudOfSeagulls+1","floor":28},{"not_picked":["Moonworks:IntelligenceOfficer","Moonworks:Heat300Percent+1","Moonworks:ImmovableObject"],"picked":"SKIP","floor":31},{"not_picked":["Moonworks:BeyondHell","Moonworks:IntelligenceOfficer"],"picked":"Moonworks:BigMagnum+1","floor":35},{"not_picked":["Moonworks:LulusLuckyEgg+1","Moonworks:BigMagnum"],"picked":"Moonworks:BackdoorTrade","floor":36},{"not_picked":["Moonworks:CloudOfSeagulls+1","Moonworks:UnpaidWork"],"picked":"Moonworks:EvilSpyWorkPreparation+1","floor":39},{"not_picked":["Moonworks:WindyEnchantment","Moonworks:DevilHand"],"picked":"Moonworks:AngelHand","floor":41},{"not_picked":["Moonworks:FinalBattle","Moonworks:BigMagnum"],"picked":"Moonworks:CloudOfSeagulls+1","floor":46}],"player_experience":1030433,"relics_obtained":[{"floor":6,"key":"Regal Pillow"},{"floor":7,"key":"Mirror"},{"floor":9,"key":"hubris:ToyBattleship"},{"floor":14,"key":"Strawberry"},{"floor":26,"key":"MealTicket"},{"floor":43,"key":"StuffTheSpire:Rhapsscallions"},{"floor":47,"key":"hubris:TenFootPole"}],"event_choices":[{"damage_healed":0,"gold_gain":0,"player_choice":"Leave","damage_taken":0,"max_hp_gain":0,"max_hp_loss":0,"event_name":"conspire:Investor","floor":11,"gold_loss":0},{"damage_healed":0,"gold_gain":0,"player_choice":"Read","damage_taken":0,"max_hp_gain":0,"max_hp_loss":0,"event_name":"The Library","floor":30,"gold_loss":0,"cards_obtained":["Moonworks:Accelerator"]},{"damage_healed":0,"gold_gain":0,"player_choice":"Upgraded","damage_taken":0,"max_hp_gain":0,"max_hp_loss":0,"event_name":"Upgrade Shrine","floor":37,"gold_loss":0,"cards_upgraded":["Moonworks:BackdoorTrade"]},{"damage_healed":0,"gold_gain":0,"player_choice":"Forge","damage_taken":0,"max_hp_gain":0,"max_hp_loss":0,"event_name":"Accursed Blacksmith","floor":48,"gold_loss":0,"cards_upgraded":["Moonworks:x16BigRocket"]}],"is_beta":false,"boss_relics":[{"not_picked":["Replay:Grab Bag","aspiration:RitualDagger"],"picked":"aspiration:PoetsPen_weak"},{"not_picked":["hubris:CrackedHourglass","Coffee Dripper"],"picked":"conspire:SpecialSausage"}],"items_purged_floors":[2,13,27,38],"is_endless":false,"potions_floor_spawned":[3,5,7,8,12,16,20,24,25,33,35,36],"ascension_level":0}}