{"host":"T","time":1610194607,"event":{"mods":["Aspiration","BaseMod","Downfall","GungeonMod","Hunter ¡‘»À","Minty Spire (QoL Compilation)","READ ME - Guardian Mod","Relic Stats","StSLib","The Alterego","The Cursed","The Jungle","The Poker Player","The Runesmith","The Servant 0.9.4"],"gold_per_floor":[99,112,112,132,143,160,160,178,203,203,53,63,88,120,136,236,236,161,161,179,197,23,23,23,41,56,84,97,97,97,97],"floor_reached":29,"playtime":4335,"items_purged":["Guardian:Strike_Guardian"],"score":334,"play_id":"5b33debf-bebe-4516-b52f-026808e8bf78","local_time":"20210109201647","is_ascension_mode":false,"campfire_choices":[{"floor":1.0,"key":"RECALL"},{"data":"Guardian:HyperBeam_Guardian","floor":11,"key":"SMITH"},{"data":"Guardian:StasisField","floor":18,"key":"SMITH"}],"circlet_count":0,"master_deck":["Guardian:Strike_Guardian","Guardian:Strike_Guardian","Guardian:Strike_Guardian","Guardian:Defend_Guardian","Guardian:Defend_Guardian","Guardian:Defend_Guardian","Guardian:CurlUp","Guardian:TwinSlam","Guardian:HyperBeam_Guardian","Guardian:BronzeOrb","Blasphemy+1","Guardian:BronzeOrb","Guardian:HyperBeam_Guardian+1","Guardian:TimeSifter","Guardian:StasisField+1","Enlightenment","Guardian:HyperBeam_Guardian","Guardian:Gem_Green"],"relics":["Guardian:ModeShifter","Meat on the Bone","downfall:HeartBlessingRed","downfall:HeartBlessingGreen","Juzu Bracelet","Lantern","aspiration:MobileForge","downfall:HeartBlessingBlue","aspiration:RitualStick","aspiration:HummingbirdHeart","Mummified Hand"],"acts_visited":["Exordium","TheCity"],"potions_floor_usage":[16,16,20,27,29],"damage_taken":[{"damage":10.0,"enemies":"Small Slimes","floor":2.0,"turns":4.0},{"damage":6.0,"enemies":"Cultist","floor":4.0,"turns":3.0},{"damage":0.0,"enemies":"Jaw Worm","floor":5.0,"turns":1.0},{"damage":0.0,"enemies":"Exordium Wildlife","floor":6.0,"turns":3.0},{"damage":21.0,"enemies":"Exordium Thugs","floor":8.0,"turns":4.0},{"damage":0.0,"enemies":"Gremlin Nob","floor":9.0,"turns":2.0},{"damage":0.0,"enemies":"downfall:FleeingMerchant","floor":10.0,"turns":1.0},{"damage":0,"enemies":"2 Fungi Beasts","floor":12,"turns":1},{"damage":0,"enemies":"Lagavulin","floor":14,"turns":2},{"damage":0,"enemies":"Exordium Wildlife","floor":15,"turns":1},{"damage":6,"enemies":"downfall:Ironclad","floor":16,"turns":6},{"damage":0,"enemies":"Chosen","floor":20,"turns":2},{"damage":13,"enemies":"Centurion and Healer","floor":21,"turns":3},{"damage":8,"enemies":"downfall:FleeingMerchant","floor":22,"turns":4},{"damage":3,"enemies":"3 Cultists","floor":25,"turns":3},{"damage":0,"enemies":"Cultist and Chosen","floor":26,"turns":2},{"damage":6,"enemies":"Gremlin Leader","floor":27,"turns":5},{"damage":17,"enemies":"Sentry and Sphere","floor":28,"turns":5},{"damage":100010,"enemies":"Slavers","floor":29,"turns":4}],"seed_played":"2328273499939653520","potions_obtained":[{"floor":4.0,"key":"BlessingOfTheForge"},{"floor":6.0,"key":"SmokeBomb"},{"floor":9.0,"key":"Weak Potion"},{"floor":12,"key":"LiquidBronze"},{"floor":14,"key":"Block Potion"},{"floor":16,"key":"Fire Potion"},{"floor":19,"key":"Energy Potion"},{"floor":21,"key":"Guardian:BlockOnCardUsePotion"},{"floor":27,"key":"Strength Potion"}],"is_trial":false,"path_per_floor":["R","M","?","M","M","M","T","M","E","$","R","M","T","E","M","B",null,"R","?","M","M","$","?","T","M","M","E","M","E"],"character_chosen":"GUARDIAN","items_purchased":["Enlightenment"],"campfire_rested":0,"item_purchase_floors":[22],"current_hp_per_floor":[56,46,46,40,40,40,40,19,19,31,31,43,43,43,43,49,80,90,90,90,77,69,51,51,48,48,54,49,0,0,0],"gold":97,"neow_bonus":"THREE_RARE_CARDS","is_daily":false,"chose_seed":false,"campfire_upgraded":2,"win_rate":0.0,"timestamp":1610194607,"path_taken":["R","M","?","M","?","M","T","M","E","?","R","M","?","E","M","BOSS","R","?","M","M","?","?","T","M","M","E","M","E"],"items_purchased_type":["Card"],"build_version":"2020-12-18","purchased_purges":1,"victory":false,"max_hp_per_floor":[80,80,80,80,80,80,80,80,80,80,80,80,80,80,80,80,80,90,90,90,90,90,90,90,90,90,90,90,90,90,90],"relic_stats":{"counters":[19,55],"Mummified Hand":[4],"Juzu Bracelet":0,"obtain_stats":[{"Lantern":14,"downfall:HeartBlessingRed":11,"aspiration:MobileForge":17,"downfall:HeartBlessingBlue":18,"Mummified Hand":27,"Guardian:ModeShifter":0,"downfall:HeartBlessingGreen":11,"DemoMod:GlassGuonStoneRelic":4,"Juzu Bracelet":13,"aspiration:HummingbirdHeart":24,"aspiration:RitualStick":23,"Meat on the Bone":9},{"Lantern":9,"downfall:HeartBlessingRed":7,"aspiration:MobileForge":11,"downfall:HeartBlessingBlue":11,"Mummified Hand":17,"Guardian:ModeShifter":0,"downfall:HeartBlessingGreen":7,"DemoMod:GlassGuonStoneRelic":2,"Juzu Bracelet":8,"aspiration:HummingbirdHeart":14,"aspiration:RitualStick":14,"Meat on the Bone":6},{"Lantern":21,"downfall:HeartBlessingRed":18,"aspiration:MobileForge":28,"downfall:HeartBlessingBlue":28,"Mummified Hand":47,"Guardian:ModeShifter":0,"downfall:HeartBlessingGreen":18,"DemoMod:GlassGuonStoneRelic":7,"Juzu Bracelet":19,"aspiration:HummingbirdHeart":37,"aspiration:RitualStick":37,"Meat on the Bone":17}],"aspiration:RitualStick":[0],"Meat on the Bone":60},"card_choices":[{"not_picked":["Guardian:AncientConstruct","Guardian:SphericShield"],"picked":"Guardian:HyperBeam_Guardian","floor":0.0},{"not_picked":["Guardian:VentSteam","Guardian:ShieldCharger"],"picked":"Guardian:BronzeOrb","floor":2.0},{"not_picked":["Guardian:Planning","Guardian:PrismaticBarrier"],"picked":"Guardian:Gem_Lightblue","floor":4.0},{"not_picked":["Guardian:Harden","Guardian:Suspension"],"picked":"Guardian:Gem_Red","floor":5.0},{"not_picked":["Guardian:TimeBomb","Guardian:Repulse"],"picked":"Guardian:BronzeOrb","floor":6.0},{"not_picked":["Guardian:Gem_Crimson","Guardian:ChargeCore"],"picked":"Guardian:HyperBeam_Guardian","floor":8.0},{"not_picked":["Guardian:Reroute","Guardian:ChargeCore","Guardian:Planning"],"picked":"SKIP","floor":9.0},{"not_picked":["Guardian:Incinerate","Guardian:PrimingBeam","Guardian:RefractedBeam"],"picked":"SKIP","floor":12},{"not_picked":["Guardian:PrismaticBarrier","Guardian:TemporalShield"],"picked":"Guardian:TimeSifter","floor":14},{"not_picked":["Guardian:WalkerClaw","Guardian:TimeBomb","Guardian:PrimingBeam"],"picked":"SKIP","floor":15},{"not_picked":["Guardian:ConstructionForm","Guardian:AncientConstruct"],"picked":"Guardian:StasisField","floor":16},{"not_picked":["Guardian:TemporalStrike","Guardian:WalkerClaw","Guardian:Reroute+1"],"picked":"SKIP","floor":20},{"not_picked":["Guardian:VentSteam","Guardian:Suspension+1","Guardian:MultiBeam"],"picked":"SKIP","floor":21},{"not_picked":["Guardian:Gem_Cyan","Guardian:RollAttack","Guardian:FloatingOrbs"],"picked":"SKIP","floor":22},{"not_picked":["Guardian:ChargeUp","Guardian:Gem_Cyan"],"picked":"Guardian:HyperBeam_Guardian","floor":25},{"not_picked":["Guardian:VentSteam","Guardian:Reroute"],"picked":"Guardian:Gem_Green","floor":26},{"not_picked":["Guardian:RefractedBeam","Guardian:ShieldCharger","Guardian:Repulse"],"picked":"SKIP","floor":27},{"not_picked":["Guardian:WalkerClaw+1","Guardian:BronzeArmor","Guardian:ShieldSpikes"],"picked":"SKIP","floor":28}],"player_experience":380446,"relics_obtained":[{"floor":9.0,"key":"Meat on the Bone"},{"floor":13,"key":"Juzu Bracelet"},{"floor":14,"key":"Lantern"},{"floor":24,"key":"aspiration:HummingbirdHeart"},{"floor":27,"key":"Mummified Hand"}],"event_choices":[{"cards_removed":["Guardian:Strike_Guardian"],"damage_healed":0.0,"max_hp_gain":0.0,"max_hp_loss":0.0,"gold_gain":0.0,"event_name":"NoteForYourself","player_choice":"Took Card","floor":3.0,"gold_loss":0.0,"damage_taken":0.0,"cards_obtained":["Blasphemy"]},{"cards_removed":["Guardian:Defend_Guardian"],"damage_healed":0,"gold_gain":0,"player_choice":"Took Card","damage_taken":0,"max_hp_gain":0,"max_hp_loss":0,"event_name":"NoteForYourself","floor":10,"gold_loss":0,"cards_obtained":["Guardian:Strike_Guardian"]},{"damage_healed":0,"gold_gain":0,"player_choice":"Got Potions","damage_taken":0,"max_hp_gain":0,"max_hp_loss":0,"event_name":"Lab","floor":19,"gold_loss":0}],"is_beta":true,"boss_relics":[{"not_picked":["aspiration:RunesmithSkillbook","aspiration:WatcherSkillbook"],"picked":"aspiration:MobileForge"}],"items_purged_floors":[22],"is_endless":false,"potions_floor_spawned":[4,6,9,12,14,16,21,25,27],"killed_by":"Slavers","ascension_level":0}}