{"host":"g01l53quoe6lrer0","time":1610178406,"event":{"mods":["2.2 Compatiblity","AchievementEnabler","BaseMod","Colored Map","Highlight Path","Keyboard Shortcuts","Minty Spire (QoL Compilation)","Permanent Neow","StSLib","SuperFastMode","everything is the same but u backflip on backflip"],"gold_per_floor":[17,17,37,60,60,60,60,75,152,176,196,196,196,217,217,310,310,324,249,263,281,297,297,222,222,222,67,67,83,83,103,103,199,199,219,239,253,96,0,0,0,0,0,21,21,65,77,105,117,129],"floor_reached":51,"playtime":1485,"items_purged":["Strike_R","Defend_R"],"score":1295,"play_id":"a6bcffc6-b86c-44e0-8aff-e0a196e1d771","local_time":"20210109164646","is_ascension_mode":true,"campfire_choices":[{"data":"Body Slam","floor":6.0,"key":"SMITH"},{"data":"Entrench","floor":13.0,"key":"SMITH"},{"data":"Barricade","floor":15.0,"key":"SMITH"},{"floor":23.0,"key":"REST"},{"data":"Shrug It Off","floor":25.0,"key":"SMITH"},{"data":"Immolate","floor":28.0,"key":"SMITH"},{"data":"Havoc","floor":32.0,"key":"SMITH"},{"floor":40.0,"key":"REST"},{"floor":42.0,"key":"REST"},{"data":"Battle Trance","floor":45.0,"key":"SMITH"},{"data":"Headbutt","floor":49,"key":"SMITH"}],"circlet_count":0,"master_deck":["AscendersBane","Defend_R","Defend_R","Bash","Barricade+1","Fiend Fire","Entrench+1","Shrug It Off+1","Body Slam+1","Immolate+1","Headbutt+1","Battle Trance+1","Headbutt+1","Havoc+1","Entrench+1","Parasite"],"relics":["Burning Blood","Golden Idol","Bottled Lightning","Runic Pyramid","Self Forming Clay","Cursed Key","DollysMirror","Red Mask","Bottled Flame","MawBank"],"acts_visited":["Exordium","TheCity","TheBeyond"],"potions_floor_usage":[50,50,50,50],"damage_taken":[{"damage":7.0,"enemies":"Jaw Worm","floor":1.0,"turns":3.0},{"damage":1.0,"enemies":"Small Slimes","floor":3.0,"turns":3.0},{"damage":0.0,"enemies":"Cultist","floor":4.0,"turns":4.0},{"damage":4.0,"enemies":"Looter","floor":8.0,"turns":3.0},{"damage":7.0,"enemies":"2 Fungi Beasts","floor":10.0,"turns":3.0},{"damage":17.0,"enemies":"3 Louse","floor":11.0,"turns":4.0},{"damage":0.0,"enemies":"Exordium Wildlife","floor":12.0,"turns":1.0},{"damage":7.0,"enemies":"Large Slime","floor":14.0,"turns":6.0},{"damage":17.0,"enemies":"Hexaghost","floor":16.0,"turns":9.0},{"damage":11.0,"enemies":"3 Byrds","floor":18.0,"turns":6.0},{"damage":11.0,"enemies":"Spheric Guardian","floor":20.0,"turns":4.0},{"damage":30.0,"enemies":"Snake Plant","floor":21.0,"turns":5.0},{"damage":4.0,"enemies":"3 Cultists","floor":22.0,"turns":3.0},{"damage":0.0,"enemies":"Cultist and Chosen","floor":29.0,"turns":4.0},{"damage":2.0,"enemies":"Snake Plant","floor":31.0,"turns":4.0},{"damage":28.0,"enemies":"Collector","floor":33.0,"turns":7.0},{"damage":1.0,"enemies":"Orb Walker","floor":35.0,"turns":4.0},{"damage":36.0,"enemies":"3 Shapes","floor":36.0,"turns":3.0},{"damage":14.0,"enemies":"Maw","floor":37.0,"turns":6.0},{"damage":0.0,"enemies":"Jaw Worm Horde","floor":44.0,"turns":4.0},{"damage":0,"enemies":"Nemesis","floor":46,"turns":3},{"damage":0,"enemies":"Writhing Mass","floor":48,"turns":5},{"damage":12,"enemies":"Awakened One","floor":50,"turns":5}],"seed_played":"-3137054760212598576","potions_obtained":[{"floor":1.0,"key":"SkillPotion"},{"floor":4.0,"key":"SmokeBomb"},{"floor":16.0,"key":"ElixirPotion"},{"floor":48,"key":"EntropicBrew"}],"is_trial":false,"path_per_floor":["M","?","M","M","?","R","?","M","T","M","M","M","R","M","R","B",null,"M","$","M","M","M","R","?","R","T","$","R","M","?","M","R","B",null,"M","M","M","$","?","R","?","R","T","M","R","E","?","M","R","B",null],"character_chosen":"IRONCLAD","items_purchased":["SkillPotion","DollysMirror"],"campfire_rested":3,"item_purchase_floors":[27,38],"current_hp_per_floor":[67,41,46,52,45,45,45,47,47,46,35,41,41,40,40,29,64,59,59,54,30,32,54,54,54,54,54,54,60,60,64,64,42,67,72,42,34,34,34,56,56,75,75,75,75,75,75,75,75,69],"gold":141,"neow_bonus":"TRANSFORM_TWO_CARDS","is_daily":false,"chose_seed":false,"campfire_upgraded":8,"win_rate":0.0,"timestamp":1610178406,"path_taken":["M","?","M","M","?","R","?","M","T","M","M","M","R","M","R","BOSS","M","$","M","M","M","R","?","R","T","$","R","M","?","M","R","BOSS","M","M","?","$","?","R","?","R","T","M","R","E","?","M","R","BOSS"],"items_purchased_type":["Potion","Relic"],"build_version":"2020-12-22","purchased_purges":2,"victory":true,"max_hp_per_floor":[75,75,75,75,75,75,75,75,75,75,75,75,75,75,75,75,75,75,75,75,75,75,75,75,75,75,75,75,75,75,75,75,75,75,75,75,75,75,75,75,75,75,75,75,75,75,75,75,75,75],"card_choices":[{"not_picked":["True Grit","Warcry"],"picked":"Entrench","floor":1.0},{"not_picked":["Headbutt","Demon Form"],"picked":"Shrug It Off","floor":3.0},{"not_picked":["Clothesline","Rage"],"picked":"Body Slam","floor":4.0},{"not_picked":["Metallicize","Anger","Iron Wave"],"picked":"SKIP","floor":8.0},{"not_picked":["Dual Wield","Pommel Strike","Blood for Blood"],"picked":"SKIP","floor":10.0},{"not_picked":["Flex","Cleave","Twin Strike"],"picked":"SKIP","floor":11.0},{"not_picked":["Sentinel","Heavy Blade","Demon Form"],"picked":"SKIP","floor":14.0},{"not_picked":["Reaper","Barricade"],"picked":"Immolate","floor":16.0},{"not_picked":["Cleave","Havoc"],"picked":"Headbutt","floor":18.0},{"not_picked":["Iron Wave","Clash","Feel No Pain"],"picked":"SKIP","floor":20.0},{"not_picked":["Cleave","Blood for Blood"],"picked":"Battle Trance","floor":21.0},{"not_picked":["Iron Wave","Wild Strike+1","Pummel"],"picked":"SKIP","floor":22.0},{"not_picked":["Evolve","Anger"],"picked":"Headbutt+1","floor":29.0},{"not_picked":["Hemokinesis","Combust"],"picked":"Havoc","floor":31.0},{"not_picked":["Heavy Blade+1","Headbutt","Clothesline"],"picked":"SKIP","floor":35.0},{"not_picked":["True Grit","Clothesline","Searing Blow"],"picked":"SKIP","floor":36.0},{"not_picked":["Twin Strike","Rampage","Disarm"],"picked":"SKIP","floor":37.0},{"not_picked":["Blood for Blood+1","Clothesline","Brutality"],"picked":"SKIP","floor":44.0},{"not_picked":["True Grit","Sever Soul+1","Pummel+1"],"picked":"SKIP","floor":46},{"not_picked":["Iron Wave+1","Flame Barrier","Cleave"],"picked":"SKIP","floor":48}],"player_experience":100045,"relics_obtained":[{"floor":9.0,"key":"Bottled Lightning"},{"floor":26.0,"key":"Self Forming Clay"},{"floor":43.0,"key":"Bottled Flame"},{"floor":46,"key":"MawBank"}],"event_choices":[{"damage_healed":0.0,"max_hp_gain":0.0,"max_hp_loss":0.0,"gold_gain":0.0,"event_name":"Golden Idol","player_choice":"Take Damage","floor":2.0,"gold_loss":0.0,"damage_taken":26.0,"relics_obtained":["Golden Idol"]},{"cards_removed":["Strike_R"],"damage_healed":0.0,"max_hp_gain":0.0,"max_hp_loss":0.0,"gold_gain":0.0,"event_name":"Golden Wing","player_choice":"Card Removal","floor":5.0,"gold_loss":0.0,"damage_taken":7.0},{"damage_healed":0.0,"max_hp_gain":0.0,"max_hp_loss":0.0,"gold_gain":0.0,"event_name":"Shining Light","player_choice":"Ignored","floor":7.0,"gold_loss":0.0,"damage_taken":0.0},{"cards_removed":["Strike_R"],"damage_healed":0.0,"max_hp_gain":0.0,"max_hp_loss":0.0,"gold_gain":0.0,"event_name":"Beggar","player_choice":"Gave Gold","floor":24.0,"gold_loss":75.0,"damage_taken":0.0},{"cards_removed":["Strike_R"],"damage_healed":0.0,"max_hp_gain":0.0,"max_hp_loss":0.0,"gold_gain":0.0,"event_name":"Wheel of Change","player_choice":"Card Removal","floor":30.0,"gold_loss":0.0,"damage_taken":0.0},{"damage_healed":0.0,"max_hp_gain":0.0,"max_hp_loss":0.0,"gold_gain":0.0,"event_name":"Tomb of Lord Red Mask","player_choice":"Paid","floor":39.0,"gold_loss":96.0,"damage_taken":0.0,"relics_obtained":["Red Mask"]},{"damage_healed":0.0,"max_hp_gain":0.0,"max_hp_loss":0.0,"gold_gain":0.0,"event_name":"SensoryStone","player_choice":"Memory 1","floor":41.0,"gold_loss":0.0,"damage_taken":0.0},{"damage_healed":0,"gold_gain":0,"player_choice":"Ignored","damage_taken":0,"max_hp_gain":0,"max_hp_loss":0,"event_name":"The Moai Head","floor":47,"gold_loss":0}],"is_beta":false,"boss_relics":[{"not_picked":["Runic Dome","Snecko Eye"],"picked":"Runic Pyramid"},{"not_picked":["Calling Bell","Pandora\u0027s Box"],"picked":"Cursed Key"}],"items_purged_floors":[19,27],"is_endless":false,"potions_floor_spawned":[1,4,11,12,16,29,31,33,37,46,48],"ascension_level":17}}