{"host":"2se5dq1do2gp0x9k","time":1610166978,"event":{"mods":["AchievementEnabler","BaseMod","Block Reminder","Colored Map","Colored Powertips","Minty Spire (QoL Compilation)","Relic Stats","StSLib","SuperFastMode"],"gold_per_floor":[111,111,111,125,11,11,53,76,126,161,161,170,170,170,170,254,254,281,120,136,195,195,218,218,218,245,245,245],"floor_reached":27,"playtime":715,"items_purged":[],"score":511,"play_id":"7290b809-56b7-46b1-ba08-a65946442973","local_time":"20210108203618","is_ascension_mode":true,"campfire_choices":[{"data":"WheelKick","floor":6,"key":"SMITH"},{"data":"ForeignInfluence","floor":11,"key":"SMITH"},{"data":"Protect","floor":13,"key":"SMITH"},{"data":"WaveOfTheHand","floor":15,"key":"SMITH"},{"floor":24,"key":"REST"}],"circlet_count":0,"master_deck":["AscendersBane","Strike_P+1","Strike_P+1","Strike_P+1","Defend_P+1","Defend_P+1","Defend_P+1","Eruption","Vigilance","ThirdEye+1","EmptyFist","Protect+1","WheelKick+1","WaveOfTheHand+1","Wireheading","ForeignInfluence+1","DevaForm","FlurryOfBlows","Ragnarok","CutThroughFate","Protect","Wish","ClearTheMind"],"relics":["PureWater","NeowsBlessing","CeramicFish","Lantern","Calipers","Philosopher\u0027s Stone","OrangePellets","Red Mask","Enchiridion","Art of War"],"acts_visited":["Exordium","TheCity"],"potions_floor_usage":[16,21],"damage_taken":[{"damage":0,"enemies":"Small Slimes","floor":1,"turns":2},{"damage":0,"enemies":"Cultist","floor":4,"turns":1},{"damage":0,"enemies":"3 Sentries","floor":7,"turns":2},{"damage":0,"enemies":"2 Louse","floor":8,"turns":4},{"damage":32,"enemies":"Lagavulin","floor":10,"turns":7},{"damage":0,"enemies":"Slime Boss","floor":16,"turns":6},{"damage":14,"enemies":"Chosen","floor":18,"turns":4},{"damage":0,"enemies":"Spheric Guardian","floor":20,"turns":1},{"damage":33,"enemies":"Masked Bandits","floor":21,"turns":5},{"damage":0,"enemies":"Snake Plant","floor":23,"turns":2},{"damage":5,"enemies":"Cultist and Chosen","floor":27,"turns":2}],"seed_played":"-3009442764765168453","potions_obtained":[{"floor":1,"key":"EssenceOfSteel"},{"floor":4,"key":"EssenceOfSteel"},{"floor":18,"key":"GamblersBrew"},{"floor":20,"key":"SpeedPotion"},{"floor":21,"key":"Strength Potion"}],"is_trial":false,"path_per_floor":["M","?","$","M","$","R","E","M","T","E","R","?","R","?","R","B",null,"M","$","M","?","?","M","R","?","T","M"],"character_chosen":"WATCHER","items_purchased":["WheelKick","WaveOfTheHand","Protect","OrangePellets"],"campfire_rested":1,"item_purchase_floors":[5,5,19,19],"current_hp_per_floor":[61,61,61,61,61,61,61,61,61,29,29,29,29,9,9,9,53,39,39,39,6,6,6,26,5,5,0,0],"gold":245,"neow_bonus":"THREE_ENEMY_KILL","is_daily":false,"chose_seed":false,"campfire_upgraded":4,"win_rate":0.0,"timestamp":1610166978,"path_taken":["M","?","$","M","?","R","E","M","T","E","R","?","R","?","R","BOSS","M","$","M","?","?","M","R","?","T","M"],"items_purchased_type":["Card","Card","Card","Relic"],"build_version":"2020-12-22","purchased_purges":0,"victory":false,"max_hp_per_floor":[68,68,68,68,68,68,68,68,68,68,68,68,68,68,68,68,68,68,68,68,68,68,68,68,68,68,68,68],"relic_stats":{"OrangePellets":[0],"counters":[11,36],"CeramicFish":81,"Art of War":[0],"obtain_stats":[{"OrangePellets":19,"Lantern":9,"Calipers":10,"NeowsBlessing":0,"CeramicFish":7,"Enchiridion":25,"Philosopher\u0027s Stone":17,"Red Mask":21,"Art of War":26,"PureWater":0},{"OrangePellets":7,"Lantern":4,"Calipers":5,"NeowsBlessing":0,"CeramicFish":3,"Enchiridion":10,"Philosopher\u0027s Stone":6,"Red Mask":9,"Art of War":10,"PureWater":0},{"OrangePellets":26,"Lantern":9,"Calipers":16,"NeowsBlessing":0,"CeramicFish":5,"Enchiridion":34,"Philosopher\u0027s Stone":22,"Red Mask":32,"Art of War":34,"PureWater":0}]},"card_choices":[{"not_picked":["DeceiveReality","Protect"],"picked":"ThirdEye","floor":1},{"not_picked":["Perseverance","ClearTheMind"],"picked":"Protect","floor":4},{"not_picked":["Swivel","SashWhip"],"picked":"Wireheading","floor":7},{"not_picked":["Protect","ThirdEye"],"picked":"ForeignInfluence","floor":8},{"not_picked":["ClearTheMind","CrushJoints"],"picked":"DevaForm","floor":10},{"not_picked":["Blasphemy","Devotion"],"picked":"Ragnarok","floor":16},{"not_picked":["PathToVictory","CrushJoints"],"picked":"CutThroughFate","floor":18},{"not_picked":["SignatureMove","EmptyBody","CrushJoints"],"picked":"SKIP","floor":20},{"not_picked":["ClearTheMind","FlyingSleeves"],"picked":"Wish","floor":21},{"not_picked":["ThirdEye","Halt"],"picked":"ClearTheMind","floor":23}],"player_experience":3810475,"relics_obtained":[{"floor":7,"key":"CeramicFish"},{"floor":9,"key":"Lantern"},{"floor":10,"key":"Calipers"},{"floor":21,"key":"Red Mask"},{"floor":25,"key":"Enchiridion"},{"floor":26,"key":"Art of War"}],"event_choices":[{"damage_healed":0,"gold_gain":0,"cards_transformed":["Defend_P"],"player_choice":"Transformed","damage_taken":0,"max_hp_gain":0,"max_hp_loss":0,"event_name":"Transmorgrifier","floor":2,"gold_loss":0,"cards_obtained":["EmptyFist"]},{"damage_healed":0,"gold_gain":0,"cards_transformed":["Strike_P"],"player_choice":"Change","damage_taken":0,"max_hp_gain":0,"max_hp_loss":0,"event_name":"Living Wall","floor":12,"gold_loss":0,"cards_obtained":["FlurryOfBlows"]},{"damage_healed":0,"gold_gain":0,"player_choice":"Entered Light","damage_taken":20,"max_hp_gain":0,"max_hp_loss":0,"event_name":"Shining Light","floor":14,"gold_loss":0,"cards_upgraded":["ThirdEye","Defend_P"]},{"damage_healed":0,"gold_gain":0,"player_choice":"Fought Bandits","damage_taken":0,"max_hp_gain":0,"max_hp_loss":0,"event_name":"Masked Bandits","floor":21,"gold_loss":0},{"damage_healed":0,"gold_gain":0,"player_choice":"Simplicity","damage_taken":0,"max_hp_gain":0,"max_hp_loss":0,"event_name":"Back to Basics","floor":22,"gold_loss":0,"cards_upgraded":["Strike_P","Strike_P","Strike_P","Defend_P","Defend_P"]},{"damage_healed":0,"gold_gain":0,"player_choice":"Obtained Book","damage_taken":21,"max_hp_gain":0,"max_hp_loss":0,"event_name":"Cursed Tome","floor":25,"gold_loss":0}],"is_beta":false,"boss_relics":[{"not_picked":["Calling Bell","Fusion Hammer"],"picked":"Philosopher\u0027s Stone"}],"items_purged_floors":[],"is_endless":false,"potions_floor_spawned":[1,4,18,20,21],"killed_by":"Cultist and Chosen","ascension_level":15}}