{"host":"65a95dzim48ko8ke","time":1610188719,"event":{"mods":["BaseMod","Beaked The Cultist","Colored Powertips","Minty Spire (QoL Compilation)","Permanent Neow","Quick Restart","Rare Cards Sparkle","Replay The Spire","StSLib"],"gold_per_floor":[116,134,134,309,309,309,339,22,48,67,86,115,115,129,129,233,233,245,155,167,67,84,84,84,84],"floor_reached":24,"playtime":1597,"items_purged":["Doubt","beaked:Strike_Y"],"score":206,"play_id":"5a46b96b-cb16-42e3-8591-1f5610f949b4","local_time":"20210109193839","is_ascension_mode":false,"campfire_choices":[{"data":"beaked:Defend_Y","floor":6,"key":"SMITH"},{"data":"beaked:Hexing","floor":13,"key":"SMITH"},{"data":"beaked:LiftOff","floor":23,"key":"SMITH"}],"circlet_count":0,"master_deck":["beaked:Strike_Y","beaked:Strike_Y","beaked:Strike_Y","beaked:Strike_Y","beaked:Strike_Y","beaked:Defend_Y+1","beaked:Defend_Y+1","beaked:Defend_Y+1","beaked:Defend_Y+1","beaked:Ceremony","beaked:Ceremony","beaked:Ceremony","beaked:DarkPact","beaked:SacrificialDive","beaked:Evade","beaked:Hexing+1","beaked:RitualOfBody","beaked:LiftOff+1","beaked:BounceBack","beaked:Brace+1","beaked:WarriorEssence+1"],"relics":["beaked:MendingPlumage","Bag of Preparation","HornCleat","Blood Vial","White Beast Statue","Shuriken","WarpedTongs","ChewingGum"],"acts_visited":["Exordium","TheCity"],"potions_floor_usage":[22,22,22,24],"damage_taken":[{"damage":5,"enemies":"Cultist","floor":1,"turns":4},{"damage":6,"enemies":"Jaw Worm","floor":2,"turns":4},{"damage":19,"enemies":"Gremlin Nob","floor":7,"turns":5},{"damage":6,"enemies":"2 Louse","floor":10,"turns":7},{"damage":22,"enemies":"Lots of Slimes","floor":11,"turns":8},{"damage":18,"enemies":"Replay:BlueRogue","floor":12,"turns":7},{"damage":14,"enemies":"Looter","floor":14,"turns":4},{"damage":62,"enemies":"Slime Boss","floor":16,"turns":12},{"damage":9,"enemies":"Spheric Guardian","floor":18,"turns":9},{"damage":12,"enemies":"Shell Parasite","floor":20,"turns":9},{"damage":36,"enemies":"3 Cultists","floor":22,"turns":7},{"damage":60,"enemies":"Slavers","floor":24,"turns":4}],"seed_played":"-7910350613911000342","potions_obtained":[{"floor":7,"key":"SkillPotion"},{"floor":10,"key":"Swift Potion"},{"floor":11,"key":"Death Potion"},{"floor":18,"key":"Block Potion"},{"floor":22,"key":"DuplicationPotion"}],"is_trial":false,"path_per_floor":["M","M","?","?","?","R","E","$","T","M","M","E","R","M","R","B",null,"M","?","M","$","M","R","E"],"character_chosen":"BEAKED_THE_CULTIST","items_purchased":["White Beast Statue"],"campfire_rested":0,"item_purchase_floors":[8],"current_hp_per_floor":[48,50,40,40,40,40,34,34,34,45,45,47,47,43,43,16,50,50,50,45,45,28,28,0,0],"gold":84,"neow_bonus":"RANDOM_COMMON_RELIC","is_daily":false,"chose_seed":false,"campfire_upgraded":3,"win_rate":0.0,"timestamp":1610188719,"path_taken":["M","M","?","?","?","R","E","$","T","M","M","E","R","M","R","BOSS","M","?","M","?","?","R","E"],"items_purchased_type":["Relic"],"build_version":"2020-12-22","purchased_purges":2,"victory":false,"max_hp_per_floor":[50,50,50,50,50,50,50,50,50,50,50,50,50,50,50,50,50,50,50,50,50,50,50,50,50],"card_choices":[{"not_picked":["beaked:Poke","beaked:Redirect"],"picked":"beaked:WarriorSpirit","floor":1},{"not_picked":["beaked:Daydream","beaked:WarriorEssence","beaked:Negation"],"picked":"SKIP","floor":2},{"not_picked":["beaked:SurvivalInstinct","beaked:WarriorEssence"],"picked":"beaked:DarkPact","floor":7},{"not_picked":["beaked:WarriorEssence","beaked:CursingBlood"],"picked":"beaked:SacrificialDive","floor":10},{"not_picked":["beaked:Cower","beaked:Redirect"],"picked":"beaked:Evade","floor":11},{"not_picked":["beaked:RuinSticks","beaked:BarbedWire"],"picked":"beaked:Hexing","floor":12},{"not_picked":["beaked:Resilience","beaked:Insight"],"picked":"beaked:RitualOfBody","floor":14},{"not_picked":["beaked:CheekyTricks","beaked:DarkTribute"],"picked":"beaked:LiftOff","floor":16},{"not_picked":["beaked:Devastation+1","beaked:Negation"],"picked":"beaked:BounceBack","floor":18},{"not_picked":["beaked:Insight","beaked:BraceForImpact"],"picked":"beaked:Brace+1","floor":20},{"not_picked":["beaked:Windmill","beaked:Flinch"],"picked":"beaked:WarriorEssence+1","floor":22}],"player_experience":285294,"relics_obtained":[{"floor":7,"key":"Blood Vial"},{"floor":12,"key":"Shuriken"}],"event_choices":[{"damage_healed":0,"gold_gain":0,"player_choice":"Entered Light","damage_taken":10,"max_hp_gain":0,"max_hp_loss":0,"event_name":"Shining Light","floor":3,"gold_loss":0,"cards_upgraded":["beaked:Defend_Y","beaked:Defend_Y"]},{"damage_healed":0,"gold_gain":175,"player_choice":"AGREE","damage_taken":0,"max_hp_gain":0,"max_hp_loss":0,"event_name":"Liars Game","floor":4,"gold_loss":0,"cards_obtained":["Doubt"]},{"cards_removed":["beaked:WarriorSpirit"],"damage_healed":0,"gold_gain":0,"player_choice":"Gave Card","damage_taken":0,"relics_obtained":["HornCleat"],"max_hp_gain":0,"max_hp_loss":0,"event_name":"WeMeetAgain","floor":5,"gold_loss":0},{"damage_healed":0,"gold_gain":0,"player_choice":"Rummage","damage_taken":0,"relics_obtained":["WarpedTongs"],"max_hp_gain":0,"max_hp_loss":0,"event_name":"Accursed Blacksmith","floor":15,"gold_loss":0,"cards_obtained":["Pain"]},{"cards_removed":["Pain"],"damage_healed":0,"gold_gain":0,"player_choice":"Upgrade and Remove","damage_taken":0,"max_hp_gain":0,"max_hp_loss":0,"event_name":"Designer","floor":19,"gold_loss":90,"cards_upgraded":["beaked:Defend_Y"]}],"is_beta":false,"boss_relics":[{"not_picked":["beaked:MawFillet","beaked:FlawlessSticks"],"picked":"ChewingGum"}],"items_purged_floors":[8,21],"is_endless":false,"potions_floor_spawned":[7,10,11,12,14,16,18,20,22],"killed_by":"Slavers","ascension_level":0}}