{"host":"ekyl8r8j8fco3zlk","time":1610168188,"event":{"mods":["ATMod(∞¢Ë™Mod)","Act Like it!","Arknights The Spire","BaseMod","CapriCore","Decade(Õı–°√˜)","Friendly Minions","Gensokyo","Hallownest","Lobotomy","LobotomyExtend","Marisa£®ÏF”Í°°ƒß¿Ì…≥£©","Minty Spire (QoL Compilation)","READ ME - Guardian Mod","Rare Cards Sparkle","Reimu£®≤©¿ˆ¡È√Œ£©","StSLib","The Alterego","The Animator","The Bug Knight","The Immortal","The Jungle","Waifu the Spire","WarShipGirlsR/’ΩΩ¢…Ÿ≈ÆR mod","°æ“≈ŒÔø®≈∆°øREMEMod"],"gold_per_floor":[111,127,127,144,159,189,189,154,154,154,168,168,168,188,188,284,284,296,312,324,324,324,25,25,25,25,37,50,50,63,178,178,374,374,389,52,64,64,77,77,77],"floor_reached":40,"playtime":1627,"items_purged":[],"score":392,"play_id":"284605e0-ba22-439f-be6b-2d1d850ce599","local_time":"20210109125628","is_ascension_mode":false,"campfire_choices":[{"data":"ats:Overload","floor":7.0,"key":"SMITH"},{"data":"ats:Curse Doll","floor":10.0,"key":"SMITH"},{"data":"ats:Neurotoxin","floor":12.0,"key":"SMITH"},{"floor":15,"key":"REST"},{"data":"ats:Calcification","floor":25,"key":"SMITH"},{"floor":29,"key":"REST"},{"floor":32,"key":"REST"}],"circlet_count":0,"master_deck":["ats:Strike C","ats:Strike G","ats:Strike S","ats:Strike V","ats:Armor Crushing Shot","ats:Defend","ats:Defend","ats:Defend","ats:Defend","ats:Emotion Absorption","AT_DarkMatter","ats:Overload+1","ats:Curse Doll+1","ats:Emotion Absorption","ats:Neurotoxin+1","ats:Powerful Strike","ats:Blood Oath","ats:Shell Defense","ats:Explosion Area Strengthen","ats:Calcification+1","ats:Flexible Camouflage","ats:Poison Spread","ats:Cat Scratch","ats:Collapsing Strike+1","ats:Revitalization+1","ats:Counter Healing Mode","ats:Shadow Assault","ats:Demon Strength","ats:Automatic Cover","ats:Healing Drone","ats:Beaten Up+1","ats:Thermite Blade+1"],"relics":["ats:Sanity Plus","AT_ATBox","REME_ComplimentaryCards","LetterFromLob","ats:Originium","CrazyTorch:ReiMu","Bottled Lightning","AT_TheCollector","REME_LimitBreaker","Cursed Key","REME_HandOfSuture"],"acts_visited":["Exordium","TheCity","TheBeyond"],"potions_floor_usage":[16,33,33,33],"damage_taken":[{"damage":0.0,"enemies":"Small Slimes","floor":1.0,"turns":3.0},{"damage":0.0,"enemies":"Cultist","floor":2.0,"turns":3.0},{"damage":2.0,"enemies":"Jaw Worm","floor":4.0,"turns":4.0},{"damage":12.0,"enemies":"Blue Slaver","floor":5.0,"turns":3.0},{"damage":22.0,"enemies":"Lagavulin","floor":6.0,"turns":6.0},{"damage":19.0,"enemies":"3 Louse","floor":11.0,"turns":3.0},{"damage":18,"enemies":"Gremlin Gang","floor":14,"turns":3},{"damage":25,"enemies":"Hexaghost","floor":16,"turns":7},{"damage":5,"enemies":"3 Byrds","floor":18,"turns":2},{"damage":28,"enemies":"2 Thieves","floor":19,"turns":4},{"damage":21,"enemies":"Snake Plant","floor":20,"turns":3},{"damage":8,"enemies":"Centurion and Healer","floor":27,"turns":5},{"damage":17,"enemies":"Cultist and Chosen","floor":28,"turns":6},{"damage":9,"enemies":"Snake Plant","floor":30,"turns":3},{"damage":21,"enemies":"Sentry and Sphere","floor":31,"turns":5},{"damage":103,"enemies":"Champ","floor":33,"turns":11},{"damage":15,"enemies":"Orb Walker","floor":35,"turns":4},{"damage":13,"enemies":"3 Shapes","floor":37,"turns":3},{"damage":65,"enemies":"Sphere and 2 Shapes","floor":39,"turns":8},{"damage":24,"enemies":"Transient","floor":40,"turns":3}],"seed_played":"7264749789740674589","potions_obtained":[{"floor":2.0,"key":"Fruit Juice"},{"floor":5.0,"key":"Block Potion"},{"floor":6.0,"key":"Weak Potion"},{"floor":14,"key":"Strength Potion"},{"floor":18,"key":"FearPotion"},{"floor":27,"key":"Weak Potion"},{"floor":31,"key":"Regen Potion"},{"floor":37,"key":"PowerPotion"},{"floor":39,"key":"GamblersBrew"}],"is_trial":false,"path_per_floor":["M","M","?","M","M","E","R","?","T","R","M","R","?","M","R","B",null,"M","M","M","?","?","$","E","R","T","M","M","R","M","M","R","B",null,"M","$","M","?","M","M"],"character_chosen":"DOCTOR_CLASS","items_purchased":["AT_TheCollector","REME_HandOfSuture","ats:Demon Strength","ats:Automatic Cover","ats:Healing Drone"],"campfire_rested":3,"item_purchase_floors":[23,36,36,36,36],"current_hp_per_floor":[79,84,84,82,70,48,48,69,69,69,50,50,50,35,60,44,84,82,58,38,38,38,38,38,38,38,38,26,51,42,28,53,22,84,69,69,56,64,22,0,0],"gold":77,"neow_bonus":"TEN_PERCENT_HP_BONUS","is_daily":false,"chose_seed":false,"campfire_upgraded":4,"win_rate":0.0,"timestamp":1610168188,"path_taken":["M","M","?","?","M","E","R","?","T","R","M","R","?","M","R","BOSS","M","M","M","?","?","$","E","R","T","?","M","R","?","M","R","BOSS","M","$","M","?","M","M"],"items_purchased_type":["Relic","Relic","Card","Card","Card"],"build_version":"2020-12-22","purchased_purges":0,"victory":false,"max_hp_per_floor":[79,84,84,84,84,84,84,84,84,84,84,84,84,84,84,84,84,84,84,84,84,84,84,84,84,84,84,84,84,84,84,84,84,84,84,84,84,84,84,84,84],"card_choices":[{"not_picked":["ats:Soul Absorption","ats:Revitalization"],"picked":"ats:Overload","floor":1.0},{"not_picked":["ats:Thorns","ats:Leaping Hammer"],"picked":"ats:Curse Doll","floor":2.0},{"not_picked":["ats:Assault Order","ats:Closed Bolt Burst Fire"],"picked":"ats:Neurotoxin","floor":4.0},{"not_picked":["ats:Chain Hook","ats:Healing Drone"],"picked":"ats:Powerful Strike","floor":5.0},{"not_picked":["ats:Spore Proliferation","ats:Assault Order"],"picked":"ats:Blood Oath","floor":6.0},{"not_picked":["ats:Overload","ats:Flame Of Heaven"],"picked":"ats:Shell Defense","floor":11.0},{"not_picked":["ats:Overload","ats:Poison Spread"],"picked":"ats:Explosion Area Strengthen","floor":14},{"not_picked":["ats:Echo Reverb","ats:Shadow Assault"],"picked":"ats:Calcification","floor":16},{"not_picked":["ats:Demon Strength","ats:Explosion Area Strengthen","ats:Neurotoxin"],"picked":"SKIP","floor":18},{"not_picked":["ats:Very Hot Blade","ats:Childhood Dance+1"],"picked":"ats:Flexible Camouflage","floor":19},{"not_picked":["ats:Composite Medical Shells","ats:Burning Ground"],"picked":"ats:Poison Spread","floor":20},{"not_picked":["ats:Ignite","ats:Sunburst"],"picked":"ats:Cat Scratch","floor":27},{"not_picked":["ats:Wolf Pack","ats:Explosion Area Strengthen"],"picked":"ats:Collapsing Strike+1","floor":28},{"not_picked":["ats:Flame Of Heaven","ats:Healing Strengthening+1"],"picked":"ats:Revitalization+1","floor":30},{"not_picked":["ats:Leaping Hammer","ats:Explosion Area Strengthen"],"picked":"ats:Counter Healing Mode","floor":31},{"not_picked":["ats:Echo Reverb","ats:Wolf Pack"],"picked":"ats:Shadow Assault","floor":33},{"not_picked":["ats:LN2 Cannon","ats:Leaping Hammer","ats:Hammer On"],"picked":"SKIP","floor":35},{"not_picked":["ats:Automatic Cover+1","ats:Curse Doll+1"],"picked":"ats:Beaten Up+1","floor":37},{"not_picked":["ats:Explosion Area Strengthen","ats:Revitalization+1"],"picked":"ats:Thermite Blade+1","floor":39}],"player_experience":835969,"relics_obtained":[{"floor":1.0,"key":"LetterFromLob"},{"floor":6.0,"key":"ats:Originium"},{"floor":6.0,"key":"CrazyTorch:ReiMu"},{"floor":9.0,"key":"Bottled Lightning"},{"floor":26,"key":"REME_LimitBreaker"}],"event_choices":[{"damage_healed":21.0,"max_hp_gain":0.0,"max_hp_loss":0.0,"gold_gain":0.0,"event_name":"The Cleric","player_choice":"Healed","floor":8.0,"gold_loss":35.0,"damage_taken":0.0},{"damage_healed":0,"gold_gain":0,"player_choice":"Ignored","damage_taken":0,"max_hp_gain":0,"max_hp_loss":0,"event_name":"Liars Game","floor":13,"gold_loss":0},{"damage_healed":0,"gold_gain":0,"player_choice":"Ignored","damage_taken":0,"max_hp_gain":0,"max_hp_loss":0,"event_name":"Vampires","floor":21,"gold_loss":0},{"damage_healed":0,"gold_gain":0,"player_choice":"Ignored","damage_taken":0,"max_hp_gain":0,"max_hp_loss":0,"event_name":"Transmorgrifier","floor":22,"gold_loss":0}],"is_beta":false,"boss_relics":[{"not_picked":["Philosopher\u0027s Stone","ats:Tactical Delivery"],"picked":"ats:Sanity Plus"},{"not_picked":["Pandora\u0027s Box","Busted Crown"],"picked":"Cursed Key"}],"items_purged_floors":[],"is_endless":false,"potions_floor_spawned":[2,5,6,14,18,27,31,37,39],"killed_by":"Transient","ascension_level":0}}