{"host":"hgkb2zpbo2dcws21","time":1610184588,"event":{"mods":["AchievementEnabler","BaseMod","Colored Map","Colored Powertips","Custom Start","DeckTracker","KOR Keyword Fix","Minty Spire (QoL Compilation)","Relic Stats","StSLib","SuperFastMode"],"gold_per_floor":[114,114,114,29,29,55,75,75,75,75,93,125,125,140,140,214,214,228,228,278,203,203,230,246,246,246,246,262,294,294,323,323,323,323],"floor_reached":33,"playtime":716,"items_purged":["Conclude"],"score":710,"play_id":"730feb8c-1b3b-4572-8505-35c66ce1277a","local_time":"20210109182948","is_ascension_mode":true,"campfire_choices":[{"data":"Eruption","floor":8.0,"key":"SMITH"},{"data":"MentalFortress","floor":10.0,"key":"SMITH"},{"floor":13.0,"key":"REST"},{"floor":15,"key":"REST"},{"floor":25,"key":"REST"},{"floor":30,"key":"REST"},{"floor":32,"key":"REST"}],"circlet_count":0,"master_deck":["AscendersBane","Eruption+1","Vigilance","MentalFortress+1","CarveReality","EmptyFist","ConjureBlade+1","Evaluate+1","ConjureBlade+1","Ragnarok","Scrawl+1","Consecrate","WindmillStrike","SpiritShield+1","Blasphemy+1","Pray+1","ClearTheMind+1","Adaptation","EmptyMind+1","Prostrate+1"],"relics":["PureWater","NeowsBlessing","Ancient Tea Set","Oddly Smooth Stone","Sundial","Toxic Egg 2","Pandora\u0027s Box","Lizard Tail","Happy Flower","Pear","Question Card","Ice Cream"],"acts_visited":["Exordium","TheCity"],"potions_floor_usage":[],"damage_taken":[{"damage":0.0,"enemies":"2 Louse","floor":1.0,"turns":1.0},{"damage":0.0,"enemies":"3 Sentries","floor":6.0,"turns":2.0},{"damage":0.0,"enemies":"Jaw Worm","floor":7.0,"turns":1.0},{"damage":0.0,"enemies":"Small Slimes","floor":11.0,"turns":2.0},{"damage":12.0,"enemies":"Gremlin Nob","floor":12.0,"turns":3.0},{"damage":2,"enemies":"Blue Slaver","floor":14,"turns":3},{"damage":0,"enemies":"Slime Boss","floor":16,"turns":5},{"damage":0,"enemies":"Spheric Guardian","floor":18,"turns":2},{"damage":100025,"enemies":"Slavers","floor":23,"turns":4},{"damage":18,"enemies":"Shell Parasite","floor":24,"turns":3},{"damage":4,"enemies":"Snake Plant","floor":28,"turns":3},{"damage":39,"enemies":"Gremlin Leader","floor":29,"turns":6},{"damage":23,"enemies":"Slavers","floor":31,"turns":2},{"damage":33,"enemies":"Champ","floor":33,"turns":3}],"seed_played":"7930258554113679141","potions_obtained":[{"floor":6.0,"key":"Weak Potion"},{"floor":12.0,"key":"SteroidPotion"},{"floor":23,"key":"Dexterity Potion"}],"is_trial":false,"path_per_floor":["M","?","?","$","?","E","M","R","T","R","M","E","R","M","R","B",null,"M","?","?","$","T","E","M","R","T","?","M","E","R","E","R","B"],"character_chosen":"WATCHER","items_purchased":["MentalFortress"],"campfire_rested":5,"item_purchase_floors":[4],"current_hp_per_floor":[61,54,34,34,16,16,16,16,16,16,16,4,24,22,42,42,62,62,43,43,43,43,35,17,38,48,48,44,5,29,6,30,0,0],"gold":323,"neow_bonus":"THREE_ENEMY_KILL","is_daily":false,"chose_seed":false,"campfire_upgraded":2,"win_rate":0.0,"timestamp":1610184588,"path_taken":["M","?","?","$","?","E","M","R","T","R","M","E","R","M","R","BOSS","M","?","?","$","?","E","M","R","T","?","M","E","R","E","R","BOSS"],"items_purchased_type":["Card"],"build_version":"2020-12-22","purchased_purges":1,"victory":false,"max_hp_per_floor":[68,68,68,68,68,68,68,68,68,68,68,68,68,68,68,68,68,68,73,73,73,73,73,73,73,83,83,83,83,83,83,83,83,83],"relic_stats":{"Lizard Tail":36,"Happy Flower":[5],"counters":[14,40],"Sundial":[6],"Pandora\u0027s Box":["Ragnarok","Scrawl","Consecrate","WindmillStrike","SpiritShield","Blasphemy","Conclude"],"Question Card":1,"obtain_stats":[{"Ice Cream":31,"Lizard Tail":22,"Pear":26,"NeowsBlessing":0,"Happy Flower":23,"Sundial":9,"Oddly Smooth Stone":6,"Pandora\u0027s Box":17,"PureWater":0,"Toxic Egg 2":12,"Ancient Tea Set":5,"Question Card":29},{"Ice Cream":13,"Lizard Tail":8,"Pear":10,"NeowsBlessing":0,"Happy Flower":9,"Sundial":3,"Oddly Smooth Stone":2,"Pandora\u0027s Box":7,"PureWater":0,"Toxic Egg 2":5,"Ancient Tea Set":1,"Question Card":12},{"Ice Cream":37,"Lizard Tail":19,"Pear":26,"NeowsBlessing":0,"Happy Flower":23,"Sundial":4,"Oddly Smooth Stone":3,"Pandora\u0027s Box":17,"PureWater":0,"Toxic Egg 2":9,"Ancient Tea Set":1,"Question Card":35}]},"card_choices":[{"not_picked":["Halt","CutThroughFate","Evaluate"],"picked":"SKIP","floor":1.0},{"not_picked":["ThirdEye","ClearTheMind","Crescendo"],"picked":"SKIP","floor":6.0},{"not_picked":["Crescendo","ClearTheMind"],"picked":"CarveReality","floor":7.0},{"not_picked":["Evaluate","BowlingBash"],"picked":"EmptyFist","floor":11.0},{"not_picked":["CarveReality","CrushJoints"],"picked":"ConjureBlade+1","floor":12.0},{"not_picked":["PathToVictory+1","SashWhip"],"picked":"Evaluate+1","floor":14},{"not_picked":["Judgement+1","Devotion"],"picked":"ConjureBlade+1","floor":16},{"not_picked":["SashWhip","WaveOfTheHand+1"],"picked":"Pray+1","floor":18},{"not_picked":["WreathOfFlame+1","Protect+1","WaveOfTheHand+1"],"picked":"SKIP","floor":23},{"not_picked":["JustLucky+1","BowlingBash"],"picked":"ClearTheMind+1","floor":24},{"not_picked":["FollowUp","MasterReality"],"picked":"Adaptation","floor":28},{"not_picked":["Vengeance+1","WheelKick"],"picked":"EmptyMind+1","floor":29},{"not_picked":["BattleHymn","Crescendo+1","TalkToTheHand+1"],"picked":"Prostrate+1","floor":31}],"player_experience":1135307,"relics_obtained":[{"floor":6.0,"key":"Oddly Smooth Stone"},{"floor":9.0,"key":"Sundial"},{"floor":12.0,"key":"Toxic Egg 2"},{"floor":22,"key":"Lizard Tail"},{"floor":23,"key":"Happy Flower"},{"floor":26,"key":"Pear"},{"floor":29,"key":"Question Card"},{"floor":31,"key":"Ice Cream"}],"event_choices":[{"cards_removed":["Defend_P"],"damage_healed":0.0,"max_hp_gain":0.0,"max_hp_loss":0.0,"gold_gain":0.0,"event_name":"Golden Wing","player_choice":"Card Removal","floor":2.0,"gold_loss":0.0,"damage_taken":7.0},{"damage_healed":0.0,"max_hp_gain":0.0,"max_hp_loss":0.0,"gold_gain":0.0,"event_name":"Shining Light","player_choice":"Entered Light","floor":3.0,"gold_loss":0.0,"damage_taken":20.0,"cards_upgraded":["Defend_P","Strike_P"]},{"damage_healed":0.0,"max_hp_gain":0.0,"max_hp_loss":0.0,"gold_gain":0.0,"event_name":"Scrap Ooze","player_choice":"Success","floor":5.0,"gold_loss":0.0,"damage_taken":18.0,"relics_obtained":["Ancient Tea Set"]},{"damage_healed":0,"gold_gain":0,"player_choice":"Shed Blood","damage_taken":24,"max_hp_gain":5,"max_hp_loss":0,"event_name":"Forgotten Altar","floor":19,"gold_loss":0},{"damage_healed":0,"gold_gain":50,"player_choice":"Stole From Cult","damage_taken":0,"max_hp_gain":0,"max_hp_loss":0,"event_name":"Nest","floor":20,"gold_loss":0},{"damage_healed":0,"gold_gain":0,"player_choice":"Ignored","damage_taken":0,"max_hp_gain":0,"max_hp_loss":0,"event_name":"Cursed Tome","floor":27,"gold_loss":0}],"is_beta":false,"boss_relics":[{"not_picked":["Ectoplasm","SacredBark"],"picked":"Pandora\u0027s Box"}],"items_purged_floors":[21],"is_endless":false,"potions_floor_spawned":[6,12,23,31],"killed_by":"Champ","ascension_level":17}}