{"host":"g7trc0x2teqyd8ye","time":1610233387,"event":{"mods":["BaseMod","Key Reminder","Minty Spire (QoL Compilation)","Relic Stats"],"gold_per_floor":[114,114,114,114,114,114,150,202,272,292,307,60,73,112,112,232,232,251,251,276,1,20,20,35,70,70,70,113,134,172,187,187,307,307,322,322,0,63,88,132,132,465,465,465,499,499,510,51,51,51],"floor_reached":51,"playtime":2196,"items_purged":["Gash","Gash"],"score":1578,"play_id":"4008bdaa-9979-4a35-bfdb-7c5be128f22c","local_time":"20210110000307","is_ascension_mode":true,"campfire_choices":[{"data":"Loop","floor":6,"key":"SMITH"},{"data":"Dualcast","floor":15,"key":"SMITH"},{"floor":23,"key":"REST"},{"floor":32,"key":"REST"},{"data":"Doom and Gloom","floor":41,"key":"SMITH"},{"data":"FTL","floor":44,"key":"SMITH"},{"data":"Flash of Steel","floor":46,"key":"SMITH"},{"data":"Melter","floor":49,"key":"SMITH"}],"circlet_count":0,"master_deck":["AscendersBane","Zap+1","Dualcast+1","Doom and Gloom+1","Loop+1","Injury","Hologram","Rebound","Chill+1","Aggregate+1","Darkness+1","Fission+1","Static Discharge+1","Force Field+1","Melter+1","Darkness+1","Consume+1","Cold Snap+1","Necronomicurse","Conserve Battery+1","Coolheaded+1","Heatsinks+1","Stack+1","Redo+1","Self Repair+1","Streamline+1","Shame","Machine Learning+1","Force Field+1","Cold Snap","Chill+1","Seek+1","Redo+1","Finesse+1","Secret Technique+1","Flash of Steel+1","FTL+1","Glacier+1","Static Discharge+1","Consume+1","Multi-Cast+1","Finesse+1"],"relics":["FrozenCore","NeowsBlessing","FossilizedHelix","Anchor","Strawberry","Frozen Egg 2","Toxic Egg 2","The Courier","Pandora\u0027s Box","Necronomicon","Membership Card","War Paint","Happy Flower","Toy Ornithopter","Kunai","Cables","Bottled Flame","Bag of Marbles","Ornamental Fan","CaptainsWheel","Prayer Wheel","Darkstone Periapt","keyreminder:keyreminder","Incense Burner","Turnip","Pen Nib","Bottled Tornado","Thread and Needle","Cauldron"],"acts_visited":["Exordium","TheCity","TheBeyond"],"potions_floor_usage":[16,22,22,25,25,33,38,50,50],"damage_taken":[{"damage":0,"enemies":"Jaw Worm","floor":1,"turns":1},{"damage":0,"enemies":"Gremlin Nob","floor":7,"turns":1},{"damage":0,"enemies":"2 Louse","floor":10,"turns":1},{"damage":0,"enemies":"Small Slimes","floor":11,"turns":3},{"damage":9,"enemies":"Exordium Wildlife","floor":13,"turns":4},{"damage":1,"enemies":"3 Sentries","floor":14,"turns":7},{"damage":0,"enemies":"Slime Boss","floor":16,"turns":6},{"damage":21,"enemies":"2 Thieves","floor":18,"turns":4},{"damage":1,"enemies":"3 Byrds","floor":20,"turns":2},{"damage":9,"enemies":"Snake Plant","floor":22,"turns":2},{"damage":0,"enemies":"3 Cultists","floor":24,"turns":5},{"damage":15,"enemies":"Gremlin Leader","floor":25,"turns":4},{"damage":14,"enemies":"Book of Stabbing","floor":28,"turns":4},{"damage":9,"enemies":"Chosen and Byrds","floor":29,"turns":4},{"damage":0,"enemies":"Slavers","floor":30,"turns":3},{"damage":0,"enemies":"Shelled Parasite and Fungi","floor":31,"turns":2},{"damage":40,"enemies":"Automaton","floor":33,"turns":8},{"damage":0,"enemies":"3 Shapes","floor":35,"turns":3},{"damage":0,"enemies":"2 Orb Walkers","floor":38,"turns":4},{"damage":0,"enemies":"3 Darklings","floor":39,"turns":3},{"damage":0,"enemies":"Nemesis","floor":40,"turns":5},{"damage":16,"enemies":"Reptomancer","floor":45,"turns":8},{"damage":0,"enemies":"Maw","floor":47,"turns":3},{"damage":0,"enemies":"Donu and Deca","floor":50,"turns":4}],"seed_played":"-2822285955458647827","potions_obtained":[{"floor":7,"key":"FearPotion"},{"floor":10,"key":"Fruit Juice"},{"floor":16,"key":"CultistPotion"},{"floor":18,"key":"SkillPotion"},{"floor":22,"key":"FearPotion"},{"floor":24,"key":"Explosive Potion"},{"floor":25,"key":"Explosive Potion"},{"floor":33,"key":"PotionOfCapacity"},{"floor":35,"key":"SkillPotion"}],"is_trial":false,"path_per_floor":["M","?","?","?","?","R","E","T","T","M","M","$","M","E","R","B",null,"M","?","M","$","M","R","M","E","T","?","E","M","E","M","R","B",null,"M","?","$","?","M","E","R","?","T","R","E","R","M","$","R","B",null],"character_chosen":"DEFECT","items_purchased":["Toxic Egg 2","Membership Card","Coolheaded+1","War Paint","Heatsinks+1","Stack+1","FTL","Bag of Marbles","Ornamental Fan","CaptainsWheel","Pen Nib","Bottled Tornado","Finesse+1","DistilledChaos","Thread and Needle","Cauldron"],"campfire_rested":2,"item_purchase_floors":[12,21,21,21,21,21,37,37,37,37,48,48,48,48,48,48],"current_hp_per_floor":[68,68,53,53,41,41,41,48,48,48,48,48,39,38,38,43,76,55,39,38,38,29,55,55,40,40,40,36,37,37,37,63,38,75,85,75,75,80,80,87,87,87,87,87,81,81,81,81,81,87],"gold":51,"neow_bonus":"THREE_ENEMY_KILL","is_daily":false,"chose_seed":false,"campfire_upgraded":6,"win_rate":0.0,"timestamp":1610233387,"path_taken":["M","?","?","?","?","R","E","?","T","?","M","?","M","E","R","BOSS","M","?","M","$","M","R","M","E","T","?","E","?","E","M","R","BOSS","M","?","$","?","M","E","R","?","T","R","E","R","M","$","R","BOSS"],"items_purchased_type":["Relic","Relic","Card","Relic","Card","Card","Card","Relic","Relic","Relic","Relic","Relic","Card","Potion","Relic","Relic"],"build_version":"2020-12-22","purchased_purges":2,"victory":true,"max_hp_per_floor":[75,75,75,75,75,75,75,82,82,82,82,82,82,82,82,87,87,87,87,87,87,87,87,87,87,87,87,87,87,87,87,87,87,87,87,87,87,87,87,87,87,87,87,87,87,87,87,87,87,87],"relic_stats":{"Darkstone Periapt":0,"Happy Flower":[17],"counters":[24,90],"Pen Nib":[1],"War Paint":["Zap","Chill"],"FrozenCore":[3],"Cables":[41,2,13,26,0],"Ornamental Fan":[20],"Pandora\u0027s Box":["Static Discharge","Force Field","Melter","Gash","Darkness","Consume","Gash"],"Prayer Wheel":2,"Turnip":[4],"Necronomicon":[23],"Kunai":[7],"obtain_stats":[{"Darkstone Periapt":40,"Incense Burner":43,"Bottled Tornado":48,"FrozenCore":34,"Strawberry":8,"Prayer Wheel":38,"Necronomicon":19,"Kunai":27,"Toxic Egg 2":12,"Cracked Core":0,"NeowsBlessing":0,"Happy Flower":25,"Golden Idol":4,"Thread and Needle":48,"The Courier":14,"Pen Nib":48,"Frozen Egg 2":9,"War Paint":21,"Cables":28,"keyreminder:keyreminder":40,"Cauldron":48,"Anchor":7,"Bottled Flame":30,"CaptainsWheel":37,"Ornamental Fan":37,"Pandora\u0027s Box":17,"Turnip":45,"Bag of Marbles":37,"Membership Card":21,"FossilizedHelix":5,"Toy Ornithopter":26},{"Darkstone Periapt":21,"Incense Burner":21,"Bottled Tornado":23,"FrozenCore":17,"Strawberry":2,"Prayer Wheel":19,"Necronomicon":8,"Kunai":12,"Toxic Egg 2":4,"Cracked Core":0,"NeowsBlessing":0,"Happy Flower":12,"Golden Idol":1,"Thread and Needle":23,"The Courier":6,"Pen Nib":23,"Frozen Egg 2":2,"War Paint":9,"Cables":13,"keyreminder:keyreminder":21,"Cauldron":23,"Anchor":2,"Bottled Flame":15,"CaptainsWheel":18,"Ornamental Fan":18,"Pandora\u0027s Box":7,"Turnip":22,"Bag of Marbles":18,"Membership Card":9,"FossilizedHelix":1,"Toy Ornithopter":12},{"Darkstone Periapt":75,"Incense Burner":75,"Bottled Tornado":86,"FrozenCore":60,"Strawberry":2,"Prayer Wheel":67,"Necronomicon":26,"Kunai":39,"Toxic Egg 2":6,"Cracked Core":0,"NeowsBlessing":0,"Happy Flower":39,"Golden Idol":1,"Thread and Needle":86,"The Courier":17,"Pen Nib":86,"Frozen Egg 2":2,"War Paint":28,"Cables":43,"keyreminder:keyreminder":75,"Cauldron":86,"Anchor":2,"Bottled Flame":50,"CaptainsWheel":63,"Ornamental Fan":63,"Pandora\u0027s Box":23,"Turnip":83,"Bag of Marbles":63,"Membership Card":28,"FossilizedHelix":1,"Toy Ornithopter":39}],"Toy Ornithopter":16},"card_choices":[{"not_picked":["Sweeping Beam","Steam"],"picked":"Doom and Gloom","floor":1},{"not_picked":["Beam Cell","Turbo"],"picked":"Hologram","floor":7},{"not_picked":["Skim","Go for the Eyes"],"picked":"Rebound","floor":10},{"not_picked":["Go for the Eyes","Scrape"],"picked":"Chill","floor":11},{"not_picked":["Blizzard","Melter"],"picked":"Aggregate+1","floor":13},{"not_picked":["Turbo+1","Compile Driver"],"picked":"Darkness+1","floor":14},{"not_picked":["Seek+1","Electrodynamics+1"],"picked":"Fission+1","floor":16},{"not_picked":["Auto Shields+1","Hologram+1"],"picked":"Cold Snap+1","floor":18},{"not_picked":["Hologram+1","Sweeping Beam"],"picked":"Conserve Battery+1","floor":20},{"not_picked":["Coolheaded+1","Compile Driver"],"picked":"Redo+1","floor":22},{"not_picked":["Streamline","BootSequence+1"],"picked":"Self Repair+1","floor":24},{"not_picked":["Melter","Chill+1"],"picked":"Streamline+1","floor":25},{"not_picked":["Fusion+1","Cold Snap"],"picked":"Machine Learning+1","floor":28},{"not_picked":["Turbo+1","Cold Snap"],"picked":"Force Field+1","floor":29},{"not_picked":["Beam Cell","Turbo+1"],"picked":"Cold Snap","floor":30},{"not_picked":["Hologram+1","Streamline+1"],"picked":"Chill+1","floor":31},{"not_picked":["Electrodynamics+1","All For One"],"picked":"Seek+1","floor":33},{"not_picked":["Rebound+1","Leap+1"],"picked":"Redo+1","floor":35},{"not_picked":["Enlightenment+1","Jack Of All Trades+1"],"picked":"Finesse+1","floor":36},{"not_picked":["Dark Shackles+1","Madness+1"],"picked":"Secret Technique+1","floor":36},{"not_picked":["Jack Of All Trades+1","Swift Strike"],"picked":"Flash of Steel","floor":36},{"not_picked":["Streamline+1","Steam+1"],"picked":"Glacier+1","floor":39},{"not_picked":["Cold Snap+1","Turbo+1"],"picked":"Static Discharge+1","floor":39},{"not_picked":["Compile Driver","Beam Cell"],"picked":"Consume+1","floor":40},{"not_picked":["Compile Driver","Cold Snap"],"picked":"Multi-Cast+1","floor":45},{"not_picked":["Turbo+1","Go for the Eyes+1","Rebound+1"],"picked":"SKIP","floor":47},{"not_picked":["Coolheaded+1","Sunder","Doom and Gloom+1"],"picked":"SKIP","floor":47}],"player_experience":895021,"relics_obtained":[{"floor":7,"key":"Anchor"},{"floor":8,"key":"Strawberry"},{"floor":9,"key":"Frozen Egg 2"},{"floor":14,"key":"The Courier"},{"floor":19,"key":"Necronomicon"},{"floor":25,"key":"Happy Flower"},{"floor":26,"key":"Toy Ornithopter"},{"floor":28,"key":"Cables"},{"floor":30,"key":"Bottled Flame"},{"floor":38,"key":"Prayer Wheel"},{"floor":40,"key":"Darkstone Periapt"},{"floor":43,"key":"Incense Burner"},{"floor":45,"key":"Turnip"}],"event_choices":[{"damage_healed":0,"gold_gain":0,"cards_transformed":["Strike_B"],"player_choice":"Change","damage_taken":0,"max_hp_gain":0,"max_hp_loss":0,"event_name":"Living Wall","floor":2,"gold_loss":0,"cards_obtained":["Loop"]},{"damage_healed":0,"gold_gain":0,"player_choice":"Entered Light","damage_taken":15,"max_hp_gain":0,"max_hp_loss":0,"event_name":"Shining Light","floor":3,"gold_loss":0,"cards_upgraded":["Defend_B","Strike_B"]},{"damage_healed":0,"gold_gain":0,"player_choice":"Take Wound","damage_taken":0,"relics_obtained":["Golden Idol"],"max_hp_gain":0,"max_hp_loss":0,"event_name":"Golden Idol","floor":4,"gold_loss":0,"cards_obtained":["Injury"]},{"damage_healed":0,"gold_gain":0,"player_choice":"Success","damage_taken":12,"relics_obtained":["FossilizedHelix"],"max_hp_gain":0,"max_hp_loss":0,"event_name":"Scrap Ooze","floor":5,"gold_loss":0},{"damage_healed":0,"gold_gain":0,"player_choice":"Obtained Book","damage_taken":16,"max_hp_gain":0,"max_hp_loss":0,"event_name":"Cursed Tome","floor":19,"gold_loss":0},{"damage_healed":0,"gold_gain":0,"player_choice":"Stole Relic","damage_taken":0,"relics_obtained":["Kunai"],"max_hp_gain":0,"max_hp_loss":0,"event_name":"Addict","floor":27,"gold_loss":0,"cards_obtained":["Shame"]},{"damage_healed":0,"gold_gain":0,"player_choice":"Memory 3","damage_taken":10,"max_hp_gain":0,"max_hp_loss":0,"event_name":"SensoryStone","floor":36,"gold_loss":0},{"damage_healed":0,"gold_gain":0,"player_choice":"Fight","damage_taken":0,"max_hp_gain":0,"max_hp_loss":0,"event_name":"Mysterious Sphere","floor":38,"gold_loss":0},{"damage_healed":0,"gold_gain":333,"player_choice":"Gave Idol","damage_taken":0,"max_hp_gain":0,"max_hp_loss":0,"event_name":"The Moai Head","floor":42,"relics_lost":["Golden Idol"],"gold_loss":0}],"is_beta":false,"boss_relics":[{"not_picked":["Tiny House","Snecko Eye"],"picked":"Pandora\u0027s Box"},{"not_picked":["SacredBark","Busted Crown"],"picked":"FrozenCore"}],"items_purged_floors":[21,48],"is_endless":false,"potions_floor_spawned":[7,10,16,18,22,24,25,33,35],"ascension_level":11}}