{"host":"pl1fbpkom0aq337f","time":1610192491,"event":{"mods":["AchievementEnabler","BaseMod","Colored Map","Minty Spire (QoL Compilation)"],"gold_per_floor":[110,110,14,14,14,14,47,59,59,59,59,73,107,34,65,77,77,182,182,200,215,58,58,58,89,106,106,106,106,132,132,147,172,188,188,188,286,286,299,318,173,173,223,241,241,269,289,316,316,316,331,351,160,160,190,190,190,190,190,34,69,69],"floor_reached":63,"playtime":4564,"items_purged":["Footwork","Bane"],"score":2205,"play_id":"373aed24-1b47-4111-a490-f868cb0fd879","local_time":"20210109124131","is_ascension_mode":true,"campfire_choices":[{"data":"Blade Dance","floor":6.0,"key":"SMITH"},{"data":"Noxious Fumes","floor":11.0,"key":"SMITH"},{"data":"Cloak And Dagger","floor":17.0,"key":"SMITH"},{"floor":27.0,"key":"REST"},{"data":"After Image","floor":31.0,"key":"SMITH"},{"data":"Well Laid Plans","floor":35.0,"key":"SMITH"},{"data":"Leg Sweep","floor":36.0,"key":"SMITH"},{"data":"Envenom","floor":45.0,"key":"SMITH"},{"floor":50.0,"key":"RECALL"},{"data":"Blade Dance","floor":56.0,"key":"SMITH"},{"data":"Adrenaline","floor":59.0,"key":"SMITH"}],"circlet_count":0,"master_deck":["AscendersBane","Strike_G","Strike_G","Strike_G","Strike_G","Defend_G","Defend_G","Defend_G","Survivor","Neutralize+1","Blade Dance+1","Dagger Spray","Noxious Fumes+1","Cloak And Dagger+1","Leg Sweep+1","Well Laid Plans+1","Dodge and Roll+1","Blur","After Image+1","Unload+1","Burst+1","Phantasmal Killer+1","Endless Agony+1","PiercingWail","Corpse Explosion+1","Blade Dance+1","Adrenaline+1","Dodge and Roll+1","Envenom+1","Blade Dance+1","Blade Dance","Dark Shackles","Violence"],"relics":["Ring of the Snake","NeowsBlessing","Pantograph","StrikeDummy","Letter Opener","Kunai","Thread and Needle","Paper Crane","Astrolabe","Regal Pillow","Oddly Smooth Stone","FossilizedHelix","Art of War","Akabeko","Black Star","StoneCalendar","Vajra","War Paint","Omamori","Torii","Turnip","Snake Skull","Sling","Anchor","Happy Flower"],"acts_visited":["Exordium","TheCity","TheBeyond","TheEnding"],"potions_floor_usage":[61,62,62],"damage_taken":[{"damage":0.0,"enemies":"2 Louse","floor":1.0,"turns":1.0},{"damage":0.0,"enemies":"Lagavulin","floor":7.0,"turns":1.0},{"damage":0.0,"enemies":"Small Slimes","floor":8.0,"turns":1.0},{"damage":0.0,"enemies":"Jaw Worm","floor":12.0,"turns":3.0},{"damage":8.0,"enemies":"Gremlin Nob","floor":13.0,"turns":3.0},{"damage":6.0,"enemies":"3 Sentries","floor":15.0,"turns":6.0},{"damage":19.0,"enemies":"Gremlin Gang","floor":16.0,"turns":4.0},{"damage":11.0,"enemies":"Hexaghost","floor":18.0,"turns":11.0},{"damage":1.0,"enemies":"Chosen","floor":20.0,"turns":4.0},{"damage":0.0,"enemies":"Shell Parasite","floor":21.0,"turns":6.0},{"damage":13.0,"enemies":"Slavers","floor":25.0,"turns":6.0},{"damage":11.0,"enemies":"Snecko","floor":26.0,"turns":6.0},{"damage":0.0,"enemies":"Book of Stabbing","floor":30.0,"turns":8.0},{"damage":5.0,"enemies":"Shelled Parasite and Fungi","floor":32.0,"turns":6.0},{"damage":4.0,"enemies":"Slavers","floor":33.0,"turns":6.0},{"damage":0.0,"enemies":"Snake Plant","floor":34.0,"turns":6.0},{"damage":0.0,"enemies":"Champ","floor":37.0,"turns":13.0},{"damage":0.0,"enemies":"3 Shapes","floor":39.0,"turns":2.0},{"damage":0.0,"enemies":"Orb Walker","floor":40.0,"turns":3.0},{"damage":7.0,"enemies":"Mind Bloom Boss Battle","floor":43.0,"turns":8.0},{"damage":0.0,"enemies":"Maw","floor":44.0,"turns":7.0},{"damage":2.0,"enemies":"Giant Head","floor":46.0,"turns":8.0},{"damage":0.0,"enemies":"4 Shapes","floor":47.0,"turns":4.0},{"damage":0.0,"enemies":"Reptomancer","floor":48.0,"turns":7.0},{"damage":0.0,"enemies":"Jaw Worm Horde","floor":51.0,"turns":3.0},{"damage":0.0,"enemies":"Transient","floor":52.0,"turns":5.0},{"damage":8.0,"enemies":"Giant Head","floor":55.0,"turns":8.0},{"damage":10.0,"enemies":"Awakened One","floor":57.0,"turns":15.0},{"damage":12,"enemies":"Shield and Spear","floor":61,"turns":6},{"damage":53,"enemies":"The Heart","floor":62,"turns":9}],"seed_played":"-3597414009173618256","potions_obtained":[{"floor":1.0,"key":"Ancient Potion"},{"floor":7.0,"key":"FearPotion"},{"floor":16.0,"key":"Explosive Potion"},{"floor":25.0,"key":"DuplicationPotion"},{"floor":28.0,"key":"PowerPotion"},{"floor":47.0,"key":"Weak Potion"},{"floor":51.0,"key":"Ancient Potion"},{"floor":55.0,"key":"EssenceOfSteel"},{"floor":61,"key":"CultistPotion"}],"is_trial":false,"path_per_floor":["M","?","$","?","$","R","E","M","T","T","R","M","E","$","E","M","R","B",null,"M","M","$","?","$","E","M","R","?","T","E","R","M","E","M","R","R","B",null,"M","M","$","?","?","M","R","E","M","E","T","R","M","M","$","?","E","R","B",null,"R","$","E","B",null],"character_chosen":"THE_SILENT","items_purchased":["Blade Dance","Dagger Spray","Well Laid Plans","Regal Pillow","Envenom","Dark Shackles","Sling"],"campfire_rested":1,"item_purchase_floors":[3,3,14,22,41,53,60],"current_hp_per_floor":[63,56,56,56,56,56,56,56,56,56,56,56,48,48,42,23,23,37,62,61,61,61,48,48,35,24,61,61,61,61,61,56,52,52,52,52,75,75,75,75,75,75,68,68,68,66,66,66,66,66,66,66,66,66,58,58,65,73,73,73,61,22],"gold":69,"neow_bonus":"THREE_ENEMY_KILL","is_daily":false,"chose_seed":false,"campfire_upgraded":9,"win_rate":0.0,"timestamp":1610192491,"path_taken":["M","?","$","?","?","R","E","M","T","T","R","M","E","$","E","M","R","BOSS","M","?","?","?","$","E","M","R","?","T","E","R","M","E","M","R","R","BOSS","M","M","?","?","?","M","R","E","M","E","T","R","M","M","$","?","E","R","BOSS","R","$","E","BOSS"],"items_purchased_type":["Card","Card","Card","Relic","Card","Card","Relic"],"build_version":"2020-12-22","purchased_purges":2,"victory":true,"max_hp_per_floor":[70,70,70,70,70,70,70,70,70,70,70,70,70,70,70,70,70,70,70,70,70,70,75,75,75,75,75,75,75,75,75,75,75,75,75,75,75,75,75,75,75,75,75,75,75,75,75,75,75,75,75,75,75,75,75,75,75,75,75,75,75,75],"card_choices":[{"not_picked":["Infinite Blades","Sucker Punch"],"picked":"Bane","floor":1.0},{"not_picked":["Backflip","Slice"],"picked":"Noxious Fumes","floor":7.0},{"not_picked":["Dagger Spray","Prepared"],"picked":"Footwork","floor":8.0},{"not_picked":["Dodge and Roll","Accuracy"],"picked":"Cloak And Dagger","floor":12.0},{"not_picked":["Grand Finale","Acrobatics"],"picked":"Leg Sweep","floor":13.0},{"not_picked":["Expertise","Quick Slash"],"picked":"Dodge and Roll","floor":15.0},{"not_picked":["Dash","PiercingWail"],"picked":"Blur","floor":16.0},{"not_picked":["Storm of Steel","Malaise"],"picked":"After Image","floor":18.0},{"not_picked":["Quick Slash+1","Acrobatics","Bane"],"picked":"SKIP","floor":20.0},{"not_picked":["Outmaneuver","Blur"],"picked":"Endless Agony+1","floor":21.0},{"not_picked":["Prepared","Dagger Throw"],"picked":"PiercingWail","floor":25.0},{"not_picked":["Finisher+1","Acrobatics"],"picked":"Corpse Explosion","floor":26.0},{"not_picked":["Accuracy","Flying Knee","Bane"],"picked":"SKIP","floor":30.0},{"not_picked":["Deflect","Flying Knee+1"],"picked":"Blade Dance+1","floor":32.0},{"not_picked":["Choke","Flying Knee","Bane"],"picked":"SKIP","floor":33.0},{"not_picked":["Underhanded Strike+1","Quick Slash","Riddle With Holes"],"picked":"SKIP","floor":34.0},{"not_picked":["Doppelganger","Storm of Steel"],"picked":"Adrenaline","floor":37.0},{"not_picked":["Escape Plan","Dodge and Roll","Bane"],"picked":"SKIP","floor":39.0},{"not_picked":["Backflip","Poisoned Stab+1"],"picked":"Dodge and Roll+1","floor":40.0},{"not_picked":["Backstab+1","Predator","Leg Sweep"],"picked":"SKIP","floor":44.0},{"not_picked":["Flechettes","Quick Slash+1","Dagger Spray"],"picked":"SKIP","floor":46.0},{"not_picked":["Poisoned Stab","Slice","Backstab+1"],"picked":"SKIP","floor":47.0},{"not_picked":["Noxious Fumes","Night Terror"],"picked":"Blade Dance","floor":48.0},{"not_picked":["Acrobatics","Dagger Throw"],"picked":"Blade Dance","floor":51.0},{"not_picked":["Dagger Throw","Masterful Stab","Flechettes"],"picked":"SKIP","floor":52.0},{"not_picked":["Thinking Ahead","HandOfGreed"],"picked":"Violence","floor":54.0},{"not_picked":["Dodge and Roll+1","Deflect","Escape Plan"],"picked":"SKIP","floor":55.0},{"not_picked":["Sucker Punch","PiercingWail","Escape Plan"],"picked":"SKIP","floor":61}],"player_experience":438921,"relics_obtained":[{"floor":7.0,"key":"StrikeDummy"},{"floor":9.0,"key":"Letter Opener"},{"floor":10.0,"key":"Kunai"},{"floor":13.0,"key":"Thread and Needle"},{"floor":15.0,"key":"Paper Crane"},{"floor":25.0,"key":"Oddly Smooth Stone"},{"floor":29.0,"key":"FossilizedHelix"},{"floor":30.0,"key":"Art of War"},{"floor":33.0,"key":"Akabeko"},{"floor":43.0,"key":"StoneCalendar"},{"floor":46.0,"key":"Vajra"},{"floor":46.0,"key":"War Paint"},{"floor":48.0,"key":"Omamori"},{"floor":48.0,"key":"Torii"},{"floor":55.0,"key":"Turnip"},{"floor":55.0,"key":"Snake Skull"},{"floor":61,"key":"Anchor"},{"floor":61,"key":"Happy Flower"}],"event_choices":[{"damage_healed":0.0,"max_hp_gain":0.0,"max_hp_loss":0.0,"gold_gain":0.0,"event_name":"Scrap Ooze","player_choice":"Success","floor":2.0,"gold_loss":0.0,"damage_taken":7.0,"relics_obtained":["Pantograph"]},{"damage_healed":0.0,"max_hp_gain":0.0,"max_hp_loss":0.0,"gold_gain":0.0,"event_name":"Living Wall","player_choice":"Grow","floor":4.0,"gold_loss":0.0,"damage_taken":0.0,"cards_upgraded":["Neutralize"]},{"damage_healed":0.0,"max_hp_gain":5.0,"max_hp_loss":0.0,"gold_gain":0.0,"event_name":"Forgotten Altar","player_choice":"Shed Blood","floor":23.0,"gold_loss":0.0,"damage_taken":18.0},{"damage_healed":0.0,"max_hp_gain":0.0,"max_hp_loss":0.0,"gold_gain":0.0,"event_name":"Lab","player_choice":"Got Potions","floor":28.0,"gold_loss":0.0,"damage_taken":0.0},{"damage_healed":0.0,"max_hp_gain":0.0,"max_hp_loss":0.0,"gold_gain":0.0,"event_name":"Tomb of Lord Red Mask","player_choice":"Ignored","floor":42.0,"gold_loss":0.0,"damage_taken":0.0},{"damage_healed":0.0,"max_hp_gain":0.0,"max_hp_loss":0.0,"gold_gain":0.0,"event_name":"MindBloom","player_choice":"Fight","floor":43.0,"gold_loss":0.0,"damage_taken":0.0},{"damage_healed":0.0,"max_hp_gain":0.0,"max_hp_loss":0.0,"gold_gain":0.0,"event_name":"SensoryStone","player_choice":"Memory 1","floor":54.0,"gold_loss":0.0,"damage_taken":0.0}],"is_beta":false,"boss_relics":[{"not_picked":["HoveringKite","Sozu"],"picked":"Astrolabe"},{"not_picked":["Velvet Choker","SlaversCollar"],"picked":"Black Star"}],"items_purged_floors":[41,53],"is_endless":false,"potions_floor_spawned":[1,7,16,20,25,32,37,40,44,47,51,55,61],"ascension_level":12}}