{"host":"rolltorest","time":1610184901,"event":{"mods":["BaseMod","Minty Spire (QoL Compilation)","Relic Stats","Robot Space Explorer","Slay the Relics Exporter","StSLib"],"gold_per_floor":[114,114,128,190,208,238,313,313,313,644,644,670,670,670],"floor_reached":13,"playtime":295,"items_purged":[],"score":173,"play_id":"ad0e4080-9192-4674-a341-8f75c8cec8c7","local_time":"20210109013501","is_ascension_mode":true,"campfire_choices":[{"floor":8,"key":"REST"},{"floor":11,"key":"REST"}],"circlet_count":0,"master_deck":["AscendersBane","RobotSpaceExplorer:Strike","RobotSpaceExplorer:Strike","RobotSpaceExplorer:Strike","RobotSpaceExplorer:Strike","RobotSpaceExplorer:Defend","RobotSpaceExplorer:Defend","RobotSpaceExplorer:Defend","RobotSpaceExplorer:Defend","RobotSpaceExplorer:Scan","RobotSpaceExplorer:MiniLasers","RobotSpaceExplorer:SlimeMissile+1","RobotSpaceExplorer:BigMissile","RobotSpaceExplorer:Fix","RobotSpaceExplorer:SlimeMissile","RobotSpaceExplorer:ShovelStrike"],"relics":["SacredBark","CaptainsWheel","Shuriken","Old Coin","Odd Mushroom"],"acts_visited":["Exordium"],"potions_floor_usage":[6,10,13],"damage_taken":[{"damage":12,"enemies":"Jaw Worm","floor":1,"turns":6},{"damage":3,"enemies":"2 Louse","floor":3,"turns":3},{"damage":0,"enemies":"Small Slimes","floor":5,"turns":2},{"damage":32,"enemies":"Gremlin Nob","floor":6,"turns":4},{"damage":18,"enemies":"Lagavulin","floor":10,"turns":6},{"damage":25,"enemies":"The Mushroom Lair","floor":12,"turns":6},{"damage":15,"enemies":"3 Sentries","floor":13,"turns":4}],"seed_played":"8985874187792522742","potions_obtained":[{"floor":1,"key":"BlessingOfTheForge"},{"floor":5,"key":"PowerPotion"},{"floor":6,"key":"RobotSpaceExplorer:PlasmaFlask"}],"is_trial":false,"path_per_floor":["M","?","M","?","M","E","?","R","T","E","R","?","E"],"character_chosen":"RobotSpaceExplorer","items_purchased":[],"campfire_rested":2,"item_purchase_floors":[],"current_hp_per_floor":[52,52,49,49,49,21,10,31,31,17,38,17,2,2],"gold":670,"neow_bonus":"BOSS_RELIC","is_daily":false,"chose_seed":false,"campfire_upgraded":0,"win_rate":0.0,"timestamp":1610184901,"path_taken":["M","?","M","?","M","E","?","R","T","E","R","?","E"],"items_purchased_type":[],"build_version":"2020-12-18","purchased_purges":0,"victory":false,"max_hp_per_floor":[71,71,71,71,71,71,71,71,71,71,71,71,71,71],"relic_stats":{"counters":[7,31],"Shuriken":[3],"obtain_stats":[{"CaptainsWheel":6,"Shuriken":9,"SacredBark":0,"RobotSpaceExplorer:RoboCore":0,"Odd Mushroom":12,"Old Coin":10},{"CaptainsWheel":4,"Shuriken":4,"SacredBark":0,"RobotSpaceExplorer:RoboCore":0,"Odd Mushroom":6,"Old Coin":5},{"CaptainsWheel":15,"Shuriken":15,"SacredBark":0,"RobotSpaceExplorer:RoboCore":0,"Odd Mushroom":27,"Old Coin":21}]},"card_choices":[{"not_picked":["RobotSpaceExplorer:MakeshiftVolley","RobotSpaceExplorer:Discharger"],"picked":"RobotSpaceExplorer:SlimeMissile","floor":1},{"not_picked":["RobotSpaceExplorer:Calculate","RobotSpaceExplorer:MetalStrike"],"picked":"RobotSpaceExplorer:BigMissile","floor":3},{"not_picked":["RobotSpaceExplorer:Smokescreen","RobotSpaceExplorer:ShovelStrike"],"picked":"RobotSpaceExplorer:Fix","floor":5},{"not_picked":["RobotSpaceExplorer:Ammunition","RobotSpaceExplorer:ExhaustFan"],"picked":"RobotSpaceExplorer:SlimeMissile","floor":6},{"not_picked":["RobotSpaceExplorer:Discharger","RobotSpaceExplorer:DualCore","RobotSpaceExplorer:Scanner"],"picked":"SKIP","floor":10},{"not_picked":["RobotSpaceExplorer:Calculate","RobotSpaceExplorer:SwiftStep"],"picked":"RobotSpaceExplorer:ShovelStrike","floor":12}],"player_experience":1818937,"relics_obtained":[{"floor":6,"key":"CaptainsWheel"},{"floor":9,"key":"Shuriken"},{"floor":10,"key":"Old Coin"},{"floor":12,"key":"Odd Mushroom"}],"event_choices":[{"damage_healed":0,"gold_gain":0,"player_choice":"Grow","damage_taken":0,"max_hp_gain":0,"max_hp_loss":0,"event_name":"Living Wall","floor":2,"gold_loss":0,"cards_upgraded":["RobotSpaceExplorer:SlimeMissile"]},{"damage_healed":0,"gold_gain":62,"player_choice":"Gained Gold","damage_taken":0,"max_hp_gain":0,"max_hp_loss":0,"event_name":"Golden Wing","floor":4,"gold_loss":0},{"damage_healed":0,"gold_gain":75,"player_choice":"Gather Gold","damage_taken":11,"max_hp_gain":0,"max_hp_loss":0,"event_name":"World of Goop","floor":7,"gold_loss":0},{"damage_healed":0,"gold_gain":0,"player_choice":"Fought Mushrooms","damage_taken":0,"max_hp_gain":0,"max_hp_loss":0,"event_name":"Mushrooms","floor":12,"gold_loss":0}],"is_beta":true,"boss_relics":[],"items_purged_floors":[],"is_endless":false,"potions_floor_spawned":[1,5,6],"killed_by":"3 Sentries","ascension_level":18}}