{"host":"xje8igj95tvh9ehd","time":1610172107,"event":{"mods":["BaseMod","Colored Map","Colored Powertips","Downfall","Infinite Spire","Marisa£®ÏF”Í°°ƒß¿Ì…≥£©","Minty Spire (QoL Compilation)","Replay The Spire","StSLib","SuperFastMode","The Bug Knight","The Construct","The Runesmith","The Servant 0.9.4","[IsaacMod]“‘»ˆº‚À˛"],"gold_per_floor":[114,289,301,351,364,364,384,397,397,397,69,100,117,133,133,236,236,249,249,278,278,289,199,199,214,266,266,281,281,281,281],"floor_reached":30,"playtime":2265,"items_purged":["Strike_R"],"score":251,"play_id":"c04ca5a1-ebc6-4f26-b03b-5138467b8d01","local_time":"20210109140147","is_ascension_mode":false,"campfire_choices":[{"floor":6,"key":"REST"},{"data":"Feed","floor":10,"key":"SMITH"},{"data":"Barricade","floor":15,"key":"SMITH"},{"data":"Thinking Ahead","floor":24,"key":"SMITH"},{"data":"Burning Pact","floor":27,"key":"SMITH"}],"circlet_count":0,"master_deck":["Defend_R","Defend_R","Defend_R","Defend_R","Bash","ReplayTheSpireMod:Splinters","Apotheosis","Cleave","Doubt","Feed+1","ReplayTheSpireMod:Strike From Hell","Thunderclap+1","Sword Boomerang","Replay:Undeath\u0027s Touch","ReplayTheSpireMod:Muscle Training","Thinking Ahead+1","Heavy Blade","Barricade+1","Flame Barrier","Juggernaut","Armaments+1","Spot Weakness","Slimebound:Tackle+1","Slimebound:Tackle+1","Slimebound:Tackle+1","Burning Pact+1","Bite","Bite","Bite","Bite","Bite"],"relics":["Burning Blood","HushsDoor","KeepersGift","PunchingBag","Bronze Scales","Pear","Sozu","ReplayTheSpireMod:Ring of Challenge","Blue Doll"],"acts_visited":["Exordium","TheCity"],"potions_floor_usage":[28],"damage_taken":[{"damage":5,"enemies":"Small Slimes","floor":1,"turns":4},{"damage":17,"enemies":"2 Louse","floor":3,"turns":3},{"damage":71,"enemies":"Hiden Room Battle","floor":4,"turns":9},{"damage":2,"enemies":"Cultist","floor":5,"turns":3},{"damage":2,"enemies":"Red Slaver","floor":7,"turns":4},{"damage":10,"enemies":"Gremlin Gang","floor":8,"turns":4},{"damage":10,"enemies":"Exordium Thugs","floor":12,"turns":3},{"damage":19,"enemies":"Lots of Slimes","floor":13,"turns":3},{"damage":8,"enemies":"3 Louse","floor":14,"turns":2},{"damage":37,"enemies":"Fading Forest","floor":16,"turns":11},{"damage":2,"enemies":"3 Byrds","floor":18,"turns":1},{"damage":33,"enemies":"Shell Parasite","floor":20,"turns":6},{"damage":46,"enemies":"Centurion and Healer","floor":22,"turns":6},{"damage":19,"enemies":"Snecko","floor":25,"turns":6},{"damage":20,"enemies":"Snake Plant","floor":28,"turns":3},{"damage":30,"enemies":"3 Cultists","floor":30,"turns":4}],"seed_played":"7171528926479388339","potions_obtained":[{"floor":1,"key":"Toxic Potion"},{"floor":3,"key":"Fire Potion"},{"floor":8,"key":"DuplicationPotion"}],"is_trial":false,"path_per_floor":["M","?","M","?","M","R","M","M","T","R","$","M","M","M","R","B",null,"M","?","M","?","M","?","R","M","T","R","M","?","M"],"character_chosen":"IRONCLAD","items_purchased":["ReplayTheSpireMod:Muscle Training","Thinking Ahead"],"campfire_rested":1,"item_purchase_floors":[11,11],"current_hp_per_floor":[80,80,69,8,12,37,45,44,54,54,54,54,41,43,43,22,109,109,109,86,86,50,50,50,37,37,37,23,23,0,0],"gold":281,"neow_bonus":"RANDOM_COLORLESS_2","is_daily":false,"chose_seed":false,"campfire_upgraded":4,"win_rate":0.0,"timestamp":1610172107,"path_taken":["M","?","M","?","?","R","M","?","T","R","?","?","M","M","R","BOSS","M","?","M","?","?","?","R","M","T","R","M","?","M"],"items_purchased_type":["Card","Card"],"build_version":"2020-12-22","purchased_purges":1,"victory":false,"max_hp_per_floor":[80,80,80,84,84,84,88,91,101,101,101,105,105,109,109,109,109,109,109,113,113,117,117,117,117,117,117,117,81,81,81],"card_choices":[{"not_picked":[],"picked":"Bomb","floor":0},{"not_picked":["ReplayTheSpireMod:Necrogeddon","DoctorFetus"],"picked":"Apotheosis","floor":0},{"not_picked":["Iron Wave","Warcry"],"picked":"Cleave","floor":1},{"not_picked":["Anger","Body Slam"],"picked":"Feed","floor":3},{"not_picked":["Clothesline","Disarm"],"picked":"ReplayTheSpireMod:Strike From Hell","floor":4},{"not_picked":["Iron Wave","Metallicize"],"picked":"Thunderclap","floor":5},{"not_picked":["Perfected Strike","Berserk"],"picked":"Sword Boomerang","floor":7},{"not_picked":["Cleave","Bomb"],"picked":"Replay:Undeath\u0027s Touch","floor":8},{"not_picked":["infinitespire:OneForAll","Bomb"],"picked":"Heavy Blade","floor":12},{"not_picked":["Thunderclap","True Grit"],"picked":"Barricade","floor":13},{"not_picked":["Replay:Undeath\u0027s Touch","Entrench"],"picked":"Flame Barrier","floor":14},{"not_picked":["Eclipse","Double Tap"],"picked":"Juggernaut","floor":16},{"not_picked":["Body Slam","Headbutt"],"picked":"Armaments+1","floor":18},{"not_picked":["Perfected Strike","Infernal Blade"],"picked":"Spot Weakness","floor":20},{"not_picked":["Replay:Undeath\u0027s Touch","Sword Boomerang"],"picked":"Burning Pact","floor":22},{"not_picked":["Corruption","ReplayTheSpireMod:Limb From Limb+1","Run Through"],"picked":"SKIP","floor":25},{"not_picked":["Searing Blow","Cleave","Shockwave+1"],"picked":"SKIP","floor":28}],"player_experience":22923,"relics_obtained":[{"floor":4,"key":"PunchingBag"},{"floor":4,"key":"Bronze Scales"},{"floor":9,"key":"Pear"},{"floor":19,"key":"ReplayTheSpireMod:Ring of Challenge"},{"floor":26,"key":"Blue Doll"}],"event_choices":[{"damage_healed":0,"gold_gain":175,"player_choice":"AGREE","damage_taken":0,"max_hp_gain":0,"max_hp_loss":0,"event_name":"Liars Game","floor":2,"gold_loss":0,"cards_obtained":["Doubt"]},{"damage_healed":0,"gold_gain":0,"player_choice":"Fight","damage_taken":0,"max_hp_gain":0,"max_hp_loss":0,"event_name":"HidenRoomEvent","floor":4,"gold_loss":0},{"cards_removed":["Spreading Infection"],"damage_healed":0,"gold_gain":0,"player_choice":"Upgrade and Remove","damage_taken":0,"max_hp_gain":0,"max_hp_loss":0,"event_name":"Designer","floor":23,"gold_loss":90,"cards_upgraded":["Thunderclap"]},{"damage_healed":0,"gold_gain":0,"player_choice":"Became a vampire","damage_taken":0,"max_hp_gain":0,"max_hp_loss":36,"event_name":"Vampires","floor":29,"gold_loss":0,"cards_obtained":["Bite","Bite","Bite","Bite","Bite"]}],"is_beta":false,"boss_relics":[{"not_picked":["Empty Cage","Runic Pyramid"],"picked":"Sozu"},{"not_picked":[]}],"items_purged_floors":[11],"is_endless":false,"potions_floor_spawned":[1,3,8,18,20,28],"killed_by":"3 Cultists","ascension_level":0}}