{"host":"867cnhxguf2bzj4x","time":1610235137,"event":{"mods":["BaseMod","BetterRewards","Duelist Mod","GifTheSpireLib","Lobotomy","Minty Spire (QoL Compilation)","StSLib","The Bug Knight","The Cursed","The Necromancer"],"gold_per_floor":[113,113,129,129,146,157,157,332,332,332,332,318,335,182,182,280,280,299,316,347,366,377,412,425,325,325,49,49,61,61,61,61],"floor_reached":31,"playtime":2002,"items_purged":["Defend_G","Bullet Time"],"score":274,"play_id":"e4996b07-ddb7-4337-8868-58a448085974","local_time":"20210110003217","is_ascension_mode":false,"campfire_choices":[{"data":"Cloak And Dagger","floor":7,"key":"SMITH"},{"floor":15,"key":"REST"},{"data":"Finisher","floor":28,"key":"SMITH"}],"circlet_count":0,"master_deck":["Strike_G","Strike_G","Strike_G","Defend_G","Defend_G","Defend_G","Defend_G","Survivor","Neutralize","OSAHOGD","Prepared+1","Cloak And Dagger+1","OldLady","Finisher+1","LaLuna","UniverseFragment","Infinite Blades","Bloodbath","Prepared+1","Prepared+1","Cloak And Dagger+1"],"relics":["Ring of the Snake","CogitoBucket","TungstenRod","Ninja Scroll","TreeSap","WristBlade","Red Mask","Torii","Dream Catcher","Toxic Egg 2"],"acts_visited":["Exordium","TheCity"],"potions_floor_usage":[13,16,16,16,16,16,29,31,31],"damage_taken":[{"damage":1,"enemies":"2 Louse","floor":1,"turns":4},{"damage":0,"enemies":"Small Slimes","floor":3,"turns":4},{"damage":0,"enemies":"Cultist","floor":5,"turns":4},{"damage":4,"enemies":"Red Slaver","floor":6,"turns":4},{"damage":1,"enemies":"Exordium Thugs","floor":12,"turns":4},{"damage":28,"enemies":"Gremlin Gang","floor":13,"turns":4},{"damage":9,"enemies":"Hexaghost","floor":16,"turns":6},{"damage":0,"enemies":"2 Thieves","floor":18,"turns":2},{"damage":0,"enemies":"Chosen","floor":19,"turns":3},{"damage":2,"enemies":"Masked Bandits","floor":20,"turns":4},{"damage":12,"enemies":"Sentry and Sphere","floor":21,"turns":6},{"damage":0,"enemies":"Shelled Parasite and Fungi","floor":22,"turns":3},{"damage":0,"enemies":"theDuelist:KaibaA2","floor":23,"turns":1},{"damage":0,"enemies":"Chosen and Byrds","floor":24,"turns":3},{"damage":0,"enemies":"Centurion and Healer","floor":29,"turns":3},{"damage":8,"enemies":"Colosseum Slavers","floor":30,"turns":3},{"damage":0,"enemies":"3 Cultists","floor":31,"turns":44}],"seed_played":"6467012059267569962","potions_obtained":[{"floor":1,"key":"CunningPotion"},{"floor":3,"key":"SmokeBomb"},{"floor":11,"key":"DistilledChaos"},{"floor":11,"key":"EntropicBrew"}],"is_trial":false,"path_per_floor":["M","?","M","?","M","M","R","?","T","?","?","M","M","$","R","B",null,"M","M","?","M","M","E","M","$","T","$","R","M","?","M"],"character_chosen":"THE_SILENT","items_purchased":["Infinite Blades","Toxic Egg 2","Cloak And Dagger+1"],"campfire_rested":1,"item_purchase_floors":[14,27,27],"current_hp_per_floor":[69,69,69,66,66,62,62,62,62,67,67,66,38,38,60,51,75,75,75,74,64,65,65,65,65,65,65,65,66,59,69,69],"gold":61,"neow_bonus":"","is_daily":false,"chose_seed":false,"campfire_upgraded":2,"win_rate":0.0,"timestamp":1610235137,"path_taken":["M","?","M","?","M","M","R","?","T","?","?","?","M","?","R","BOSS","M","?","?","M","?","E","?","?","T","$","R","M","?","M"],"items_purchased_type":["Card","Relic","Card"],"build_version":"2020-12-22","purchased_purges":2,"victory":false,"max_hp_per_floor":[70,70,70,70,70,70,70,70,70,75,75,75,75,75,75,75,75,75,75,75,75,75,75,75,75,75,75,75,75,75,75,75],"card_choices":[{"not_picked":["GreedKing","SpiderBud"],"picked":"OSAHOGD","floor":1},{"not_picked":["Dodge and Roll","Slice"],"picked":"Prepared","floor":1},{"not_picked":["CherryBlossoms","Mercenary","BeautyBeast"],"picked":"Singing Bowl","floor":3},{"not_picked":["Slice","Dodge and Roll"],"picked":"Cloak And Dagger","floor":3},{"not_picked":["MHz","Bloodbath"],"picked":"OldLady","floor":5},{"not_picked":["PiercingWail","Riddle With Holes"],"picked":"Finisher","floor":5},{"not_picked":["Funeral","MHz"],"picked":"LaLuna","floor":6},{"not_picked":["Escape Plan","Sucker Punch","Die Die Die"],"picked":"SKIP","floor":6},{"not_picked":["SpiderBud","Freischutz","MHz"],"picked":"Singing Bowl","floor":12},{"not_picked":["Bouncing Flask","Dagger Throw","Underhanded Strike"],"picked":"SKIP","floor":12},{"not_picked":["FieryBird","SpiderBud"],"picked":"UniverseFragment","floor":13},{"not_picked":["Concentrate","Doppelganger","Acrobatics"],"picked":"SKIP","floor":13},{"not_picked":["Concentrate","Doppelganger","Acrobatics"],"picked":"SKIP","floor":13},{"not_picked":["Venomology","Corpse Explosion"],"picked":"Bullet Time","floor":16},{"not_picked":["CrumblingArmor","QueenBee"],"picked":"Bloodbath","floor":18},{"not_picked":["Poisoned Stab","Tactician"],"picked":"Prepared+1","floor":18},{"not_picked":["Catalyst+1","Choke","Quick Slash"],"picked":"SKIP","floor":19},{"not_picked":["Quick Slash","Blur","Setup"],"picked":"SKIP","floor":21},{"not_picked":["Flechettes","Acrobatics","Underhanded Strike"],"picked":"SKIP","floor":22},{"not_picked":["Dodge and Roll","Poisoned Stab","Storm of Steel"],"picked":"SKIP","floor":23},{"not_picked":["Crippling Poison+1","Caltrops+1"],"picked":"Prepared+1","floor":24},{"not_picked":["Dagger Throw+1","Dodge and Roll+1","Tactician+1"],"picked":"SKIP","floor":29}],"player_experience":116499,"relics_obtained":[{"floor":9,"key":"Ninja Scroll"},{"floor":20,"key":"Red Mask"},{"floor":23,"key":"Torii"},{"floor":26,"key":"Dream Catcher"}],"event_choices":[{"damage_healed":0,"gold_gain":0,"player_choice":"Grow","damage_taken":0,"max_hp_gain":0,"max_hp_loss":0,"event_name":"Living Wall","floor":2,"gold_loss":0,"cards_upgraded":["Prepared"]},{"damage_healed":0,"gold_gain":0,"player_choice":"Success","damage_taken":3,"relics_obtained":["TungstenRod"],"max_hp_gain":0,"max_hp_loss":0,"event_name":"Scrap Ooze","floor":4,"gold_loss":0},{"damage_healed":0,"gold_gain":175,"player_choice":"AGREE","damage_taken":0,"max_hp_gain":0,"max_hp_loss":0,"event_name":"Liars Game","floor":8,"gold_loss":0,"cards_obtained":["Doubt"]},{"damage_healed":0,"gold_gain":0,"player_choice":"Donut","damage_taken":0,"max_hp_gain":5,"max_hp_loss":0,"event_name":"Big Fish","floor":10,"gold_loss":0},{"damage_healed":0,"gold_gain":0,"player_choice":"Got Potions","damage_taken":0,"max_hp_gain":0,"max_hp_loss":0,"event_name":"Lab","floor":11,"gold_loss":0},{"damage_healed":0,"gold_gain":0,"player_choice":"Fought Bandits","damage_taken":0,"max_hp_gain":0,"max_hp_loss":0,"event_name":"Masked Bandits","floor":20,"gold_loss":0},{"damage_healed":0,"gold_gain":0,"player_choice":"Fight","damage_taken":0,"max_hp_gain":0,"max_hp_loss":0,"event_name":"Colosseum","floor":30,"gold_loss":0},{"damage_healed":0,"gold_gain":0,"player_choice":"Fled From Nobs","damage_taken":0,"max_hp_gain":0,"max_hp_loss":0,"event_name":"Colosseum","floor":30,"gold_loss":0}],"is_beta":false,"boss_relics":[{"not_picked":["Velvet Choker","Coffee Dripper"],"picked":"WristBlade"}],"items_purged_floors":[14,25],"is_endless":false,"potions_floor_spawned":[1,3,12,19,20,21],"killed_by":"3 Cultists","ascension_level":0}}