{"host":"8v7nkx72j7rwevt7","time":1610171578,"event":{"mods":["100% Spire Juice","Act Like it!","Aspiration","BaseMod","Better Third Choice","Challenge The Spire","Conjunction","Conspire","Dota2Spire","Ekko","Energized Spire","GifTheSpireLib","Halation","Hubris","Mimic Mod","Minty Spire (QoL Compilation)","Puzzle Mod","Quarter Circle Forward PUNCH!","Random Character Button","Replay The Spire","Reworked Bosses","Robot Space Explorer","Small Relic Pack","Spikes Relics","StSLib","Stuff the Spire","The Alterego","The Blue Laboratory","The Bug Knight","The Death Knight","The Florist","The Poker Player","Trackpad","Wandering Minibosses","vexMod"],"gold_per_floor":[119,119,39,51,51,51,51,51,105,117,117,131,41,58,58,161,161,180,157,157,120,120,120,72,72,72,85,85,118,12,12,12,117,117,128,147,147,13,13,13,13,13,13,45,45,45,45],"floor_reached":46,"playtime":2232,"items_purged":[],"score":460,"play_id":"8655bc5e-83d0-4122-b4ea-eea3196b892e","local_time":"20210109005258","is_ascension_mode":false,"campfire_choices":[{"data":"Moonworks:JonathanRush","floor":6,"key":"SMITH"},{"floor":15,"key":"REST"},{"data":"Moonworks:JonathanRush","floor":23,"key":"SMITH"},{"data":"Moonworks:SakisCookie","floor":25,"key":"SMITH"},{"floor":28,"key":"REST"},{"floor":32,"key":"REST"},{"floor":40,"key":"REST"},{"floor":42,"key":"REST"}],"circlet_count":0,"master_deck":["Moonworks:Strike","Moonworks:Strike","Moonworks:Strike","Moonworks:Strike","Moonworks:Defend","Moonworks:Defend","Moonworks:Defend","Moonworks:Defend","Moonworks:Ambush+1","Moonworks:LongDistanceShot","Moonworks:JonathanRush+1","Moonworks:AngelHand","Moonworks:RagingMadness","Moonworks:StiffCrystal","Moonworks:StarBlastingFuse","Moonworks:JonathanRush+1","Moonworks:SakisCookie+1","Moonworks:CloudOfSeagulls+1","Moonworks:RagingMadness","Moonworks:SakisCookie+1","Moonworks:AngelHand","Moonworks:JonathanRush","Moonworks:SakisCookie","Moonworks:CloudOfSeagulls+1","Blind","Moonworks:BigBangBell"],"relics":["StuffTheSpire:OccultApparatus","Moonworks:Homemark","NeowsBlessing","relicPack:OneForAll","halation:LostSnail","hubris:EvacipatedBox","Chameleon Ring","aspiration:Lifesprig","StuffTheSpire:PointBlank","hubris:ScarierMask","relicPack:DarknessArmor","Pen Nib","conspire:SpecialSausage","Ginger"],"acts_visited":["Exordium","TheCity","TheBeyond"],"potions_floor_usage":[11,14,16,16,33,33,44,44],"damage_taken":[{"damage":0,"enemies":"Small Slimes","floor":1,"turns":1},{"damage":0,"enemies":"Jaw Worm","floor":4,"turns":1},{"damage":0,"enemies":"2 Louse","floor":10,"turns":1},{"damage":11,"enemies":"Exordium Wildlife","floor":12,"turns":4},{"damage":13,"enemies":"Lagavulin","floor":13,"turns":8},{"damage":3,"enemies":"Gremlin Gang","floor":14,"turns":6},{"damage":38,"enemies":"The Guardian","floor":16,"turns":11},{"damage":5,"enemies":"Chosen","floor":18,"turns":5},{"damage":7,"enemies":"conspire:FuzzyDice","floor":27,"turns":5},{"damage":46,"enemies":"Book of Stabbing","floor":29,"turns":6},{"damage":2,"enemies":"Centurion and Healer","floor":30,"turns":4},{"damage":24,"enemies":"hubris:MusketHawk","floor":33,"turns":6},{"damage":27,"enemies":"Orb Walker","floor":35,"turns":5},{"damage":30,"enemies":"3 Shapes","floor":36,"turns":4},{"damage":58,"enemies":"Nemesis","floor":44,"turns":7},{"damage":13,"enemies":"Jaw Worm Horde","floor":46,"turns":2}],"seed_played":"-4866402700815569012","potions_obtained":[{"floor":10,"key":"Flashbang"},{"floor":11,"key":"Fruit Juice"},{"floor":11,"key":"Death Potion"},{"floor":12,"key":"blueLaboratory:BottleOfRum"},{"floor":14,"key":"ColorlessPotion"},{"floor":16,"key":"blueLaboratory:BottledHope"},{"floor":29,"key":"blueLaboratory:RecallPotion"},{"floor":30,"key":"GamblersBrew"}],"is_trial":false,"path_per_floor":["M","?","$","M","$","R","T","?","T","M","R","M","E","M","R","B",null,"M","?","?","$","?","R","$","R","T","M","R","E","M","$","R","B",null,"M","M","?","$","?","R","?","R","T","E","$","M"],"character_chosen":"THE_STARBREAKER","items_purchased":["halation:LostSnail","hubris:EvacipatedBox","Moonworks:RagingMadness","Moonworks:SakisCookie","PowerPotion","Blind"],"campfire_rested":5,"item_purchase_floors":[3,5,21,24,38,38],"current_hp_per_floor":[60,60,60,60,41,41,41,41,41,41,48,37,24,21,41,3,67,62,36,43,43,43,43,43,43,43,46,66,27,35,35,55,41,67,46,30,30,30,30,50,30,50,50,8,8,0,0],"gold":45,"neow_bonus":"THREE_ENEMY_KILL","is_daily":false,"chose_seed":false,"campfire_upgraded":3,"win_rate":0.0,"timestamp":1610171578,"path_taken":["M","?","?","M","?","R","?","?","T","M","R","M","E","M","R","BOSS","M","?","?","$","?","R","?","R","T","M","R","E","?","$","R","BOSS","M","M","?","$","?","R","?","R","T","E","?","M"],"items_purchased_type":["Relic","Relic","Card","Card","Potion","Card"],"build_version":"2020-12-22","purchased_purges":0,"victory":false,"max_hp_per_floor":[60,60,60,60,60,60,60,60,60,60,67,67,67,67,67,67,67,67,67,67,67,67,67,67,67,67,67,67,67,67,67,67,67,67,67,67,67,67,67,67,67,67,67,67,67,67,67],"card_choices":[{"not_picked":["Moonworks:NicePresent","Moonworks:ImOnFire"],"picked":"Moonworks:JonathanRush","floor":1},{"not_picked":["Moonworks:IndiscriminateFireSupport","Moonworks:Dinner","Moonworks:ImOnFire"],"picked":"SKIP","floor":4},{"not_picked":["Moonworks:WindyEnchantment","Moonworks:CookingTime"],"picked":"Moonworks:AngelHand","floor":10},{"not_picked":["Moonworks:CloudOfSeagulls","Moonworks:ExtendedPhotonRifle"],"picked":"Moonworks:RagingMadness","floor":12},{"not_picked":["Moonworks:ImOnFire","Moonworks:MiracleRedBeanIceCream","Moonworks:WindyEnchantment"],"picked":"SKIP","floor":13},{"not_picked":["Moonworks:NicePresent","Moonworks:MiracleRedBeanIceCream"],"picked":"Moonworks:StiffCrystal","floor":14},{"not_picked":["Moonworks:AnotherUltimateWeapon","Moonworks:ShieldCounter"],"picked":"Moonworks:StarBlastingFuse","floor":16},{"not_picked":["Moonworks:CompletionReward","Moonworks:NicePresent"],"picked":"Moonworks:JonathanRush","floor":18},{"not_picked":["Moonworks:MixPhenomenon+1","Moonworks:NicePresent"],"picked":"Moonworks:SakisCookie","floor":19},{"not_picked":["Moonworks:UnluckyCharm+1","Moonworks:BigMagnum"],"picked":"Moonworks:CloudOfSeagulls","floor":19},{"not_picked":["Moonworks:Bloodlust","Moonworks:RocketCannon"],"picked":"Moonworks:AngelHand","floor":27},{"not_picked":["Moonworks:LulusLuckyEgg","Moonworks:BeyondHell+1","Moonworks:IndiscriminateFireSupport"],"picked":"SKIP","floor":29},{"not_picked":["Moonworks:BeyondHell","Moonworks:SakisCookie"],"picked":"Moonworks:JonathanRush","floor":30},{"not_picked":["Moonworks:IndiscriminateFireSupport","Moonworks:Dinner"],"picked":"Moonworks:SakisCookie","floor":35},{"not_picked":["Moonworks:BigMagnum+1","Moonworks:ImOnFire"],"picked":"Moonworks:CloudOfSeagulls+1","floor":36},{"not_picked":["Moonworks:LulusLuckyEgg+1","Moonworks:BigMagnum"],"picked":"Moonworks:BigBangBell","floor":44}],"player_experience":172267,"relics_obtained":[{"floor":7,"key":"Chameleon Ring"},{"floor":9,"key":"aspiration:Lifesprig"},{"floor":13,"key":"StuffTheSpire:PointBlank"},{"floor":26,"key":"relicPack:DarknessArmor"},{"floor":29,"key":"Pen Nib"},{"floor":43,"key":"Ginger"}],"event_choices":[{"damage_healed":0,"gold_gain":0,"player_choice":"Leave","damage_taken":0,"max_hp_gain":0,"max_hp_loss":0,"event_name":"conspire:Investor","floor":37,"gold_loss":0},{"damage_healed":0,"gold_gain":0,"player_choice":"Ignored","damage_taken":0,"max_hp_gain":0,"max_hp_loss":0,"event_name":"Mysterious Sphere","floor":39,"gold_loss":0}],"is_beta":false,"boss_relics":[{"not_picked":["ChewingGum","energizedSpire:SpiderWeb","vexMod:RockOfEvil"],"picked":"hubris:ScarierMask"},{"not_picked":["halation:PlatinumPhoenix","aspiration:WatcherSkillbook","energizedSpire:EnergizedDie"],"picked":"conspire:SpecialSausage"}],"items_purged_floors":[],"is_endless":false,"potions_floor_spawned":[10,12,14,16,29,30],"killed_by":"Jaw Worm Horde","ascension_level":0}}