{"host":"pno9h1fupbyz205f","time":1610151322,"event":{"mods":["Aspiration","BaseMod","Better Altar","Better Match","Better Note","Better Sensory Stone","Better Skull","Better Third Choice","Colored Map","Colored Powertips","Hubris","Infinite Spire","Jedi Mod","Mad Scientist","Marisa????????","Minty Spire (QoL Compilation)","Permanent Neow","Potionbrewer","Replay The Spire","Shop Mod","StSLib","Td1madao Mod","The Blackbeard","The Gatherer","The Hierophant","The Poker Player","The Runesmith","The Servant 0.9.4","thorton","vexMod"],"gold_per_floor":[218,218,235,235,235,235,253,263,263,44,44,77,123,158,158,278,278,307,307,347,389,67,114,114,166,237,237,319,319,371,412,412,549,549,593,657,155,206,250,250,319,319,319,319,363,363,407,446,446,540,540,564,39,0,0,22,22,62,82,133,155,177,177,191,228,228,311,411,427,427,427,450,439,439,439,439,515,430,483,488,488,508,508,657,657,726,754,754,754,839,839,839,839,888,888,965,1044,1142,1282,1282,1422,1422,1550,1550,840,912,992,992,992,992,1110,1110,1133,1242,1343,1343,1457,1584,1809,1998,1998,2125,2279,2279,675,740,740,819,924,924,974,974,974,1066,1159,1159,1298,1298,1411,1411,1543,1453,1453,1567,1567,1681,1681,1826,1907,1947,2047,2181,2181,2192,2192],"floor_reached":154,"playtime":8697,"items_purged":["Strike_R","Strike_R","Bash","Defend_R","Decay","Strike_R+1","Enlightenment","Defend_R","Warcry","Twin Strike","Rampage+1"],"score":3371,"play_id":"4d473d59-5559-470c-b376-176e3d1d9806","local_time":"20210108161522","is_ascension_mode":false,"campfire_choices":[{"data":"ReplayTheSpireMod:Chaos Vortex","floor":6.0,"key":"SMITH"},{"data":"ReplayTheSpireMod:LeadingStrike","floor":15.0,"key":"SMITH"},{"floor":24.0,"key":"REST"},{"data":"ReplayTheSpireMod:LeadingStrike","floor":32.0,"key":"SMITH"},{"data":"jedi:harder","floor":40,"key":"SMITH"},{"data":"ReplayTheSpireMod:Corrosion Curse","floor":42,"key":"SMITH"},{"data":"Shrug It Off","floor":57,"key":"SMITH"},{"data":"Warcry","floor":63,"key":"SMITH"},{"floor":66,"key":"DIG"},{"data":"infinitespire:NeuralNetwork","floor":74,"key":"SMITH"},{"data":"Barricade","floor":76,"key":"SMITH"},{"data":"Double Tap","floor":81,"key":"SMITH"},{"data":"Pain","floor":83,"key":"PURGE"},{"data":"Madness","floor":91,"key":"SMITH"},{"data":"Madness","floor":93,"key":"SMITH"},{"data":"blackbeard:PiratesWill","floor":100,"key":"SMITH"},{"data":"infinitespire:Collect","floor":110,"key":"SMITH"},{"data":"Demonic Infusion","floor":112,"key":"SMITH"},{"data":"hubris:Rewind","floor":127,"key":"SMITH"},{"data":"blackbeard:Rum","floor":132,"key":"SMITH"},{"data":"blackbeard:Rum","floor":136,"key":"SMITH"},{"data":"Feed","floor":145,"key":"SMITH"},{"data":"hubris:DuctTapeCard","floor":153,"key":"SMITH"}],"circlet_count":0,"master_deck":["Defend_R+1","Whirlwind+1","ReplayTheSpireMod:Corrosion Curse+1","ReplayTheSpireMod:Chaos Vortex+1","ReplayTheSpireMod:LeadingStrike+1","Sword Boomerang","Reaper+1","Battle Trance+1","Thunderclap","Deep Breath+1","jedi:harder+1","Headbutt+1","Warcry+1","ReplayReversal+1","ReplayTheSpireMod:Corrosion Curse+1","jedi:unlimitedpower","Shrug It Off+1","Iron Wave","Shrug It Off","Barricade+1","infinitespire:Collect+1","infinitespire:NeuralNetwork+1","Double Tap+1","Iron Wave","Offering+1","Madness+1","Madness+1","Demonic Infusion+1","blackbeard:PiratesWill+1","hubris:Rewind+1","blackbeard:Rum+1","Replay:Undeath\u0027s Touch","blackbeard:Rum+1","Exhume+1","hubris:DuctTapeCard+2","blackbeard:TheDrunkenSailor","Feed+1","Metallicize+1"],"relics":["Burning Blood","potionbrewer:MortarAndPestle","Replay:Bandana","aspiration:StickyExplosives_weak","vexMod:DeviousBotling","Ice Cream","infinitespire:Satchel","jedi:angrymask","Self Forming Clay","Kunai","Anchor","potionbrewer:BhaskarasWheel","hubris:Potato","aspiration:FrozenJewel","aspiration:Lifesprig","Simple Rune","hubris:BottledRain","hubris:GlazedTorus","Boot","CaptainsWheel","Orichalcum","hubris:SlimyHat","Replay:Wanted Poster","infinitespire:Eraser","WarpedTongs","hubris:Towel","Paper Frog","Gremlin Food","Omamori","infinitespire:EvilPickle","Runic Cube","Pondfish Scales","hubris:DisguiseKit","jedi:cryingmask","hubris:TerracottaHorce","CultistMask","MerchantsRug","Replay:Rubber Ducky","hubris:ChampionShield","infinitespire:Lucky Rock","Potion Belt","The Courier","potionbrewer:Torch","Runic Pyramid","vexMod:RetaliationKit","Meat on the Bone","Guide Book","Tiny Chest","infinitespire:CursedDice","Whetstone","ReplayTheSpireMod:Spearhead","Replay:Mystery Machine","Replay:Baseball","MealTicket","Mirror","Incense Burner","hubris:Backtick","hubris:DuctTape","ReplayTheSpireMod:Shallot","hubris:ToyBattleship","jedi:shrinkray","hubris:Metronome","hubris:CuriousFeather"],"acts_visited":["Exordium","TheCity","TheBeyond","Exordium","TheCity","TheBeyond","Exordium","TheCity","TheBeyond"],"potions_floor_usage":[35,37,41,90,90,118,134,134,139,144,148,148,152],"damage_taken":[{"damage":9.0,"enemies":"2 Louse","floor":1.0,"turns":3.0},{"damage":2.0,"enemies":"Small Slimes","floor":3.0,"turns":4.0},{"damage":0.0,"enemies":"Cultist","floor":7.0,"turns":4.0},{"damage":0.0,"enemies":"Red Slaver","floor":8.0,"turns":4.0},{"damage":0.0,"enemies":"3 Louse","floor":12.0,"turns":1.0},{"damage":9.0,"enemies":"Gremlin Nob","floor":13.0,"turns":4.0},{"damage":14.0,"enemies":"Looter","floor":14.0,"turns":3.0},{"damage":68.0,"enemies":"Fading Forest","floor":16.0,"turns":11.0},{"damage":5.0,"enemies":"Spheric Guardian","floor":18.0,"turns":4.0},{"damage":5.0,"enemies":"Shell Parasite","floor":20.0,"turns":4.0},{"damage":13.0,"enemies":"3 Cultists","floor":21.0,"turns":4.0},{"damage":43.0,"enemies":"Book of Stabbing","floor":23.0,"turns":5.0},{"damage":31.0,"enemies":"Nightmare","floor":25.0,"turns":6.0},{"damage":0.0,"enemies":"Gremlin Leader","floor":28.0,"turns":4.0},{"damage":6.0,"enemies":"Sentry and Sphere","floor":30.0,"turns":4.0},{"damage":0.0,"enemies":"Snake Plant","floor":31.0,"turns":3.0},{"damage":30.0,"enemies":"Collector","floor":33.0,"turns":8.0},{"damage":1,"enemies":"3 Shapes","floor":35,"turns":4},{"damage":18,"enemies":"Mind Bloom Boss Battle","floor":36,"turns":6},{"damage":0,"enemies":"3 Darklings","floor":39,"turns":4},{"damage":0,"enemies":"Nightmare","floor":41,"turns":6},{"damage":0,"enemies":"Writhing Mass","floor":45,"turns":5},{"damage":0,"enemies":"4 Shapes","floor":47,"turns":3},{"damage":0,"enemies":"Jaw Worm Horde","floor":48,"turns":4},{"damage":22,"enemies":"hubris:GrandSnecko","floor":50,"turns":12},{"damage":0,"enemies":"2 Louse","floor":52,"turns":1},{"damage":0,"enemies":"Jaw Worm","floor":56,"turns":1},{"damage":0,"enemies":"Gremlin Nob","floor":58,"turns":1},{"damage":0,"enemies":"Cultist","floor":59,"turns":2},{"damage":0,"enemies":"Lots of Slimes","floor":61,"turns":1},{"damage":0,"enemies":"2 Fungi Beasts","floor":62,"turns":3},{"damage":0,"enemies":"Looter","floor":64,"turns":2},{"damage":0,"enemies":"Gremlin Gang","floor":65,"turns":3},{"damage":41,"enemies":"Slime Boss","floor":67,"turns":4},{"damage":0,"enemies":"Chosen","floor":69,"turns":3},{"damage":0,"enemies":"Spheric Guardian","floor":72,"turns":2},{"damage":17,"enemies":"Snecko","floor":73,"turns":5},{"damage":18,"enemies":"Centurion and Healer","floor":80,"turns":4},{"damage":0,"enemies":"Chosen and Byrds","floor":82,"turns":2},{"damage":0,"enemies":"Pondfish","floor":84,"turns":2},{"damage":0,"enemies":"Orb Walker","floor":86,"turns":1},{"damage":87,"enemies":"Mind Bloom Boss Battle","floor":87,"turns":4},{"damage":3,"enemies":"3 Darklings","floor":90,"turns":4},{"damage":10,"enemies":"4 Shapes","floor":96,"turns":2},{"damage":10,"enemies":"Sphere and 2 Shapes","floor":97,"turns":2},{"damage":0,"enemies":"Writhing Mass","floor":98,"turns":1},{"damage":0,"enemies":"4 Shapes","floor":99,"turns":2},{"damage":2,"enemies":"Time Eater","floor":101,"turns":7},{"damage":0,"enemies":"2 Louse","floor":103,"turns":2},{"damage":0,"enemies":"Cultist","floor":106,"turns":1},{"damage":12,"enemies":"Jaw Worm","floor":107,"turns":2},{"damage":0,"enemies":"Gremlin Gang","floor":111,"turns":2},{"damage":0,"enemies":"Gremlin Nob","floor":114,"turns":2},{"damage":0,"enemies":"Looter","floor":115,"turns":1},{"damage":0,"enemies":"Blue Slaver","floor":117,"turns":1},{"damage":16,"enemies":"Lots of Slimes","floor":118,"turns":2},{"damage":67,"enemies":"Hexaghost","floor":120,"turns":4},{"damage":0,"enemies":"Spheric Guardian","floor":122,"turns":4},{"damage":22,"enemies":"2 Thieves","floor":123,"turns":3},{"damage":0,"enemies":"Snake Plant","floor":126,"turns":2},{"damage":0,"enemies":"Sentry and Sphere","floor":128,"turns":2},{"damage":0,"enemies":"Centurion and Healer","floor":129,"turns":2},{"damage":0,"enemies":"Book of Stabbing","floor":134,"turns":3},{"damage":0,"enemies":"Snecko","floor":135,"turns":2},{"damage":0,"enemies":"Automaton","floor":137,"turns":6},{"damage":0,"enemies":"Orb Walker","floor":139,"turns":1},{"damage":0,"enemies":"3 Shapes","floor":141,"turns":2},{"damage":0,"enemies":"R_Hoarder","floor":144,"turns":4},{"damage":0,"enemies":"Maw","floor":146,"turns":4},{"damage":52,"enemies":"Writhing Mass","floor":148,"turns":3},{"damage":0,"enemies":"Mind Bloom Boss Battle","floor":150,"turns":3},{"damage":0,"enemies":"Sphere and 2 Shapes","floor":151,"turns":3},{"damage":0,"enemies":"Transient","floor":152,"turns":4},{"damage":0,"enemies":"infinitespire:LordOfFortification","floor":154,"turns":2}],"seed_played":"7168021412131701851","potions_obtained":[{"floor":1.0,"key":"Explosive Potion"},{"floor":3.0,"key":"Elixir"},{"floor":13.0,"key":"Venom Potion"},{"floor":16.0,"key":"GamblersBrew"},{"floor":18.0,"key":"DistilledChaos"},{"floor":20.0,"key":"Venom Potion"},{"floor":28.0,"key":"Energy Potion"},{"floor":30.0,"key":"FairyPotion"},{"floor":33.0,"key":"PowerPotion"},{"floor":35,"key":"jedi:holywater"},{"floor":39,"key":"SpeedPotion"},{"floor":47,"key":"BloodPotion"},{"floor":56,"key":"BloodPotion"},{"floor":106,"key":"Languid Potion"},{"floor":107,"key":"potionbrewer:QuicksilverPotion"},{"floor":117,"key":"Energy Potion"},{"floor":126,"key":"potionbrewer:DiscountPotion"},{"floor":128,"key":"Dexterity Potion"},{"floor":131,"key":"SpeedPotion"},{"floor":135,"key":"Ancient Potion"},{"floor":139,"key":"potionbrewer:ToxicPotion"},{"floor":141,"key":"SkillPotion"},{"floor":150,"key":"Fire Potion"},{"floor":151,"key":"Fire Potion"}],"is_trial":false,"path_per_floor":["M","?","M","?","?","R","M","M","T","$","?","M","E","M","R","B",null,"M","T","M","M","$","E","R","NM","T","?","E","?","M","M","R","B",null,"M","?","$","T","M","R","NM","R","T","?","M","?","M","M","R_BF","B",null,"M","$","?","T","M","R","E","M","T","M","M","R","M","M","R_BF","B",null,"M","AVR","?","M","M","R","?","R","T","?","T","M","R","M","R_BF","B",null,"M","?","?","T","M","R","?","R","T","?","M","M","M","M","R","B",null,"M","?","$","M","M","PTL","PTL","R","M","R","T","E","M","AVR","M","M","R_BF","B",null,"M","M","?","$","M","R","M","M","T","?","R","T","E","M","R","B",null,"M","?","M","?","AVR","E","R","M","T","M","T","?","M","M","R","B"],"character_chosen":"IRONCLAD","items_purchased":["Replay:Bandana","Inflame","infinitespire:Satchel","Fruit Juice","aspiration:FrozenJewel","Warcry","Shrug It Off","hubris:GlazedTorus","Iron Wave","MerchantsRug","Shrug It Off","Replay:Rubber Ducky","hubris:ChampionShield","Meat on the Bone","Guide Book","Tiny Chest","infinitespire:CursedDice","Whetstone","ReplayTheSpireMod:Spearhead","Replay:Mystery Machine","Replay:Baseball","BlessingOfTheForge","Dexterity Potion","potionbrewer:HastePotion"],"campfire_rested":1,"item_purchase_floors":[10,22,22,37,37,37,53,53,53,105,105,105,105,125,125,125,125,125,125,125,125,125,125,125],"current_hp_per_floor":[77,77,80,85,64,64,70,76,76,81,81,85,82,74,74,22,85,85,85,85,78,78,41,66,49,49,49,74,66,72,85,85,65,85,85,73,78,78,90,90,90,90,90,90,90,90,90,90,90,74,120,120,120,126,126,126,126,126,126,126,126,126,126,126,126,126,91,126,126,126,126,126,126,126,126,126,126,126,126,114,114,120,120,126,126,126,45,29,29,95,95,95,95,95,108,104,100,106,112,112,126,126,126,126,126,126,120,120,120,120,126,126,126,126,126,126,126,116,116,55,108,119,103,103,103,109,109,120,126,126,111,111,111,132,132,132,132,132,132,132,132,132,132,132,132,145,145,109,109,115,155,155,155,155,155],"gold":2192,"neow_bonus":"HUNDRED_GOLD","is_daily":false,"chose_seed":false,"campfire_upgraded":20,"win_rate":0.0,"timestamp":1610151322,"path_taken":["M","?","M","?","?","R","M","M","T","$","?","?","E","M","R","BOSS","M","?","M","M","$","E","R","NM","T","?","E","?","M","M","R","BOSS","M","?","?","?","M","R","NM","R","T","?","?","?","?","M","R_BF","BOSS","M","$","?","?","M","R","E","M","T","M","M","R","M","?","R_BF","BOSS","M","AVR","?","?","M","R","?","R","T","?","?","M","R","M","R_BF","BOSS","M","?","?","?","?","R","?","R","T","?","?","M","M","?","R","BOSS","M","?","$","M","M","PTL","PTL","R","?","R","T","E","M","AVR","?","M","R_BF","BOSS","M","?","?","$","?","R","M","?","T","?","R","?","E","M","R","BOSS","M","?","M","?","AVR","E","R","M","T","?","?","?","M","?","R","BOSS"],"items_purchased_type":["Relic","Card","Relic","Potion","Relic","Card","Card","Relic","Card","Relic","Card","Relic","Relic","Relic","Relic","Relic","Relic","Relic","Relic","Relic","Relic","Potion","Potion","Potion"],"build_version":"2020-12-22","purchased_purges":11,"victory":false,"max_hp_per_floor":[80,80,80,85,85,85,85,85,85,85,85,85,85,85,85,85,85,85,85,85,85,85,85,85,85,85,85,85,85,85,85,85,85,85,85,85,90,90,90,90,90,90,90,90,90,90,90,90,90,90,120,120,120,126,126,126,126,126,126,126,126,126,126,126,126,126,126,126,126,126,126,126,126,126,126,126,126,126,126,126,126,126,126,126,126,126,126,126,126,126,126,126,126,126,126,126,126,126,126,126,126,126,126,126,126,126,126,126,126,126,126,126,126,126,126,126,126,126,126,126,126,126,126,126,126,126,126,126,126,126,132,132,132,132,132,132,132,132,132,132,132,132,132,132,132,145,145,155,155,155,155,155,155,155,155],"card_choices":[{"not_picked":["Sentinel","Replay:Undeath\u0027s Touch"],"picked":"Whirlwind","floor":1.0},{"not_picked":["Wild Strike","Body Slam"],"picked":"ReplayTheSpireMod:Corrosion Curse","floor":3.0},{"not_picked":["infinitespire:DeathsTouch","infinitespire:TheBestDefense"],"picked":"ReplayTheSpireMod:Chaos Vortex","floor":5.0},{"not_picked":["True Grit","Entrench","Uppercut"],"picked":"SKIP","floor":7.0},{"not_picked":["Clothesline","Clash"],"picked":"ReplayTheSpireMod:LeadingStrike","floor":8.0},{"not_picked":["Burning Pact","Entrench"],"picked":"Sword Boomerang","floor":12.0},{"not_picked":["Perfected Strike","Heavy Blade","Headbutt"],"picked":"SKIP","floor":13.0},{"not_picked":["Pommel Strike","True Grit"],"picked":"Twin Strike","floor":14.0},{"not_picked":["Bludgeon","Eclipse"],"picked":"Reaper","floor":16.0},{"not_picked":["Iron Wave+1","Clash"],"picked":"ReplayTheSpireMod:LeadingStrike","floor":18.0},{"not_picked":["Pommel Strike","Flame Barrier","Flex"],"picked":"SKIP","floor":20.0},{"not_picked":["True Grit","Run Through+1","Dropkick+1"],"picked":"SKIP","floor":21.0},{"not_picked":["hubris:ReadiedAction+1","Flex+1"],"picked":"Battle Trance","floor":23.0},{"not_picked":["jedi:controlledanger","Sentinel+1"],"picked":"Thunderclap","floor":25.0},{"not_picked":["Uppercut","Reaper","Heavy Blade"],"picked":"SKIP","floor":28.0},{"not_picked":["Havoc","hubris:ReadiedAction","Carnage"],"picked":"SKIP","floor":30.0},{"not_picked":["jedi:fear","Clothesline+1","Evolve"],"picked":"SKIP","floor":31.0},{"not_picked":["Fiend Fire","jedi:strikingstrike"],"picked":"jedi:harder","floor":33.0},{"not_picked":["Hemokinesis","ReplayTheSpireMod:Strike From Hell+1","Clothesline"],"picked":"SKIP","floor":35},{"not_picked":["Thunderclap","hubris:ReadiedAction+1"],"picked":"Headbutt","floor":36},{"not_picked":["Anger","Armaments+1"],"picked":"ReplayReversal+1","floor":39},{"not_picked":["Bludgeon","Immolate"],"picked":"Rampage+1","floor":41},{"not_picked":["Defy Death+1","Anger+1","Thunderclap+1"],"picked":"SKIP","floor":45},{"not_picked":["Blood for Blood+1","Wild Strike"],"picked":"ReplayTheSpireMod:Corrosion Curse+1","floor":47},{"not_picked":["Feel No Pain+1","Havoc+1","Battle Trance"],"picked":"SKIP","floor":48},{"not_picked":["Exhume","Replay:Many Hands"],"picked":"jedi:unlimitedpower","floor":50},{"not_picked":["Whirlwind","infinitespire:OneForAll","Clash"],"picked":"SKIP","floor":52},{"not_picked":["jedi:fear","Run Through","Perfected Strike"],"picked":"SKIP","floor":56},{"not_picked":["jedi:MakeshiftSword","jedi:suffering"],"picked":"Shrug It Off","floor":58},{"not_picked":["Inflame","Twin Strike","Run Through"],"picked":"SKIP","floor":59},{"not_picked":["Abandon","Clash","Disarm"],"picked":"SKIP","floor":61},{"not_picked":["Thunderclap","Intimidate","hubris:ReadiedAction"],"picked":"SKIP","floor":62},{"not_picked":["Power Through","Sword Boomerang","Replay:Undeath\u0027s Touch"],"picked":"SKIP","floor":64},{"not_picked":["Flex","Heavy Blade","Cleave"],"picked":"SKIP","floor":65},{"not_picked":["Hemogenesis","jedi:bloodyhammer"],"picked":"Barricade","floor":67},{"not_picked":["infinitespire:TheBestDefense","infinitespire:SealOfDarkness+"],"picked":"infinitespire:Collect","floor":69},{"not_picked":["jedi:fear","Shockwave+1","Sword Boomerang+1"],"picked":"SKIP","floor":69},{"not_picked":["Sword Boomerang","Replay:Undeath\u0027s Touch","Havoc+1"],"picked":"SKIP","floor":72},{"not_picked":["Sword Boomerang","Headbutt"],"picked":"Double Tap","floor":73},{"not_picked":["Combust","Double Tap"],"picked":"Iron Wave","floor":80},{"not_picked":["Wild Strike","Headbutt","Metallicize"],"picked":"SKIP","floor":82},{"not_picked":["hubris:StunningStrike","jedi:harder"],"picked":"Offering","floor":84},{"not_picked":["jedi:fear+1","ReplayTheSpireMod:Strike From Hell+1","jedi:MakeshiftSword+1"],"picked":"SKIP","floor":86},{"not_picked":["Heavy Blade","Sword Boomerang+1","Rampage","blackbeard:DoubleCannonball"],"picked":"SKIP","floor":90},{"not_picked":["True Grit+1","ReplayTheSpireMod:Stacked+1","blackbeard:WiseDefense"],"picked":"Demonic Infusion","floor":96},{"not_picked":["Body Slam+1","Spot Weakness+1","Thunderclap","blackbeard:VengefulSpirit"],"picked":"SKIP","floor":97},{"not_picked":["Flex+1","Pommel Strike","Wild Strike+1"],"picked":"blackbeard:PiratesWill","floor":98},{"not_picked":["Dual Wield","Clash","jedi:controlledanger","blackbeard:FieryDefense"],"picked":"SKIP","floor":99},{"not_picked":["Dropkick","hubris:ReadiedAction","Sword Boomerang","blackbeard:Eyepatch"],"picked":"SKIP","floor":103},{"not_picked":["Inflame","Clash","Sentinel","blackbeard:Fencing"],"picked":"SKIP","floor":106},{"not_picked":["Warcry","Massacre","Hemokinesis","blackbeard:WeaponProficiency"],"picked":"SKIP","floor":107},{"not_picked":["infinitespire:OneForAll","jedi:fear","Evolve","blackbeard:PowderKeg"],"picked":"SKIP","floor":111},{"not_picked":["Reckless Charge","Flex","Disarm","blackbeard:Anchor"],"picked":"SKIP","floor":114},{"not_picked":["Twin Strike","Seeing Red","Wild Strike","blackbeard:CloakAndCannonball"],"picked":"SKIP","floor":115},{"not_picked":["Burning Pact","hubris:SharpeningStone","Wild Strike","blackbeard:GhostInTheRum"],"picked":"SKIP","floor":117},{"not_picked":["hubris:SharpeningStone","infinitespire:OneForAll","Sever Soul","blackbeard:RearmingStrike"],"picked":"SKIP","floor":118},{"not_picked":["jedi:fear","Thunderclap","Wild Strike","blackbeard:PiratesWill"],"picked":"SKIP","floor":122},{"not_picked":["ReplayTheSpireMod:Strike From Hell","Hemogenesis","Wild Strike"],"picked":"blackbeard:Rum","floor":123},{"not_picked":["Wild Strike+1","Pummel","Run Through+1","blackbeard:CloakAndCannonball"],"picked":"SKIP","floor":126},{"not_picked":["Heavy Blade","Anger+1","blackbeard:CannonballSupply"],"picked":"Replay:Undeath\u0027s Touch","floor":128},{"not_picked":["Reckless Charge+1","Flex","Twin Strike"],"picked":"blackbeard:Rum","floor":129},{"not_picked":["ReplayTheSpireMod:Stacked","ReplayTheSpireMod:Strike From Hell+1","Inflame","blackbeard:Fencing"],"picked":"SKIP","floor":134},{"not_picked":["Disarm","Iron Wave","Clothesline","blackbeard:Shrapnel"],"picked":"SKIP","floor":135},{"not_picked":["Brutality","Fiend Fire","blackbeard:Lifeboat"],"picked":"Exhume","floor":137},{"not_picked":["Evolve+1","Clash","Second Wind","blackbeard:DelayedPain"],"picked":"SKIP","floor":139},{"not_picked":["Inflame+1","Clothesline","Defy Death"],"picked":"blackbeard:TheDrunkenSailor","floor":141},{"not_picked":["Replay:Undeath\u0027s Touch","Anger","blackbeard:Recklessness"],"picked":"Feed","floor":144},{"not_picked":["Whirlwind","Clash","Sentinel","blackbeard:Murder"],"picked":"SKIP","floor":146},{"not_picked":["Shrug It Off","Twin Strike","blackbeard:Fencing"],"picked":"Metallicize+1","floor":148},{"not_picked":["hubris:ReadiedAction","Flame Barrier+1","Perfected Strike+1","blackbeard:Sword"],"picked":"SKIP","floor":151},{"not_picked":["Flex","ReplayTheSpireMod:Corrosion Curse","Sword Boomerang+1","blackbeard:FishingNets"],"picked":"SKIP","floor":152}],"player_experience":120251,"relics_obtained":[{"floor":9.0,"key":"potionbrewer:MortarAndPestle"},{"floor":13.0,"key":"aspiration:StickyExplosives_weak"},{"floor":19.0,"key":"Ice Cream"},{"floor":23.0,"key":"jedi:angrymask"},{"floor":25.0,"key":"War Paint"},{"floor":26.0,"key":"Self Forming Clay"},{"floor":28.0,"key":"Kunai"},{"floor":36,"key":"hubris:Potato"},{"floor":38,"key":"aspiration:Lifesprig"},{"floor":41,"key":"Simple Rune"},{"floor":43,"key":"hubris:BottledRain"},{"floor":55,"key":"Boot"},{"floor":58,"key":"CaptainsWheel"},{"floor":60,"key":"Orichalcum"},{"floor":66,"key":"hubris:SlimyHat"},{"floor":77,"key":"Paper Frog"},{"floor":79,"key":"Omamori"},{"floor":87,"key":"Pondfish Scales"},{"floor":89,"key":"hubris:DisguiseKit"},{"floor":94,"key":"jedi:cryingmask"},{"floor":113,"key":"infinitespire:Lucky Rock"},{"floor":114,"key":"Potion Belt"},{"floor":130,"key":"MealTicket"},{"floor":131,"key":"vexMod:BerryBomb"},{"floor":133,"key":"Mirror"},{"floor":134,"key":"Incense Burner"},{"floor":144,"key":"hubris:ToyBattleship"},{"floor":147,"key":"jedi:shrinkray"},{"floor":149,"key":"hubris:Metronome"},{"floor":150,"key":"hubris:CuriousFeather"}],"event_choices":[{"cards_removed":["Strike_R"],"damage_healed":0.0,"max_hp_gain":0.0,"max_hp_loss":0.0,"gold_gain":0.0,"event_name":"Living Wall","player_choice":"Forget","floor":2.0,"gold_loss":0.0,"damage_taken":0.0},{"damage_healed":0.0,"max_hp_gain":5.0,"max_hp_loss":0.0,"gold_gain":0.0,"event_name":"Big Fish","player_choice":"Donut","floor":4.0,"gold_loss":0.0,"damage_taken":0.0},{"cards_removed":["Strike_R"],"damage_healed":0.0,"max_hp_gain":0.0,"max_hp_loss":0.0,"gold_gain":0.0,"event_name":"Purifier","player_choice":"Purged","floor":11.0,"gold_loss":0.0,"damage_taken":0.0},{"cards_removed":["ReplayTheSpireMod:Chaos Vortex"],"damage_healed":0.0,"max_hp_gain":0.0,"max_hp_loss":0.0,"gold_gain":0.0,"event_name":"betterNote:BetterNote","player_choice":"Take \u0026 Give","floor":27.0,"gold_loss":0.0,"damage_taken":0.0,"cards_obtained":["Deep Breath"]},{"damage_healed":0.0,"max_hp_gain":0.0,"max_hp_loss":0.0,"gold_gain":0.0,"event_name":"blackbeard:ShipwreckEvent","player_choice":"Anchor","floor":29.0,"gold_loss":0.0,"damage_taken":0.0,"relics_obtained":["Anchor"]},{"damage_healed":0,"gold_gain":0,"player_choice":"Fight","damage_taken":0,"max_hp_gain":0,"max_hp_loss":0,"event_name":"MindBloom","floor":36,"gold_loss":0},{"damage_healed":0,"gold_gain":0,"player_choice":"Cursed","damage_taken":0,"max_hp_gain":0,"max_hp_loss":0,"event_name":"Wheel of Change","floor":46,"gold_loss":0,"cards_obtained":["Decay"]},{"damage_healed":0,"gold_gain":0,"player_choice":"Bought 0 Potions","damage_taken":0,"max_hp_gain":0,"max_hp_loss":0,"event_name":"The Woman in Blue","floor":49,"gold_loss":0},{"damage_healed":0,"gold_gain":0,"player_choice":"RENOUNCE","damage_taken":39,"max_hp_gain":0,"max_hp_loss":0,"event_name":"betterThird:BetterSerpent","floor":54,"gold_loss":39,"cards_obtained":["Enlightenment"]},{"damage_healed":0,"gold_gain":0,"player_choice":"Rummage","damage_taken":0,"relics_obtained":["WarpedTongs"],"max_hp_gain":0,"max_hp_loss":0,"event_name":"Accursed Blacksmith","floor":71,"gold_loss":0,"cards_obtained":["Pain"]},{"damage_healed":0,"gold_gain":0,"player_choice":"Obtained Relic","damage_taken":0,"relics_obtained":["Gremlin Food"],"max_hp_gain":0,"max_hp_loss":0,"event_name":"Addict","floor":78,"gold_loss":85},{"damage_healed":0,"gold_gain":0,"player_choice":"Fight","damage_taken":0,"max_hp_gain":0,"max_hp_loss":0,"event_name":"MindBloom","floor":87,"gold_loss":0},{"damage_healed":0,"gold_gain":0,"player_choice":"Embrace Madness","damage_taken":16,"max_hp_gain":0,"max_hp_loss":0,"event_name":"Winding Halls","floor":88,"gold_loss":0,"cards_obtained":["Madness","Madness"]},{"damage_healed":0,"gold_gain":0,"player_choice":"Ignored","damage_taken":0,"max_hp_gain":0,"max_hp_loss":0,"event_name":"Tomb of Lord Red Mask","floor":92,"gold_loss":0},{"damage_healed":0,"gold_gain":0,"player_choice":"Trade","damage_taken":0,"relics_obtained":["CultistMask"],"max_hp_gain":0,"max_hp_loss":0,"event_name":"FaceTrader","floor":104,"gold_loss":0},{"damage_healed":0,"gold_gain":225,"player_choice":"YARR","damage_taken":0,"relics_obtained":["potionbrewer:Torch"],"max_hp_gain":0,"max_hp_loss":0,"event_name":"blackbeard:Ssssserpent","floor":119,"gold_loss":0},{"cards_removed":["Inflame"],"damage_healed":0,"gold_gain":0,"player_choice":"Gave Card","damage_taken":0,"relics_obtained":["vexMod:RetaliationKit"],"max_hp_gain":0,"max_hp_loss":0,"event_name":"WeMeetAgain","floor":124,"gold_loss":0},{"cards_removed":["ReplayTheSpireMod:LeadingStrike"],"damage_healed":0,"gold_gain":0,"player_choice":"Removed Attack","damage_taken":0,"max_hp_gain":0,"max_hp_loss":0,"event_name":"Falling","floor":140,"gold_loss":0},{"cards_removed":["Defend_R"],"damage_healed":0,"gold_gain":0,"player_choice":"Upgrade and Remove","damage_taken":0,"max_hp_gain":0,"max_hp_loss":0,"event_name":"Designer","floor":142,"gold_loss":90,"cards_upgraded":["Exhume"]},{"damage_healed":0,"gold_gain":0,"player_choice":"Fight","damage_taken":0,"max_hp_gain":0,"max_hp_loss":0,"event_name":"MindBloom","floor":150,"gold_loss":0}],"is_beta":false,"boss_relics":[{"not_picked":["Tiny House","Painkiller Herb"],"picked":"vexMod:DeviousBotling"},{"not_picked":["Honey Jar","ReplayTheSpireMod:SealedPack"],"picked":"potionbrewer:BhaskarasWheel"},{"not_picked":["Busted Crown","ReplayTheSpireMod:DimensionalGlitch"],"picked":"vexMod:BigBerry"},{"not_picked":["hubris:CrackedHourglass","hubris:BlackHole"],"picked":"Replay:Wanted Poster"},{"not_picked":["Ring of Chaos","Busted Crown"],"picked":"Runic Cube"},{"not_picked":["Kintsugi","ReplayTheSpireMod:SealedPack"],"picked":"hubris:TerracottaHorce"},{"not_picked":["ReplayTheSpireMod:DimensionalGlitch","aspiration:SecretTechniqueScroll"],"picked":"Runic Pyramid"},{"not_picked":["hubris:Stopwatch","Black Star"],"picked":"hubris:Backtick"}],"items_purged_floors":[10,22,37,53,70,105,105,116,125,125,143],"is_endless":true,"potions_floor_spawned":[1,3,13,16,18,20,28,30,33,35,39,47,48,50,56,61,62,67,69,72,84,86,87,106,107,117,120,126,128,135,139,141,150,151],"killed_by":"infinitespire:LordOfFortification","ascension_level":0}}