{"host":"7po9pgh86bqe2blc","time":1610152001,"event":{"mods":["BaseMod","ChefMod","Colored Map","Colored Powertips","Hermit","Koishi","Minty Spire (QoL Compilation)","StSLib","The Cursed","The Disciple","The Hierophant","The Runesmith"],"gold_per_floor":[112,112,129,145,70,98,98,121,121,143,9,32,107,128,128,232,232,282,15,15,52,77,77,136,156,156,156,156,238,263,143,143,255,255,276,299,45,70,70,106,132,170,170,191,206,232,271,295,295,275],"floor_reached":51,"playtime":3518,"items_purged":["hierophant:Defend_Hierophant","hierophant:Strike_Hierophant","hierophant:Prophecy","hierophant:Cornucopia","hierophant:Repentance"],"score":952,"play_id":"076c76c3-2244-4da1-83cc-981cefa894e1","local_time":"20210109012641","is_ascension_mode":false,"campfire_choices":[{"data":"hierophant:ChurchCoffers","floor":7.0,"key":"SMITH"},{"data":"hierophant:FlamingChariot","floor":15.0,"key":"SMITH"},{"data":"hierophant:LocustPlague","floor":23.0,"key":"SMITH"},{"data":"hierophant:FlamingChariot","floor":27,"key":"SMITH"},{"floor":32,"key":"REST"},{"data":"hierophant:OrnateBuckler","floor":49,"key":"SMITH"}],"circlet_count":0,"master_deck":["hierophant:Punish+1","hierophant:ChurchCoffers+1","hierophant:OrnateBuckler+1","hierophant:FlamingChariot+1","hierophant:Glossolalia","hierophant:RepressedViolence+1","hierophant:Doomsaying","hierophant:LocustPlague+1","hierophant:OrnateBuckler+1","hierophant:FlamingChariot+1","hierophant:SolarFlare+1","hierophant:MorningPrayer+1","hierophant:Glossolalia+1","Parasite"],"relics":["Snecko Eye","Art of War","Bottled Lightning","Pandora\u0027s Box","Pocketwatch","The Courier","Black Star","PreservedInsect","Torii","Bag of Marbles","Bag of Preparation","Whetstone","Molten Egg 2","CeramicFish","Anchor","Ginger","Du-Vu Doll"],"acts_visited":["Exordium","TheCity","TheBeyond"],"potions_floor_usage":[42],"damage_taken":[{"damage":0.0,"enemies":"Cultist","floor":1.0,"turns":3.0},{"damage":5.0,"enemies":"Small Slimes","floor":3.0,"turns":4.0},{"damage":0.0,"enemies":"2 Louse","floor":4.0,"turns":1.0},{"damage":0.0,"enemies":"Gremlin Nob","floor":6.0,"turns":2.0},{"damage":0.0,"enemies":"Blue Slaver","floor":8.0,"turns":3.0},{"damage":12.0,"enemies":"Exordium Thugs","floor":10.0,"turns":3.0},{"damage":0.0,"enemies":"3 Louse","floor":12.0,"turns":2.0},{"damage":0.0,"enemies":"2 Fungi Beasts","floor":14.0,"turns":2.0},{"damage":10.0,"enemies":"The Guardian","floor":16.0,"turns":6.0},{"damage":24.0,"enemies":"Shell Parasite","floor":18.0,"turns":4.0},{"damage":2.0,"enemies":"Chosen","floor":21.0,"turns":3.0},{"damage":1.0,"enemies":"3 Cultists","floor":22.0,"turns":3.0},{"damage":0.0,"enemies":"Cultist and Chosen","floor":24.0,"turns":3.0},{"damage":0,"enemies":"Snake Plant","floor":25,"turns":1},{"damage":0,"enemies":"Centurion and Healer","floor":29,"turns":2},{"damage":0,"enemies":"Snecko","floor":30,"turns":2},{"damage":0,"enemies":"Collector","floor":33,"turns":4},{"damage":7,"enemies":"3 Darklings","floor":35,"turns":2},{"damage":0,"enemies":"3 Shapes","floor":36,"turns":2},{"damage":0,"enemies":"Jaw Worm Horde","floor":38,"turns":3},{"damage":0,"enemies":"Reptomancer","floor":40,"turns":2},{"damage":1,"enemies":"Writhing Mass","floor":41,"turns":3},{"damage":0,"enemies":"Nemesis","floor":42,"turns":1},{"damage":0,"enemies":"3 Darklings","floor":44,"turns":1},{"damage":0,"enemies":"Giant Head","floor":45,"turns":3},{"damage":0,"enemies":"Maw","floor":46,"turns":2},{"damage":0,"enemies":"Reptomancer","floor":47,"turns":1},{"damage":0,"enemies":"Spire Growth","floor":48,"turns":2},{"damage":17,"enemies":"Awakened One","floor":50,"turns":4}],"seed_played":"3997918289206726929","potions_obtained":[{"floor":1.0,"key":"CultistPotion"},{"floor":3.0,"key":"EssenceOfSteel"},{"floor":6.0,"key":"PowerPotion"},{"floor":21.0,"key":"Explosive Potion"},{"floor":33,"key":"PowerPotion"},{"floor":42,"key":"Energy Potion"}],"is_trial":false,"path_per_floor":["M","?","M","M","$","E","R","M","T","M","$","M","?","M","R","B",null,"M","$","?","M","M","R","M","M","T","R","?","M","M","$","R","B",null,"M","M","$","M","?","E","M","E","T","M","E","M","E","M","R","B",null],"character_chosen":"HIEROPHANT","items_purchased":["hierophant:Glossolalia","hierophant:LocustPlague","PreservedInsect"],"campfire_rested":1,"item_purchase_floors":[11,19,37],"current_hp_per_floor":[75,75,70,70,70,70,70,70,70,58,58,58,47,47,47,37,75,51,51,51,49,48,48,48,48,48,48,48,48,48,48,70,70,75,68,68,68,68,68,68,67,67,67,67,67,67,67,67,67,50],"gold":275,"neow_bonus":"BOSS_RELIC","is_daily":false,"chose_seed":false,"campfire_upgraded":5,"win_rate":0.0,"timestamp":1610152001,"path_taken":["M","?","?","M","$","E","R","M","T","M","$","M","?","M","R","BOSS","M","$","?","M","M","R","M","M","T","R","?","M","?","$","R","BOSS","M","M","$","M","?","E","M","E","T","M","E","M","E","M","R","BOSS"],"items_purchased_type":["Card","Card","Relic"],"build_version":"2020-12-13","purchased_purges":5,"victory":true,"max_hp_per_floor":[75,75,75,75,75,75,75,75,75,75,75,75,75,75,75,75,75,75,75,75,75,75,75,75,75,75,75,75,75,75,75,75,75,75,75,75,75,75,71,71,71,71,71,71,71,71,71,71,71,71],"card_choices":[{"not_picked":["hierophant:OrnateJavelin","hierophant:PassingBell","hierophant:Empathy"],"picked":"SKIP","floor":1.0},{"not_picked":["hierophant:Shelter","hierophant:Racketeering"],"picked":"hierophant:OrnateBuckler","floor":3.0},{"not_picked":["hierophant:Dazzle","hierophant:Encroach"],"picked":"hierophant:FlamingChariot","floor":4.0},{"not_picked":["hierophant:Sermon","hierophant:Blessing","hierophant:Chorus"],"picked":"SKIP","floor":6.0},{"not_picked":["hierophant:Doomsaying","hierophant:Cornucopia","hierophant:Flagellation"],"picked":"SKIP","floor":8.0},{"not_picked":["hierophant:Patience","hierophant:AuricShield","hierophant:Dazzle"],"picked":"SKIP","floor":10.0},{"not_picked":["hierophant:SealAway","hierophant:Encroach","hierophant:Doubloon"],"picked":"SKIP","floor":12.0},{"not_picked":["hierophant:RustyCrate","hierophant:Refuge","hierophant:MirrorShield"],"picked":"SKIP","floor":14.0},{"not_picked":["hierophant:ThreeLashes","hierophant:Shelter","hierophant:DisplayOfPower+1"],"picked":"SKIP","floor":18.0},{"not_picked":["hierophant:Purify","hierophant:Remorse"],"picked":"hierophant:OrnateBuckler+1","floor":21.0},{"not_picked":["hierophant:SealAway","hierophant:Prophecy"],"picked":"hierophant:FlamingChariot","floor":22.0},{"not_picked":["hierophant:DivineIntervention","hierophant:Empathy+1"],"picked":"hierophant:SolarFlare+1","floor":24.0},{"not_picked":["hierophant:PassingBell","hierophant:ThreeLashes+1","hierophant:AuricBeam"],"picked":"SKIP","floor":25},{"not_picked":["hierophant:OrnateBuckler","hierophant:Cornucopia"],"picked":"hierophant:MorningPrayer+1","floor":29},{"not_picked":["hierophant:SealAway","hierophant:Exaltation+1","hierophant:MorningPrayer"],"picked":"SKIP","floor":30},{"not_picked":["hierophant:FieryStrike+1","hierophant:Shelter+1","hierophant:OrnateBuckler+1"],"picked":"SKIP","floor":35},{"not_picked":["hierophant:AuricBeam+1","hierophant:Remorse"],"picked":"hierophant:Glossolalia+1","floor":36},{"not_picked":["hierophant:SealAway+1","hierophant:Upheaval","hierophant:Zeal"],"picked":"SKIP","floor":38},{"not_picked":["hierophant:Charity","hierophant:DivineIntervention","hierophant:Purify"],"picked":"SKIP","floor":40},{"not_picked":["hierophant:FlamingChariot+1","hierophant:DisplayOfPower+1","hierophant:HolyVerse+1"],"picked":"SKIP","floor":41},{"not_picked":["hierophant:FlamingChariot+1","hierophant:DisplayOfPower+1","hierophant:HolyVerse+1"],"picked":"SKIP","floor":41},{"not_picked":["hierophant:RustyCrate+1","hierophant:Zeal+1","hierophant:Smite"],"picked":"SKIP","floor":42},{"not_picked":["hierophant:Shelter","hierophant:Sermon+1","hierophant:MintersHammer+1"],"picked":"SKIP","floor":44},{"not_picked":["hierophant:OrnateBuckler","hierophant:HammerAndAnvil+1","hierophant:Racketeering+1"],"picked":"SKIP","floor":45},{"not_picked":["hierophant:AuricBeam+1","hierophant:RustyCrate","hierophant:FlamingChariot+1"],"picked":"SKIP","floor":46},{"not_picked":["hierophant:HammerAndAnvil","hierophant:Empathy","hierophant:DeathKnell"],"picked":"SKIP","floor":47},{"not_picked":["hierophant:SealAway+1","hierophant:Repentance","hierophant:AuricBeam+1"],"picked":"SKIP","floor":48}],"player_experience":323133,"relics_obtained":[{"floor":6.0,"key":"Art of War"},{"floor":9.0,"key":"Bottled Lightning"},{"floor":26,"key":"Pocketwatch"},{"floor":40,"key":"Torii"},{"floor":40,"key":"Bag of Marbles"},{"floor":42,"key":"Bag of Preparation"},{"floor":42,"key":"Whetstone"},{"floor":43,"key":"Molten Egg 2"},{"floor":45,"key":"CeramicFish"},{"floor":45,"key":"Anchor"},{"floor":47,"key":"Ginger"},{"floor":47,"key":"Du-Vu Doll"}],"event_choices":[{"damage_healed":0.0,"max_hp_gain":0.0,"max_hp_loss":0.0,"gold_gain":0.0,"event_name":"The Woman in Blue","player_choice":"Bought 0 Potions","floor":2.0,"gold_loss":0.0,"damage_taken":0.0},{"damage_healed":0.0,"max_hp_gain":0.0,"max_hp_loss":0.0,"gold_gain":75.0,"event_name":"World of Goop","player_choice":"Gather Gold","floor":13.0,"gold_loss":0.0,"damage_taken":11.0},{"cards_removed":["hierophant:Chorus"],"damage_healed":0.0,"max_hp_gain":0.0,"max_hp_loss":0.0,"gold_gain":0.0,"event_name":"Back to Basics","player_choice":"Elegance","floor":20.0,"gold_loss":0.0,"damage_taken":0.0},{"damage_healed":0,"gold_gain":0,"player_choice":"Gave Potion","damage_taken":0,"relics_obtained":["The Courier"],"max_hp_gain":0,"max_hp_loss":0,"event_name":"WeMeetAgain","floor":28,"gold_loss":0},{"damage_healed":0,"gold_gain":0,"player_choice":"Max HP","damage_taken":0,"max_hp_gain":0,"max_hp_loss":4,"event_name":"Winding Halls","floor":39,"gold_loss":0}],"is_beta":false,"boss_relics":[{"not_picked":["Runic Dome","Runic Pyramid"],"picked":"Pandora\u0027s Box"},{"not_picked":["Coffee Dripper","SacredBark"],"picked":"Black Star"}],"items_purged_floors":[5,11,19,31,37],"is_endless":false,"potions_floor_spawned":[1,3,6,21,25,33,35,40,42,44,45,48],"ascension_level":0}}