{"host":"l60rmjjsfi0fipmi","time":1610157300,"event":{"mods":["BaseMod","Colored Map","DeckTracker","Highlight Path","Minty Spire (QoL Compilation)"],"gold_per_floor":[118,128,143,155,168,168,179,179,179,236,201,236,89,119,119,216,216,231,55,66,66,66,66,93,93,93,93,93,93,111,129,129,227,227,243,243,99,99,117,133,152,152,152,52,52,82,82,94,94,94],"floor_reached":51,"playtime":3493,"items_purged":["Strike_G","Strike_G","Writhe"],"score":765,"play_id":"93a61b40-3d7e-4989-a45d-3ac993d60193","local_time":"20210108205500","is_ascension_mode":true,"campfire_choices":[{"data":"Dagger Spray","floor":6,"key":"SMITH"},{"data":"Neutralize","floor":8,"key":"SMITH"},{"data":"Dodge and Roll","floor":15,"key":"SMITH"},{"data":"Terror","floor":23,"key":"SMITH"},{"data":"Accuracy","floor":32,"key":"SMITH"},{"data":"Noxious Fumes","floor":45,"key":"SMITH"},{"data":"Accuracy","floor":47,"key":"SMITH"},{"floor":49,"key":"REST"}],"circlet_count":0,"master_deck":["Defend_G","Defend_G","Defend_G","Survivor","Neutralize+1","Doppelganger","Backstab","Prepared","Backflip","Dash","Dagger Spray+1","Blade Dance","Dodge and Roll+1","Well Laid Plans","Footwork","Expertise","Corpse Explosion","Cloak And Dagger","Terror+1","Blade Dance","Accuracy+1","Accuracy+1","Noxious Fumes+1","After Image+1","Escape Plan+1","Crippling Poison+1","Deadly Poison+1","Finisher+1","Outmaneuver+1","Flash of Steel","Wraith Form v2","Blade Dance+1"],"relics":["Ring of the Snake","HornCleat","Bronze Scales","Meat on the Bone","Question Card","WristBlade","Dream Catcher","Gremlin Horn","Sundial","Kunai","Astrolabe","Happy Flower","The Courier","Ninja Scroll"],"acts_visited":["Exordium","TheCity","TheBeyond"],"potions_floor_usage":[33,46,50,50,50],"damage_taken":[{"damage":3,"enemies":"Cultist","floor":1,"turns":6},{"damage":0,"enemies":"Jaw Worm","floor":2,"turns":5},{"damage":0,"enemies":"2 Louse","floor":3,"turns":2},{"damage":0,"enemies":"Looter","floor":4,"turns":5},{"damage":2,"enemies":"Exordium Wildlife","floor":5,"turns":6},{"damage":4,"enemies":"Blue Slaver","floor":7,"turns":4},{"damage":8,"enemies":"3 Sentries","floor":10,"turns":7},{"damage":5,"enemies":"Lagavulin","floor":12,"turns":7},{"damage":0,"enemies":"3 Sentries","floor":14,"turns":7},{"damage":32,"enemies":"Slime Boss","floor":16,"turns":17},{"damage":5,"enemies":"Spheric Guardian","floor":18,"turns":4},{"damage":0,"enemies":"3 Byrds","floor":20,"turns":2},{"damage":8,"enemies":"Book of Stabbing","floor":24,"turns":5},{"damage":0,"enemies":"Snecko","floor":30,"turns":4},{"damage":0,"enemies":"Sentry and Sphere","floor":31,"turns":3},{"damage":14,"enemies":"Champ","floor":33,"turns":10},{"damage":7,"enemies":"3 Shapes","floor":35,"turns":7},{"damage":0,"enemies":"Orb Walker","floor":39,"turns":4},{"damage":0,"enemies":"Sphere and 2 Shapes","floor":40,"turns":5},{"damage":16,"enemies":"Jaw Worm Horde","floor":41,"turns":5},{"damage":0,"enemies":"Giant Head","floor":46,"turns":4},{"damage":0,"enemies":"3 Darklings","floor":48,"turns":4},{"damage":57,"enemies":"Time Eater","floor":50,"turns":12}],"seed_played":"-5117488281799782310","potions_obtained":[{"floor":2,"key":"Block Potion"},{"floor":3,"key":"Energy Potion"},{"floor":7,"key":"SpeedPotion"},{"floor":33,"key":"Ancient Potion"},{"floor":40,"key":"DuplicationPotion"},{"floor":46,"key":"AttackPotion"}],"is_trial":false,"path_per_floor":["M","M","M","M","M","R","M","R","T","?","?","E","$","E","R","B",null,"M","$","M","?","$","R","E","?","T","?","$","T","M","M","R","B",null,"M","?","$","?","M","M","M","?","T","$","R","E","R","M","R","B",null],"character_chosen":"THE_SILENT","items_purchased":["Footwork","Terror","Happy Flower"],"campfire_rested":1,"item_purchase_floors":[13,19,37],"current_hp_per_floor":[67,67,67,67,65,65,61,61,61,53,70,65,65,65,65,45,70,65,65,65,65,65,65,57,57,57,57,57,57,57,57,57,43,70,63,63,63,63,63,63,47,47,47,47,47,47,47,47,68,23],"gold":94,"neow_bonus":"TRANSFORM_CARD","is_daily":false,"chose_seed":false,"campfire_upgraded":7,"win_rate":0.0,"timestamp":1610157300,"path_taken":["M","M","?","M","M","R","M","R","T","?","?","E","$","E","R","BOSS","M","$","M","?","$","R","E","?","T","?","$","?","M","?","R","BOSS","M","?","$","?","M","M","?","?","T","$","R","E","R","M","R","BOSS"],"items_purchased_type":["Card","Card","Relic"],"build_version":"2020-12-22","purchased_purges":3,"victory":true,"max_hp_per_floor":[70,70,70,70,70,70,70,70,70,70,70,70,70,70,70,70,70,70,70,70,70,70,70,70,70,70,70,70,70,70,70,70,70,70,70,70,70,70,70,70,70,70,70,70,70,70,70,70,70,70],"card_choices":[{"not_picked":["Quick Slash","Catalyst"],"picked":"Backstab","floor":1},{"not_picked":["Underhanded Strike","Outmaneuver"],"picked":"Prepared","floor":2},{"not_picked":["Prepared","Escape Plan"],"picked":"Backflip","floor":3},{"not_picked":["PiercingWail","Acrobatics"],"picked":"Dash","floor":4},{"not_picked":["Prepared","Footwork"],"picked":"Dagger Spray","floor":5},{"not_picked":["Quick Slash","Unload"],"picked":"Blade Dance","floor":7},{"not_picked":["Well Laid Plans","Skewer"],"picked":"Dodge and Roll","floor":10},{"not_picked":["Deadly Poison","Dagger Throw"],"picked":"Well Laid Plans","floor":12},{"not_picked":["Prepared","Dagger Spray"],"picked":"Expertise","floor":14},{"not_picked":["Storm of Steel","Tools of the Trade","Wraith Form v2"],"picked":"Corpse Explosion","floor":16},{"not_picked":["Underhanded Strike","Heel Hook","Blur"],"picked":"Cloak And Dagger","floor":18},{"not_picked":["All Out Attack+1","Dodge and Roll","Dagger Spray","Dagger Throw"],"picked":"SKIP","floor":20},{"not_picked":["Poisoned Stab","Deadly Poison","Tactician"],"picked":"Blade Dance","floor":24},{"not_picked":["Night Terror","Heel Hook","Deflect"],"picked":"Accuracy","floor":30},{"not_picked":["Backflip+1","Quick Slash","Deflect+1"],"picked":"Noxious Fumes","floor":31},{"not_picked":["Phantasmal Killer","Envenom","Adrenaline"],"picked":"After Image","floor":33},{"not_picked":["Dash+1","Predator+1","Acrobatics+1"],"picked":"Finisher+1","floor":35},{"not_picked":["Bane","Sucker Punch+1","Bouncing Flask"],"picked":"Outmaneuver+1","floor":39},{"not_picked":["Prepared","Eviscerate+1","Underhanded Strike+1","Dash"],"picked":"SKIP","floor":40},{"not_picked":["Bane+1","Blur+1","Slice","Underhanded Strike+1"],"picked":"SKIP","floor":41},{"not_picked":["Mind Blast","Panacea","Deep Breath"],"picked":"Flash of Steel","floor":42},{"not_picked":["Sucker Punch","Concentrate","Dodge and Roll+1"],"picked":"Wraith Form v2","floor":46},{"not_picked":["Heel Hook","Underhanded Strike+1","Tactician+1","Catalyst"],"picked":"SKIP","floor":48},{"not_picked":["Blur+1","Slice+1","Calculated Gamble"],"picked":"Blade Dance+1","floor":49}],"player_experience":282189,"relics_obtained":[{"floor":9,"key":"HornCleat"},{"floor":10,"key":"Bronze Scales"},{"floor":12,"key":"Meat on the Bone"},{"floor":14,"key":"Question Card"},{"floor":24,"key":"Dream Catcher"},{"floor":26,"key":"Gremlin Horn"},{"floor":29,"key":"Kunai"},{"floor":43,"key":"The Courier"},{"floor":46,"key":"Ninja Scroll"}],"event_choices":[{"damage_healed":0,"gold_gain":0,"player_choice":"Searched \u00271\u0027 times","damage_taken":0,"max_hp_gain":0,"max_hp_loss":0,"event_name":"Dead Adventurer","floor":10,"gold_loss":0},{"damage_healed":17,"gold_gain":0,"player_choice":"Healed","damage_taken":0,"max_hp_gain":0,"max_hp_loss":0,"event_name":"The Cleric","floor":11,"gold_loss":35},{"cards_removed":["Strike_G"],"damage_healed":0,"gold_gain":0,"player_choice":"Elegance","damage_taken":0,"max_hp_gain":0,"max_hp_loss":0,"event_name":"Back to Basics","floor":21,"gold_loss":0},{"damage_healed":0,"gold_gain":0,"player_choice":"Read","damage_taken":0,"max_hp_gain":0,"max_hp_loss":0,"event_name":"The Library","floor":25,"gold_loss":0,"cards_obtained":["Accuracy"]},{"damage_healed":0,"gold_gain":0,"player_choice":"Opened","damage_taken":0,"relics_obtained":["Sundial"],"max_hp_gain":0,"max_hp_loss":0,"event_name":"The Mausoleum","floor":27,"gold_loss":0,"cards_obtained":["Writhe"]},{"damage_healed":0,"gold_gain":0,"player_choice":"Ignored","damage_taken":0,"max_hp_gain":0,"max_hp_loss":0,"event_name":"Tomb of Lord Red Mask","floor":36,"gold_loss":0},{"damage_healed":0,"gold_gain":0,"player_choice":"Upgraded","damage_taken":0,"max_hp_gain":0,"max_hp_loss":0,"event_name":"Upgrade Shrine","floor":38,"gold_loss":0,"cards_upgraded":["After Image"]},{"damage_healed":0,"gold_gain":0,"player_choice":"Memory 1","damage_taken":0,"max_hp_gain":0,"max_hp_loss":0,"event_name":"SensoryStone","floor":42,"gold_loss":0}],"is_beta":false,"boss_relics":[{"not_picked":["SlaversCollar","Runic Pyramid"],"picked":"WristBlade"},{"not_picked":["Snecko Eye","HoveringKite"],"picked":"Astrolabe"}],"items_purged_floors":[13,19,44],"is_endless":false,"potions_floor_spawned":[2,3,7,18,20,33,35,40,46],"ascension_level":1}}