{"host":"o7j6aatxjwpw1421","time":1610187699,"event":{"mods":["2.2 Compatiblity","AchievementEnabler","BaseMod","Colored Map","DeckTracker","Highlight Path","Keyboard Shortcuts","Minty Spire (QoL Compilation)","Permanent Neow","Quick Restart","StSLib","SuperFastMode","everything is the same but u backflip on backflip"],"gold_per_floor":[111,127,144,161,161,161,176,190,216,216,244,257,257,274,274,351,351,328,328,328,339,229,229,239,273,285,16,16,26,26,26,26,102,102,120,120,145,163,163,163,198,198,198,208,108,137,153,169,169,169],"floor_reached":51,"playtime":3201,"items_purged":["Strike_G","Defend_G"],"score":1381,"play_id":"e993fff0-3aa7-4672-9e05-1d30fcb0c1ae","local_time":"20210109192139","is_ascension_mode":true,"campfire_choices":[{"data":"Accuracy","floor":6.0,"key":"SMITH"},{"floor":13.0,"key":"REST"},{"floor":15.0,"key":"REST"},{"floor":23.0,"key":"REST"},{"floor":28.0,"key":"REST"},{"data":"A Thousand Cuts","floor":30.0,"key":"SMITH"},{"floor":32.0,"key":"REST"},{"data":"After Image","floor":40.0,"key":"SMITH"},{"data":"Well Laid Plans","floor":42.0,"key":"SMITH"},{"floor":49,"key":"REST"}],"circlet_count":0,"master_deck":["AscendersBane","Defend_G","Defend_G","Defend_G","Survivor+1","Neutralize","Poisoned Stab","Accuracy+1","Deflect","Blade Dance","Dagger Spray","Prepared","Malaise","A Thousand Cuts+1","Tactician+1","Well Laid Plans+1","Cloak And Dagger","Panache","PiercingWail+1","After Image+1","Leg Sweep","Escape Plan","Calculated Gamble+1","Backflip+1","Acrobatics+1"],"relics":["Ring of the Snake","Blood Vial","Ninja Scroll","Black Star","Pear","Anchor","MawBank","Mercury Hourglass","Enchiridion","Sozu","Peace Pipe","Dead Branch","Pantograph","Toxic Egg 2","MealTicket","Meat on the Bone"],"acts_visited":["Exordium","TheCity","TheBeyond"],"potions_floor_usage":[],"damage_taken":[{"damage":2.0,"enemies":"2 Louse","floor":1.0,"turns":3.0},{"damage":0.0,"enemies":"Cultist","floor":2.0,"turns":4.0},{"damage":1.0,"enemies":"Small Slimes","floor":3.0,"turns":5.0},{"damage":4.0,"enemies":"Red Slaver","floor":4.0,"turns":5.0},{"damage":5.0,"enemies":"Exordium Wildlife","floor":7.0,"turns":5.0},{"damage":6.0,"enemies":"Large Slime","floor":8.0,"turns":6.0},{"damage":10.0,"enemies":"3 Sentries","floor":11.0,"turns":6.0},{"damage":0.0,"enemies":"Gremlin Gang","floor":12.0,"turns":3.0},{"damage":4.0,"enemies":"3 Louse","floor":14.0,"turns":4.0},{"damage":10.0,"enemies":"The Guardian","floor":16.0,"turns":15.0},{"damage":19.0,"enemies":"2 Thieves","floor":18.0,"turns":4.0},{"damage":28.0,"enemies":"Shell Parasite","floor":21.0,"turns":6.0},{"damage":6.0,"enemies":"Centurion and Healer","floor":24.0,"turns":4.0},{"damage":19.0,"enemies":"Slavers","floor":25.0,"turns":4.0},{"damage":3.0,"enemies":"Shelled Parasite and Fungi","floor":29.0,"turns":3.0},{"damage":43.0,"enemies":"Collector","floor":33.0,"turns":8.0},{"damage":5.0,"enemies":"3 Darklings","floor":35.0,"turns":3.0},{"damage":4.0,"enemies":"Mind Bloom Boss Battle","floor":37.0,"turns":7.0},{"damage":2.0,"enemies":"3 Shapes","floor":38.0,"turns":4.0},{"damage":7.0,"enemies":"Nemesis","floor":41.0,"turns":9.0},{"damage":19.0,"enemies":"Spire Growth","floor":44.0,"turns":4.0},{"damage":6.0,"enemies":"Giant Head","floor":46.0,"turns":7.0},{"damage":0.0,"enemies":"3 Darklings","floor":47.0,"turns":1.0},{"damage":0,"enemies":"Transient","floor":48,"turns":6},{"damage":36,"enemies":"Awakened One","floor":50,"turns":13}],"seed_played":"8703089317304313773","potions_obtained":[{"floor":2.0,"key":"DistilledChaos"},{"floor":8.0,"key":"DistilledChaos"},{"floor":14.0,"key":"DistilledChaos"},{"floor":16.0,"key":"GamblersBrew"},{"floor":18.0,"key":"DuplicationPotion"},{"floor":21.0,"key":"Swift Potion"},{"floor":29.0,"key":"Weak Potion"}],"is_trial":false,"path_per_floor":["M","M","M","M","?","R","M","M","T","?","E","M","R","M","R","B",null,"M","?","T","M","?","R","M","E","T","$","R","M","R","?","R","B",null,"M","?","?","M","?","R","E","R","T","M","$","E","M","M","R","B",null],"character_chosen":"THE_SILENT","items_purchased":["Panache"],"campfire_rested":6,"item_purchase_floors":[27],"current_hp_per_floor":[42,42,41,37,37,37,32,26,26,17,9,11,30,28,47,39,59,42,42,52,26,26,48,44,27,27,27,49,48,48,27,49,8,59,56,56,54,54,54,54,49,49,49,32,32,28,42,44,66,40],"gold":169,"neow_bonus":"REMOVE_TWO","is_daily":false,"chose_seed":false,"campfire_upgraded":4,"win_rate":0.0,"timestamp":1610187699,"path_taken":["M","M","M","M","?","R","M","?","T","?","E","M","R","?","R","BOSS","M","?","?","M","?","R","M","E","T","$","R","?","R","?","R","BOSS","M","?","?","M","?","R","E","R","T","M","$","E","M","M","R","BOSS"],"items_purchased_type":["Card"],"build_version":"2020-12-22","purchased_purges":2,"victory":true,"max_hp_per_floor":[66,66,66,66,66,66,66,66,66,66,66,66,66,66,66,66,66,66,66,76,76,76,76,76,76,76,76,76,76,76,76,76,76,76,76,76,76,76,76,76,76,76,76,76,76,76,76,76,76,76],"card_choices":[{"not_picked":["Deadly Poison","Expertise"],"picked":"Poisoned Stab","floor":1.0},{"not_picked":["Outmaneuver","Dodge and Roll"],"picked":"Accuracy","floor":2.0},{"not_picked":["Slice","Backflip"],"picked":"Deflect","floor":3.0},{"not_picked":["Dagger Spray","Concentrate"],"picked":"Blade Dance","floor":4.0},{"not_picked":["Blur","Blade Dance"],"picked":"Dagger Spray","floor":7.0},{"not_picked":["Bane","Flechettes"],"picked":"Prepared","floor":8.0},{"not_picked":["Prepared","Sucker Punch"],"picked":"Malaise","floor":11.0},{"not_picked":["Sucker Punch","Riddle With Holes","Slice"],"picked":"SKIP","floor":12.0},{"not_picked":["Deadly Poison","Outmaneuver","Flying Knee"],"picked":"SKIP","floor":14.0},{"not_picked":["Bullet Time","Storm of Steel"],"picked":"A Thousand Cuts","floor":16.0},{"not_picked":["Bane+1","Blade Dance"],"picked":"Tactician+1","floor":18.0},{"not_picked":["Backflip","Slice"],"picked":"Well Laid Plans","floor":21.0},{"not_picked":["Sucker Punch","Dodge and Roll","Deadly Poison"],"picked":"SKIP","floor":24.0},{"not_picked":["Masterful Stab","Distraction"],"picked":"Cloak And Dagger","floor":25.0},{"not_picked":["Deadly Poison","Backflip"],"picked":"PiercingWail+1","floor":29.0},{"not_picked":["Storm of Steel","Corpse Explosion"],"picked":"After Image","floor":33.0},{"not_picked":["Catalyst","Outmaneuver","Dash+1"],"picked":"SKIP","floor":35.0},{"not_picked":["Expertise+1","Slice"],"picked":"Leg Sweep","floor":37.0},{"not_picked":["Slice","Sucker Punch+1"],"picked":"Escape Plan","floor":38.0},{"not_picked":["Sucker Punch","Footwork","Masterful Stab"],"picked":"SKIP","floor":41.0},{"not_picked":["Backstab+1","Backflip+1"],"picked":"Calculated Gamble+1","floor":44.0},{"not_picked":["Underhanded Strike","Slice","Calculated Gamble+1"],"picked":"SKIP","floor":46.0},{"not_picked":["Escape Plan+1","Flying Knee"],"picked":"Backflip+1","floor":47.0},{"not_picked":["Catalyst+1","Dagger Throw"],"picked":"Acrobatics+1","floor":48}],"player_experience":449349,"relics_obtained":[{"floor":9.0,"key":"Blood Vial"},{"floor":11.0,"key":"Ninja Scroll"},{"floor":20.0,"key":"Pear"},{"floor":25.0,"key":"Anchor"},{"floor":25.0,"key":"MawBank"},{"floor":26.0,"key":"Mercury Hourglass"},{"floor":31.0,"key":"Enchiridion"},{"floor":37.0,"key":"Peace Pipe"},{"floor":41.0,"key":"Dead Branch"},{"floor":41.0,"key":"Pantograph"},{"floor":43.0,"key":"Toxic Egg 2"},{"floor":46.0,"key":"MealTicket"},{"floor":46.0,"key":"Meat on the Bone"}],"event_choices":[{"cards_removed":["Strike_G"],"damage_healed":0.0,"max_hp_gain":0.0,"max_hp_loss":0.0,"gold_gain":0.0,"event_name":"Bonfire Elementals","player_choice":"Offered Basic","floor":5.0,"gold_loss":0.0,"damage_taken":0.0},{"damage_healed":0.0,"max_hp_gain":0.0,"max_hp_loss":0.0,"gold_gain":0.0,"event_name":"Wheel of Change","player_choice":"Damaged","floor":10.0,"gold_loss":0.0,"damage_taken":9.0},{"damage_healed":0.0,"max_hp_gain":0.0,"max_hp_loss":0.0,"gold_gain":0.0,"event_name":"Ghosts","player_choice":"Ignored","floor":19.0,"gold_loss":0.0,"damage_taken":0.0},{"cards_removed":["Strike_G"],"damage_healed":0.0,"max_hp_gain":0.0,"max_hp_loss":0.0,"gold_gain":0.0,"event_name":"Designer","player_choice":"Upgrade and Remove","floor":22.0,"gold_loss":110.0,"damage_taken":0.0,"cards_upgraded":["Survivor"]},{"damage_healed":0.0,"max_hp_gain":0.0,"max_hp_loss":0.0,"gold_gain":0.0,"event_name":"Cursed Tome","player_choice":"Obtained Book","floor":31.0,"gold_loss":0.0,"damage_taken":21.0},{"cards_removed":["Strike_G"],"damage_healed":0.0,"max_hp_gain":0.0,"max_hp_loss":0.0,"gold_gain":0.0,"event_name":"Falling","player_choice":"Removed Attack","floor":36.0,"gold_loss":0.0,"damage_taken":0.0},{"damage_healed":0.0,"max_hp_gain":0.0,"max_hp_loss":0.0,"gold_gain":0.0,"event_name":"MindBloom","player_choice":"Fight","floor":37.0,"gold_loss":0.0,"damage_taken":0.0},{"damage_healed":0.0,"max_hp_gain":0.0,"max_hp_loss":0.0,"gold_gain":0.0,"event_name":"Tomb of Lord Red Mask","player_choice":"Ignored","floor":39.0,"gold_loss":0.0,"damage_taken":0.0}],"is_beta":false,"boss_relics":[{"not_picked":["Snecko Eye","Tiny House"],"picked":"Black Star"},{"not_picked":["SacredBark","Coffee Dripper"],"picked":"Sozu"}],"items_purged_floors":[27,45],"is_endless":false,"potions_floor_spawned":[2,8,14,16,18,21,29,41,48],"ascension_level":17}}