{"host":"w9yruvs4bqht6bhw","time":1610225752,"event":{"mods":["BaseMod","Colored Powertips","Minty Spire (QoL Compilation)"],"gold_per_floor":[18,38,38,38,62,103,103,121,121,121,139,139,139,154,154,284,284,308,223,223,223],"floor_reached":20,"playtime":635,"items_purged":[],"score":244,"play_id":"c4cbbf2e-8fee-4629-93c6-705c1fab19f9","local_time":"20210109155552","is_ascension_mode":true,"campfire_choices":[{"floor":7,"key":"REST"},{"floor":10,"key":"REST"},{"floor":12,"key":"REST"},{"data":"Limit Break","floor":15,"key":"SMITH"}],"circlet_count":0,"master_deck":["Strike_R","Strike_R","Strike_R","Strike_R+1","Strike_R","Defend_R","Defend_R","Defend_R","Defend_R","Bash","Limit Break+1","Heavy Blade+1","Inflame","Disarm","Parasite","Pommel Strike","Limit Break","Warcry+1"],"relics":["Black Blood","Golden Idol","Whetstone","Akabeko","Kunai"],"acts_visited":["Exordium","TheCity"],"potions_floor_usage":[6,18],"damage_taken":[{"damage":11,"enemies":"Cultist","floor":1,"turns":4},{"damage":11,"enemies":"Jaw Worm","floor":2,"turns":5},{"damage":6,"enemies":"2 Louse","floor":5,"turns":3},{"damage":44,"enemies":"Gremlin Nob","floor":6,"turns":5},{"damage":19,"enemies":"Exordium Thugs","floor":8,"turns":4},{"damage":26,"enemies":"Lots of Slimes","floor":11,"turns":5},{"damage":0,"enemies":"Large Slime","floor":14,"turns":5},{"damage":72,"enemies":"Slime Boss","floor":16,"turns":12},{"damage":19,"enemies":"Chosen","floor":18,"turns":6},{"damage":83,"enemies":"3 Byrds","floor":20,"turns":6}],"seed_played":"-8855508789823188589","potions_obtained":[{"floor":5,"key":"Swift Potion"},{"floor":6,"key":"Ancient Potion"},{"floor":11,"key":"SpeedPotion"},{"floor":18,"key":"FairyPotion"}],"is_trial":false,"path_per_floor":["M","M","?","$","M","E","R","M","T","R","M","R","?","M","R","B",null,"M","?","M"],"character_chosen":"IRONCLAD","items_purchased":[],"campfire_rested":3,"item_purchase_floors":[],"current_hp_per_floor":[67,62,62,62,62,24,46,33,33,55,35,57,74,74,74,8,58,51,51,0,0],"gold":223,"neow_bonus":"THREE_RARE_CARDS","is_daily":false,"chose_seed":false,"campfire_upgraded":1,"win_rate":0.0,"timestamp":1610225752,"path_taken":["M","M","?","$","M","E","R","M","T","R","M","R","?","M","R","BOSS","M","?","M"],"items_purchased_type":[],"build_version":"2020-12-22","purchased_purges":0,"victory":false,"max_hp_per_floor":[80,80,74,74,74,74,74,74,74,74,74,74,74,74,74,74,74,74,74,74,74],"card_choices":[{"not_picked":["Reaper","Offering"],"picked":"Limit Break","floor":0},{"not_picked":["Perfected Strike","Warcry"],"picked":"Heavy Blade","floor":1},{"not_picked":["Ghostly Armor","Carnage","Havoc"],"picked":"SKIP","floor":2},{"not_picked":["Sever Soul","Clash"],"picked":"Inflame","floor":5},{"not_picked":["Metallicize","Carnage","Combust"],"picked":"SKIP","floor":6},{"not_picked":["Heavy Blade","Clash","Havoc"],"picked":"SKIP","floor":8},{"not_picked":["Armaments","Thunderclap"],"picked":"Disarm","floor":11},{"not_picked":["Body Slam","Warcry"],"picked":"Pommel Strike","floor":14},{"not_picked":["Immolate","Juggernaut"],"picked":"Limit Break","floor":16},{"not_picked":["Shockwave","Cleave"],"picked":"Warcry+1","floor":18}],"player_experience":358818,"relics_obtained":[{"floor":6,"key":"Whetstone"},{"floor":9,"key":"Akabeko"}],"event_choices":[{"damage_healed":0,"gold_gain":0,"player_choice":"Lose Max HP","damage_taken":0,"relics_obtained":["Golden Idol"],"max_hp_gain":0,"max_hp_loss":6,"event_name":"Golden Idol","floor":3,"gold_loss":0},{"damage_healed":18,"gold_gain":0,"player_choice":"Healed and dodged fight","damage_taken":0,"max_hp_gain":0,"max_hp_loss":0,"event_name":"Mushrooms","floor":13,"gold_loss":0,"cards_obtained":["Parasite"]},{"damage_healed":0,"gold_gain":0,"player_choice":"Obtained Relic","damage_taken":0,"relics_obtained":["Kunai"],"max_hp_gain":0,"max_hp_loss":0,"event_name":"Addict","floor":19,"gold_loss":85}],"is_beta":false,"boss_relics":[{"not_picked":["Astrolabe","Pandora\u0027s Box"],"picked":"Black Blood"}],"items_purged_floors":[],"is_endless":false,"potions_floor_spawned":[5,6,11,18],"killed_by":"3 Byrds","ascension_level":8}}