{"host":"w7o06k3e8uel8euj","time":1610202950,"event":{"mods":["AchievementEnabler","BaseMod","Colored Powertips","Custom Start","DeckTracker","Keyboard Shortcuts","Minty Spire (QoL Compilation)","Quick Restart","Relic Stats","StSLib","SuperFastMode","everything is the same but u backflip on backflip"],"gold_per_floor":[114,129,304,205,280,280,307,307,307,158,170,45,74,86,86,86,86],"floor_reached":16,"playtime":254,"items_purged":["Doubt","Strike_G","Strike_G"],"score":219,"play_id":"6e7cc56a-6ccf-4a5d-bfa3-b8b04a38ee3d","local_time":"20210109233550","is_ascension_mode":true,"campfire_choices":[{"data":"Eviscerate","floor":6.0,"key":"SMITH"},{"data":"Neutralize","floor":8.0,"key":"SMITH"},{"data":"Acrobatics","floor":15.0,"key":"SMITH"}],"circlet_count":0,"master_deck":["AscendersBane","Strike_G","Strike_G","Strike_G","Defend_G+1","Defend_G","Defend_G","Defend_G","Defend_G","Survivor+1","Neutralize+1","Eviscerate+1","Backflip","Acrobatics+1","Acrobatics"],"relics":["Ring of the Snake","NeowsBlessing","CaptainsWheel","Ornamental Fan","War Paint"],"acts_visited":["Exordium"],"potions_floor_usage":[16],"damage_taken":[{"damage":0.0,"enemies":"Cultist","floor":1.0,"turns":1.0},{"damage":0.0,"enemies":"2 Louse","floor":2.0,"turns":1.0},{"damage":0.0,"enemies":"Lagavulin","floor":7.0,"turns":1.0},{"damage":2.0,"enemies":"Jaw Worm","floor":11.0,"turns":4.0},{"damage":32.0,"enemies":"3 Sentries","floor":13.0,"turns":7.0},{"damage":0.0,"enemies":"Exordium Wildlife","floor":14.0,"turns":2.0},{"damage":18,"enemies":"The Guardian","floor":16,"turns":9}],"seed_played":"-4098914001506934023","potions_obtained":[{"floor":1.0,"key":"Dexterity Potion"},{"floor":2.0,"key":"Poison Potion"},{"floor":11.0,"key":"Strength Potion"}],"is_trial":false,"path_per_floor":["M","M","?","$","?","R","E","R","T","$","M","$","E","M","R","B"],"character_chosen":"THE_SILENT","items_purchased":["Backflip","Acrobatics"],"campfire_rested":0,"item_purchase_floors":[4,10],"current_hp_per_floor":[63,63,63,63,52,52,52,52,52,52,50,50,18,18,18,0,0],"gold":86,"neow_bonus":"THREE_ENEMY_KILL","is_daily":false,"chose_seed":false,"campfire_upgraded":3,"win_rate":0.0,"timestamp":1610202950,"path_taken":["M","?","?","$","?","R","E","R","T","$","M","?","E","M","R","BOSS"],"items_purchased_type":["Card","Card"],"build_version":"2020-12-22","purchased_purges":3,"victory":false,"max_hp_per_floor":[70,70,70,70,70,70,70,70,70,70,70,70,70,70,70,70,70],"relic_stats":{"counters":[7,25],"Ornamental Fan":[8],"War Paint":["Survivor","Defend_G"],"obtain_stats":[{"CaptainsWheel":7,"NeowsBlessing":0,"Ornamental Fan":9,"War Paint":13,"Ring of the Snake":0},{"CaptainsWheel":3,"NeowsBlessing":0,"Ornamental Fan":3,"War Paint":5,"Ring of the Snake":0},{"CaptainsWheel":3,"NeowsBlessing":0,"Ornamental Fan":3,"War Paint":14,"Ring of the Snake":0}],"Ring of the Snake":[14]},"card_choices":[{"not_picked":["Choke","Dodge and Roll","Slice"],"picked":"SKIP","floor":1.0},{"not_picked":["Infinite Blades","Flechettes"],"picked":"Eviscerate","floor":2.0},{"not_picked":["Underhanded Strike","Phantasmal Killer","Crippling Poison"],"picked":"SKIP","floor":7.0},{"not_picked":["Flying Knee","Quick Slash","Dodge and Roll"],"picked":"SKIP","floor":11.0},{"not_picked":["Storm of Steel","Infinite Blades"],"picked":"Acrobatics","floor":13.0},{"not_picked":["Flying Knee","Poisoned Stab","Bane"],"picked":"SKIP","floor":14.0}],"player_experience":582199,"relics_obtained":[{"floor":7.0,"key":"CaptainsWheel"},{"floor":9.0,"key":"Ornamental Fan"},{"floor":13.0,"key":"War Paint"}],"event_choices":[{"damage_healed":0.0,"max_hp_gain":0.0,"max_hp_loss":0.0,"gold_gain":175.0,"event_name":"Liars Game","player_choice":"AGREE","floor":3.0,"gold_loss":0.0,"damage_taken":0.0,"cards_obtained":["Doubt"]},{"damage_healed":0.0,"max_hp_gain":0.0,"max_hp_loss":0.0,"gold_gain":75.0,"event_name":"World of Goop","player_choice":"Gather Gold","floor":5.0,"gold_loss":0.0,"damage_taken":11.0}],"is_beta":false,"boss_relics":[],"items_purged_floors":[4,10,12],"is_endless":false,"potions_floor_spawned":[1,2,11],"killed_by":"The Guardian","ascension_level":13}}