{"host":"hf26dlu7397s98tc","time":1610176748,"event":{"mods":["Act Like it!","Arknights The Spire","Astrologer","BaseMod","CapriCore","Elementarium","GifTheSpireLib","Hermit","Luminous","Minty Spire (QoL Compilation)","Pale of the Ancients","Pikachu Mod","Quick Restart","Robot Space Explorer","StSLib","The Dragon Tamer","The Gatherer","The Immortal","TheWitcher","UnlockEverythingMod","Yakumo Yukari mod"],"gold_per_floor":[115,40,55,67,67,94,143,143,143,184,184,184,184,213,213,325,390,390,390],"floor_reached":18,"playtime":714,"items_purged":["ats:Strike V"],"score":170,"play_id":"0179ab7a-05bd-41cd-97c1-d1b5359b70e2","local_time":"20210109151908","is_ascension_mode":false,"campfire_choices":[{"floor":8.0,"key":"REST"},{"floor":11,"key":"REST"},{"floor":13,"key":"REST"},{"data":"ats:Soul Absorption","floor":15,"key":"SMITH"}],"circlet_count":0,"master_deck":["ats:Strike C","ats:Strike G","ats:Strike S","ats:Armor Crushing Shot","ats:Defend","ats:Defend","ats:Defend","ats:Defend","ats:Emotion Absorption+1","ats:Burning Ground","ats:Very Hot Blade","ats:Soul Absorption+1"],"relics":["ats:Sanity","Thread and Needle","SnafuTest:CatRelic","ats:Originium","ats:Gyao","Shovel","Dream Catcher","Tiny House"],"acts_visited":["Exordium","Elementarium:Elementarium"],"potions_floor_usage":[10,10,16,16],"damage_taken":[{"damage":2.0,"enemies":"2 Louse","floor":1.0,"turns":5.0},{"damage":1.0,"enemies":"Small Slimes","floor":3.0,"turns":4.0},{"damage":0.0,"enemies":"Jaw Worm","floor":4.0,"turns":5.0},{"damage":33.0,"enemies":"3 Sentries","floor":6.0,"turns":9.0},{"damage":7.0,"enemies":"Looter","floor":7.0,"turns":4.0},{"damage":22,"enemies":"Lagavulin","floor":10,"turns":5},{"damage":9,"enemies":"3 Louse","floor":14,"turns":2},{"damage":32,"enemies":"Hexaghost","floor":16,"turns":11},{"damage":0,"enemies":"Elementarium:VoidCorruption","floor":18,"turns":1}],"seed_played":"-3000519489796596074","potions_obtained":[{"floor":1.0,"key":"FearPotion"},{"floor":4.0,"key":"DistilledChaos"},{"floor":10,"key":"AttackPotion"},{"floor":14,"key":"Block Potion"},{"floor":16,"key":"ColorlessPotion"},{"floor":17,"key":"FairyPotion"}],"is_trial":false,"path_per_floor":["M","$","M","M","?","E","M","R","T","E","R","?","R","M","R","B",null,"M"],"character_chosen":"DOCTOR_CLASS","items_purchased":[],"campfire_rested":3,"item_purchase_floors":[],"current_hp_per_floor":[49,49,48,48,48,15,8,29,29,7,28,28,49,40,40,8,77,77,77],"gold":390,"neow_bonus":"ONE_RARE_RELIC","is_daily":false,"chose_seed":false,"campfire_upgraded":1,"win_rate":0.0,"timestamp":1610176748,"path_taken":["M","$","M","M","?","E","M","R","T","E","R","?","R","M","R","BOSS","M"],"items_purchased_type":[],"build_version":"2020-12-22","purchased_purges":1,"victory":false,"max_hp_per_floor":[72,72,72,72,72,72,72,72,72,72,72,72,72,72,72,72,77,77,77],"card_choices":[{"not_picked":["ats:Curse Doll","ats:Flexible Camouflage","ats:Apocalypse"],"picked":"SKIP","floor":1.0},{"not_picked":["ats:Explosion Area Strengthen","ats:Chain Hook","ats:Sword Rain"],"picked":"SKIP","floor":3.0},{"not_picked":["ats:Flame Of Heaven","ats:Explosion Area Strengthen"],"picked":"ats:Burning Ground","floor":4.0},{"not_picked":["ats:Blood Oath","ats:Consecutive Shot Auto","ats:Steam Pump"],"picked":"SKIP","floor":6.0},{"not_picked":["ats:Automatic Cover","ats:Apocalypse"],"picked":"ats:Very Hot Blade","floor":7.0},{"not_picked":["ats:Revitalization","ats:Poison Spread"],"picked":"ats:Soul Absorption","floor":10},{"not_picked":["ats:Magnetic Hammer","ats:Shell Defense","ats:Part Time Job"],"picked":"SKIP","floor":14}],"player_experience":205282,"relics_obtained":[{"floor":6.0,"key":"ats:Originium"},{"floor":6.0,"key":"ats:Gyao"},{"floor":9.0,"key":"Shovel"},{"floor":10,"key":"ats:Originium"},{"floor":10,"key":"Dream Catcher"}],"event_choices":[{"damage_healed":0.0,"max_hp_gain":0.0,"max_hp_loss":0.0,"gold_gain":0.0,"event_name":"Big Fish","player_choice":"Box","floor":5.0,"gold_loss":0.0,"damage_taken":0.0,"relics_obtained":["SnafuTest:CatRelic"],"cards_obtained":["Regret"]},{"cards_removed":["Regret"],"damage_healed":0,"gold_gain":0,"player_choice":"Forget","damage_taken":0,"max_hp_gain":0,"max_hp_loss":0,"event_name":"Living Wall","floor":12,"gold_loss":0}],"is_beta":false,"boss_relics":[{"not_picked":["Fusion Hammer","Ectoplasm"],"picked":"Tiny House"}],"items_purged_floors":[2],"is_endless":false,"potions_floor_spawned":[1,4,10,14,16],"killed_by":"Elementarium:VoidCorruption","ascension_level":0}}