{"host":"o0q01dgb4z8zpo6o","time":1610155613,"event":{"mods":["BaseMod","GifTheSpireLib","Minty Spire (QoL Compilation)","Relic Stats","StSLib"],"gold_per_floor":[109,121,121,141,62,62,96,96,96,96,108,181,207,207,207,284,284,303,228,228,239,256,256,256,285,285,200,31,31,56,56,56,56,56],"floor_reached":33,"playtime":1630,"items_purged":[],"score":564,"play_id":"6378add5-7b54-479e-af28-50a6a4c49ab0","local_time":"20210108172653","is_ascension_mode":true,"campfire_choices":[{"data":"Sweeping Beam","floor":6.0,"key":"SMITH"},{"data":"Hyperbeam","floor":15.0,"key":"SMITH"},{"data":"Zap","floor":23,"key":"SMITH"},{"data":"Genetic Algorithm","floor":29,"key":"SMITH"},{"data":"Ghostly","floor":32,"key":"SMITH"}],"circlet_count":0,"master_deck":["AscendersBane","Strike_B+1","Strike_B+1","Strike_B+1","Defend_B+1","Defend_B+1","Defend_B+1","Defend_B+1","Zap+1","Dualcast","Tempest","Ball Lightning","Skim","Cold Snap","Sweeping Beam+1","Self Repair","Hyperbeam+1","Echo Form","Amplify","BootSequence","Ghostly+1","Ghostly","Ghostly","Genetic Algorithm+1","Core Surge","Glacier"],"relics":["Cracked Core","NeowsBlessing","Peace Pipe","Eternal Feather","Matryoshka","Gremlin Horn","Runic Pyramid","Juzu Bracelet","Pen Nib","Lizard Tail","Cables","Ornamental Fan"],"acts_visited":["Exordium","TheCity"],"potions_floor_usage":[33],"damage_taken":[{"damage":0.0,"enemies":"Jaw Worm","floor":1.0,"turns":1.0},{"damage":0.0,"enemies":"2 Louse","floor":2.0,"turns":1.0},{"damage":0.0,"enemies":"Small Slimes","floor":4.0,"turns":1.0},{"damage":31.0,"enemies":"3 Sentries","floor":7.0,"turns":5.0},{"damage":10.0,"enemies":"Exordium Thugs","floor":11.0,"turns":4.0},{"damage":8.0,"enemies":"Gremlin Nob","floor":13.0,"turns":3.0},{"damage":24.0,"enemies":"Hexaghost","floor":16.0,"turns":9.0},{"damage":22.0,"enemies":"2 Thieves","floor":18.0,"turns":2.0},{"damage":35.0,"enemies":"Shell Parasite","floor":21.0,"turns":6.0},{"damage":31.0,"enemies":"Cultist and Chosen","floor":22.0,"turns":4.0},{"damage":7,"enemies":"Slavers","floor":25,"turns":5},{"damage":5,"enemies":"Gremlin Leader","floor":30,"turns":7},{"damage":93,"enemies":"Automaton","floor":33,"turns":14}],"seed_played":"-7620651626696178073","potions_obtained":[{"floor":1.0,"key":"Weak Potion"},{"floor":4.0,"key":"Fruit Juice"},{"floor":11.0,"key":"Fire Potion"},{"floor":13.0,"key":"Dexterity Potion"},{"floor":18.0,"key":"FairyPotion"},{"floor":30,"key":"Dexterity Potion"}],"is_trial":false,"path_per_floor":["M","M","?","M","$","R","E","?","T","?","M","?","E","?","R","B",null,"M","?","?","M","M","R","?","E","T","?","$","R","E","?","R","B"],"character_chosen":"DEFECT","items_purchased":["Cold Snap","Sweeping Beam","Core Surge"],"campfire_rested":0,"item_purchase_floors":[5,5,28],"current_hp_per_floor":[64,64,64,64,64,64,33,33,33,22,19,19,16,16,25,8,59,37,37,37,16,36,48,38,38,38,38,38,38,38,38,38,0,0],"gold":56,"neow_bonus":"THREE_ENEMY_KILL","is_daily":false,"chose_seed":false,"campfire_upgraded":5,"win_rate":0.0,"timestamp":1610155613,"path_taken":["M","M","?","M","$","R","E","?","T","?","?","?","E","?","R","BOSS","M","?","?","M","M","R","?","E","T","?","$","R","E","?","R","BOSS"],"items_purchased_type":["Card","Card","Card"],"build_version":"2020-12-22","purchased_purges":0,"victory":false,"max_hp_per_floor":[71,71,71,71,71,71,71,71,71,71,71,71,76,76,76,76,76,76,76,76,76,76,76,38,38,38,38,38,38,38,38,38,38,38],"relic_stats":{"Peace Pipe":0,"Lizard Tail":19,"Gremlin Horn":[9,11],"counters":[13,62],"Ornamental Fan":[20],"Eternal Feather":21,"Pen Nib":[3],"Juzu Bracelet":1,"obtain_stats":[{"Peace Pipe":7,"Lizard Tail":26,"Matryoshka":10,"NeowsBlessing":0,"Gremlin Horn":13,"Ornamental Fan":30,"Eternal Feather":9,"Pen Nib":26,"Juzu Bracelet":25,"Cracked Core":0,"Runic Pyramid":17,"Cables":27},{"Peace Pipe":4,"Lizard Tail":11,"Matryoshka":4,"NeowsBlessing":0,"Gremlin Horn":6,"Ornamental Fan":12,"Eternal Feather":4,"Pen Nib":11,"Juzu Bracelet":11,"Cracked Core":0,"Runic Pyramid":7,"Cables":11},{"Peace Pipe":8,"Lizard Tail":41,"Matryoshka":8,"NeowsBlessing":0,"Gremlin Horn":15,"Ornamental Fan":48,"Eternal Feather":8,"Pen Nib":41,"Juzu Bracelet":41,"Cracked Core":0,"Runic Pyramid":24,"Cables":41}],"Cables":[20,11,9,0,0]},"card_choices":[{"not_picked":["Scrape","Doom and Gloom"],"picked":"Tempest","floor":1.0},{"not_picked":["Lockon","Gash"],"picked":"Ball Lightning","floor":2.0},{"not_picked":["Streamline","Turbo"],"picked":"Skim","floor":4.0},{"not_picked":["Rebound","Ball Lightning"],"picked":"Self Repair","floor":7.0},{"not_picked":["Stack","Compile Driver"],"picked":"Hyperbeam","floor":11.0},{"not_picked":["Hologram","Stack"],"picked":"Echo Form","floor":13.0},{"not_picked":["Multi-Cast","All For One"],"picked":"Amplify","floor":16.0},{"not_picked":["Gash","Beam Cell","Cold Snap"],"picked":"SKIP","floor":18.0},{"not_picked":["FTL","Ball Lightning"],"picked":"BootSequence","floor":21.0},{"not_picked":["Doom and Gloom+1","Fusion","Steam"],"picked":"SKIP","floor":22.0},{"not_picked":["Fusion","Melter"],"picked":"Genetic Algorithm","floor":25},{"not_picked":["Static Discharge","Darkness"],"picked":"Glacier","floor":30}],"player_experience":1077893,"relics_obtained":[{"floor":7.0,"key":"Peace Pipe"},{"floor":9.0,"key":"Eternal Feather"},{"floor":13.0,"key":"Gremlin Horn"},{"floor":25,"key":"Juzu Bracelet"},{"floor":26,"key":"Pen Nib"},{"floor":26,"key":"Lizard Tail"},{"floor":30,"key":"Ornamental Fan"}],"event_choices":[{"damage_healed":0.0,"max_hp_gain":0.0,"max_hp_loss":0.0,"gold_gain":0.0,"event_name":"The Cleric","player_choice":"Leave","floor":3.0,"gold_loss":0.0,"damage_taken":0.0},{"damage_healed":0.0,"max_hp_gain":0.0,"max_hp_loss":0.0,"gold_gain":0.0,"event_name":"Liars Game","player_choice":"Ignored","floor":8.0,"gold_loss":0.0,"damage_taken":0.0},{"damage_healed":0.0,"max_hp_gain":0.0,"max_hp_loss":0.0,"gold_gain":0.0,"event_name":"Scrap Ooze","player_choice":"Success","floor":10.0,"gold_loss":0.0,"damage_taken":11.0,"relics_obtained":["Matryoshka"]},{"damage_healed":0.0,"max_hp_gain":0.0,"max_hp_loss":0.0,"gold_gain":73.0,"event_name":"Golden Wing","player_choice":"Gained Gold","floor":12.0,"gold_loss":0.0,"damage_taken":0.0},{"damage_healed":0.0,"max_hp_gain":0.0,"max_hp_loss":0.0,"gold_gain":0.0,"event_name":"Shining Light","player_choice":"Ignored","floor":14.0,"gold_loss":0.0,"damage_taken":0.0},{"cards_removed":["Strike_B"],"damage_healed":0.0,"max_hp_gain":0.0,"max_hp_loss":0.0,"gold_gain":0.0,"event_name":"Beggar","player_choice":"Gave Gold","floor":19.0,"gold_loss":75.0,"damage_taken":0.0},{"damage_healed":0.0,"max_hp_gain":0.0,"max_hp_loss":0.0,"gold_gain":0.0,"event_name":"Back to Basics","player_choice":"Simplicity","floor":20.0,"gold_loss":0.0,"damage_taken":0.0,"cards_upgraded":["Strike_B","Strike_B","Strike_B","Defend_B","Defend_B","Defend_B","Defend_B"]},{"damage_healed":0,"gold_gain":0,"player_choice":"Became a Ghost","damage_taken":0,"max_hp_gain":0,"max_hp_loss":38,"event_name":"Ghosts","floor":24,"gold_loss":0,"cards_obtained":["Ghostly","Ghostly","Ghostly"]},{"damage_healed":0,"gold_gain":0,"player_choice":"Obtained Relic","damage_taken":0,"relics_obtained":["Cables"],"max_hp_gain":0,"max_hp_loss":0,"event_name":"Addict","floor":27,"gold_loss":85},{"damage_healed":0,"gold_gain":0,"player_choice":"Ignored","damage_taken":0,"max_hp_gain":0,"max_hp_loss":0,"event_name":"Cursed Tome","floor":31,"gold_loss":0}],"is_beta":false,"boss_relics":[{"not_picked":["Runic Dome","Black Star"],"picked":"Runic Pyramid"}],"items_purged_floors":[],"is_endless":false,"potions_floor_spawned":[1,4,11,13,18,30],"killed_by":"Automaton","ascension_level":19}}