{"host":"8ujkkqjs1cxoxabk","time":1610222304,"event":{"mods":["AchievementEnabler","Act Like it!","Aspiration","BaseMod","Beaked The Cultist","BetterRewards","Colored Map","Conspire","Custom Start","Downfall","Glutton Mod","Halation","Hallownest","Hubris","Infinite Spire","Jorbs\u0027s Wanderer Trilogy","Marisa????????","Minty Spire (QoL Compilation)","Replay The Spire","Shop Mod","StSLib","The Animator","The Bug Knight","The Construct","The Cursed","The Disciple","The Factory","The Hierophant","The Jungle","The Mystic","The Necromancer","The Servant 0.9.4","The Valiant"],"gold_per_floor":[113,123,136,154,168,168,178,178,227,258,2,2,2,2,2,2,2,2],"floor_reached":16,"playtime":2087,"items_purged":[],"score":102,"play_id":"5f37d4a4-a023-4184-9659-734727febf0d","local_time":"20210109125824","is_ascension_mode":false,"campfire_choices":[{"data":"champ:Taunt","floor":6,"key":"SMITH"},{"floor":12,"key":"REST"},{"data":"champ:IronFortress","floor":15,"key":"SMITH"}],"circlet_count":0,"master_deck":["champ:Strike","champ:Strike","champ:Strike","champ:Strike","champ:Defend","champ:Defend","champ:Defend","champ:Defend","champ:Taunt+1","champ:GutPunch","champ:TornadoPunch","champ:AdrenalArmor","champ:DeathBlow","champ:StanceDance","champ:RecklessLeap","champ:IronFortress+1","champ:FocusedDefense+1","champ:CalledShot+1","champ:EnragedBash","champ:AdrenalArmor+1","champ:Strike"],"relics":["champ:ChampionCrown","replay:Trail_Library","aspiration:BabyByrd","PreservedInsect","Toxic Egg 2","halation:PinkSoulGem"],"acts_visited":["Exordium"],"potions_floor_usage":[4,7,10,16],"damage_taken":[{"damage":5,"enemies":"2 Louse","floor":1,"turns":3},{"damage":14,"enemies":"Jaw Worm","floor":2,"turns":5},{"damage":9,"enemies":"conspire:RoseBush","floor":3,"turns":3},{"damage":37,"enemies":"Gremlin Gang","floor":4,"turns":6},{"damage":12,"enemies":"3 Louse","floor":5,"turns":2},{"damage":50,"enemies":"Lots of Slimes","floor":7,"turns":5},{"damage":10,"enemies":"Gremlin Nob","floor":10,"turns":4},{"damage":79,"enemies":"Hexaghost","floor":16,"turns":7}],"seed_played":"-7388598154732819126","potions_obtained":[{"floor":2,"key":"champ:OpenerPotion"},{"floor":5,"key":"Slimebound:ThreeZeroPotion"},{"floor":7,"key":"Fire Potion"},{"floor":10,"key":"ColorlessPotion"}],"is_trial":true,"path_per_floor":["M","M","M","M","M","R","M","?","T","E","$","R","?","?","R","B"],"character_chosen":"THE_CHAMP","items_purchased":["champ:FocusedDefense+1","champ:CalledShot+1","champ:EnragedBash","champ:AdrenalArmor+1"],"campfire_rested":1,"item_purchase_floors":[11,11,11,11],"current_hp_per_floor":[90,84,80,62,60,60,53,53,53,48,48,75,75,75,75,0,0,0],"gold":2,"neow_bonus":"","is_daily":false,"chose_seed":false,"campfire_upgraded":2,"win_rate":0.0,"timestamp":1610222304,"path_taken":["M","M","M","M","M","R","M","?","T","E","$","R","?","?","R","BOSS"],"items_purchased_type":["Card","Card","Card","Card"],"build_version":"2020-12-22","purchased_purges":0,"victory":false,"max_hp_per_floor":[90,90,90,90,90,90,90,90,90,90,90,90,90,90,90,90,90,90],"card_choices":[{"not_picked":["champ:FlashCut","champ:BringItOn"],"picked":"champ:GutPunch","floor":1},{"not_picked":["champ:PerfectedStrike","champ:BringItOn"],"picked":"champ:TornadoPunch","floor":2},{"not_picked":["champ:FlashCut","champ:Backstep"],"picked":"champ:AdrenalArmor","floor":3},{"not_picked":["champ:FocusedBerserking","champ:Haymaker"],"picked":"champ:DeathBlow","floor":4},{"not_picked":["champ:FalseCounter","champ:Riposte"],"picked":"champ:StanceDance","floor":5},{"not_picked":["champ:BladeFlurry","champ:GladiatorStyle"],"picked":"champ:RecklessLeap","floor":7},{"not_picked":["champ:EndlessRage","champ:FaceSlap"],"picked":"champ:IronFortress","floor":10}],"player_experience":147882,"relics_obtained":[{"floor":9,"key":"PreservedInsect"},{"floor":10,"key":"Toxic Egg 2"}],"event_choices":[{"cards_removed":["champ:Execute"],"damage_healed":0,"gold_gain":0,"player_choice":"Offered Basic","damage_taken":0,"max_hp_gain":0,"max_hp_loss":0,"event_name":"Bonfire Elementals","floor":14,"gold_loss":0}],"is_beta":false,"boss_relics":[],"items_purged_floors":[],"is_endless":false,"potions_floor_spawned":[2,5,7,10],"killed_by":"Hexaghost","ascension_level":0}}