{"host":"nzm1i0l8mrsm8hd2","time":1610196324,"event":{"mods":["Act Like it!","Arknights The Spire","Aspiration","BaseMod","Better Third Choice","Challenge The Spire","Conspire","Friendly Minions","Gensokyo","Jedi Mod","Minty Spire (QoL Compilation)","Pale of the Ancients","Quick Restart","RumiaBox-露米娅的神秘盒子","Spicy Shops","StSLib","The Jungle","Yohane!"],"gold_per_floor":[118,118,668,680,680,706,720,720,720,720,737,754,773,790,790,892,892,911,911,989,1000,472,472,489,520,520,146,156,156,183,199,199,299,299,317,330,330,330,147,202,214,249,298,120,120,120,121,121,121,321],"floor_reached":51,"playtime":2619,"items_purged":["Strike_B","Defend_B"],"score":1297,"play_id":"707ee5a1-8af3-4a3a-844b-4e10b2655a39","local_time":"20210109204524","is_ascension_mode":true,"campfire_choices":[{"floor":8.0,"key":"REST"},{"data":"Zap","floor":10.0,"key":"SMITH"},{"data":"TalkToTheHand","floor":15.0,"key":"SMITH"},{"data":"Dualcast","floor":23.0,"key":"SMITH"},{"data":"Vault","floor":29.0,"key":"SMITH"},{"data":"Yohane:Kowareyasuki","floor":32.0,"key":"SMITH"},{"floor":45,"key":"RECALL"},{"data":"Beam Cell","floor":49,"key":"SMITH"}],"circlet_count":0,"master_deck":["Strike_B","Strike_B","Strike_B","Defend_B","Defend_B","Defend_B","Zap+1","Dualcast+1","Go for the Eyes","TalkToTheHand+1","jedi:BurstDark","Beam Cell+1","Vault+1","Beam Cell","Steam+1","Anger+1","Yohane:Kowareyasuki+1","Buffer+1","Swift Strike+1","Gensokyo:UnhurriedMind+1","Gensokyo:SummonYinYangFox","jedi:BurstDark","Brilliance"],"relics":["aspiration:WatcherSkillbook","Baka","Gensokyo:OccultBall","jedi:matchstick","Unceasing Top","Busted Crown","GodSword1","Medical Kit","PrismaticShard","Juzu Bracelet","Pen Nib","Bottled Flame","aspiration:Nostalgia","Burning Blood","aspiration:EnhancedActuators","Gensokyo:Companionship","Frozen Egg 2","Strawberry","Regal Pillow","SoulBox","Vajra","Gensokyo:DualWield","GodSword5","jedi:crownofsimplicity","jedi:Pinwheel","Bird Faced Urn","Sling","Happy Flower"],"acts_visited":["Exordium","Gensokyo:Gensokyo","Gensokyo:Gensokyoer"],"potions_floor_usage":[],"damage_taken":[{"damage":2.0,"enemies":"Gensokyo:Python","floor":1.0,"turns":4.0},{"damage":42.0,"enemies":"Gensokyo:Gryphon","floor":3.0,"turns":4.0},{"damage":12.0,"enemies":"Gensokyo:3_Fairies","floor":4.0,"turns":4.0},{"damage":25.0,"enemies":"Gensokyo:Mamizou","floor":6.0,"turns":8.0},{"damage":1.0,"enemies":"Gensokyo:2_Rabbits","floor":7.0,"turns":3.0},{"damage":5.0,"enemies":"Gensokyo:3_Kodama","floor":11.0,"turns":1.0},{"damage":1.0,"enemies":"Gensokyo:VengefulSpirit","floor":12.0,"turns":4.0},{"damage":0.0,"enemies":"Gensokyo:LivingMonolith","floor":13.0,"turns":2.0},{"damage":18.0,"enemies":"Gensokyo:5_Fairies","floor":14.0,"turns":7.0},{"damage":7.0,"enemies":"Gensokyo:Reimu","floor":16.0,"turns":6.0},{"damage":0.0,"enemies":"Gensokyo:CosmicMonolith","floor":18.0,"turns":3.0},{"damage":6.0,"enemies":"Gensokyo:2_Gloops","floor":21.0,"turns":4.0},{"damage":0.0,"enemies":"Gensokyo:Wraith","floor":24.0,"turns":6.0},{"damage":12.0,"enemies":"Gensokyo:Reisen","floor":25.0,"turns":4.0},{"damage":0.0,"enemies":"Gensokyo:3_Gloops","floor":28.0,"turns":3.0},{"damage":0.0,"enemies":"Gensokyo:Koishi","floor":30.0,"turns":5.0},{"damage":1.0,"enemies":"Gensokyo:Chomper_and_Gloop","floor":31.0,"turns":3.0},{"damage":18.0,"enemies":"Gensokyo:Eternal_Rivals","floor":33.0,"turns":8.0},{"damage":2.0,"enemies":"Gensokyo:AncientGuardian","floor":35.0,"turns":4.0},{"damage":0.0,"enemies":"Gensokyo:3_Bats","floor":36.0,"turns":3.0},{"damage":7.0,"enemies":"Gensokyo:Doremy","floor":40.0,"turns":4.0},{"damage":17.0,"enemies":"Gensokyo:Doremy","floor":41.0,"turns":5.0},{"damage":0,"enemies":"Gensokyo:Kasen","floor":42,"turns":3},{"damage":14,"enemies":"Gensokyo:Kasen","floor":46,"turns":6},{"damage":0,"enemies":"Gensokyo:Marisa","floor":47,"turns":3},{"damage":0,"enemies":"Gensokyo:Yuyuko","floor":50,"turns":3}],"seed_played":"-796201759225863406","potions_obtained":[{"floor":1.0,"key":"jedi:StrikingPotion"},{"floor":6.0,"key":"Fire Potion"},{"floor":12.0,"key":"ColorlessPotion"},{"floor":16.0,"key":"Fire Potion"},{"floor":21.0,"key":"SteroidPotion"},{"floor":30.0,"key":"EssenceOfSteel"},{"floor":31.0,"key":"Energy Potion"},{"floor":33.0,"key":"PowerPotion"},{"floor":41.0,"key":"PotionOfCapacity"}],"is_trial":false,"path_per_floor":["M","?","M","M","?","E","M","R","T","R","M","M","M","M","R","B",null,"M","?","T","M","COS","R","M","E","T","$","M","R","E","M","R","B",null,"M","M","?","?","COS","E","R","E","T","$","R","?","E","?","R","B",null],"character_chosen":"DEFECT","items_purchased":["aspiration:Nostalgia","aspiration:EnhancedActuators","Sling"],"campfire_rested":1,"item_purchase_floors":[27,27,44],"current_hp_per_floor":[66,66,24,12,35,10,9,31,31,31,26,25,25,25,25,18,61,61,61,61,55,55,55,55,43,43,43,49,49,62,67,67,55,75,79,82,67,67,67,66,56,63,63,63,63,63,76,76,76,76],"gold":321,"neow_bonus":"BOSS_RELIC","is_daily":false,"chose_seed":false,"campfire_upgraded":6,"win_rate":0.0,"timestamp":1610196324,"path_taken":["M","?","M","?","?","E","M","R","T","R","?","M","M","M","R","BOSS","M","?","?","M","COS","R","M","E","T","$","M","R","E","M","R","BOSS","M","M","?","?","COS","E","R","E","T","?","R","?","E","?","R","BOSS"],"items_purchased_type":["Relic","Relic","Relic"],"build_version":"2020-12-22","purchased_purges":2,"victory":true,"max_hp_per_floor":[75,75,75,75,75,75,75,75,75,75,75,75,75,75,75,75,75,75,75,75,75,75,75,75,75,75,75,75,75,82,82,82,82,82,82,82,82,82,82,82,82,82,82,82,82,82,82,82,82,82],"card_choices":[{"not_picked":["SashWhip","Capacitor","FlyingSleeves"],"picked":"ForeignInfluence","floor":1.0},{"not_picked":["Turbo","ClearTheMind","ThirdEye"],"picked":"Go for the Eyes","floor":3.0},{"not_picked":["SashWhip","Melter","Consecrate"],"picked":"TalkToTheHand","floor":4.0},{"not_picked":["Turbo","Worship","Streamline"],"picked":"jedi:BurstDark","floor":6.0},{"not_picked":["Storm","FollowUp","FlyingSleeves","ClearTheMind"],"picked":"SKIP","floor":7.0},{"not_picked":["CrushJoints","ClearTheMind","Protect","Undo"],"picked":"SKIP","floor":11.0},{"not_picked":["ClearTheMind","Genetic Algorithm","Evaluate"],"picked":"Beam Cell","floor":12.0},{"not_picked":["FlurryOfBlows","Doom and Gloom","Reinforced Body"],"picked":"Vault","floor":13.0},{"not_picked":["ClearTheMind","Study","Consume"],"picked":"Beam Cell","floor":14.0},{"not_picked":["jedi:BurstFrost","BowlingBash"],"picked":"SKIP","floor":18.0},{"not_picked":["ClearTheMind+1"],"picked":"Steam+1","floor":21.0},{"not_picked":["ats:Powerful Strike+1"],"picked":"Anger+1","floor":24.0},{"not_picked":["BowlingBash+1"],"picked":"Yohane:Kowareyasuki","floor":24.0},{"not_picked":["Searing Blow","ats:Soul Absorption"],"picked":"SKIP","floor":25.0},{"not_picked":["Vengeance","Sever Soul"],"picked":"SKIP","floor":28.0},{"not_picked":["Recycle+1"],"picked":"Buffer+1","floor":30.0},{"not_picked":["jedi:BurstFrost","EmptyFist"],"picked":"SKIP","floor":31.0},{"not_picked":["Rebound+1","ats:Leaping Hammer"],"picked":"SKIP","floor":35.0},{"not_picked":["Stack"],"picked":"Swift Strike+1","floor":36.0},{"not_picked":["Entrench","All For One"],"picked":"SKIP","floor":40.0},{"not_picked":["PiercingWail+1","Pray"],"picked":"SKIP","floor":41.0},{"not_picked":["Undo","Searing Blow"],"picked":"SKIP","floor":42},{"not_picked":["Gensokyo:DreamlikeParadise+1","Gensokyo:LifeSpringInfinity+1"],"picked":"Gensokyo:UnhurriedMind+1","floor":46},{"not_picked":["Gensokyo:BuddhistDiamond","Flex"],"picked":"SKIP","floor":47}],"player_experience":566384,"relics_obtained":[{"floor":1.0,"key":"Baka"},{"floor":6.0,"key":"jedi:matchstick"},{"floor":9.0,"key":"Unceasing Top"},{"floor":11.0,"key":"Gensokyo:OccultBall"},{"floor":16.0,"key":"Gensokyo:OccultBall"},{"floor":18.0,"key":"Gensokyo:OccultBall"},{"floor":20.0,"key":"GodSword1"},{"floor":25.0,"key":"Gensokyo:OccultBall"},{"floor":25.0,"key":"Pen Nib"},{"floor":26.0,"key":"Bottled Flame"},{"floor":30.0,"key":"Strawberry"},{"floor":33.0,"key":"Gensokyo:OccultBall"},{"floor":33.0,"key":"Regal Pillow"},{"floor":36.0,"key":"Gensokyo:OccultBall"},{"floor":40.0,"key":"GodSword5"},{"floor":41.0,"key":"Gensokyo:OccultBall"},{"floor":42,"key":"Bird Faced Urn"},{"floor":47,"key":"Happy Flower"}],"event_choices":[{"damage_healed":0,"gold_gain":0,"player_choice":"Leave","damage_taken":0,"max_hp_gain":0,"max_hp_loss":0,"event_name":"conspire:Investor","floor":48,"gold_loss":0}],"is_beta":false,"boss_relics":[{"not_picked":["conspire:RunicOctahedron","Calling Bell"],"picked":"Busted Crown"},{"not_picked":["EasyGame_NEW","Snecko Eye"],"picked":"SoulBox"}],"items_purged_floors":[27,44],"is_endless":false,"potions_floor_spawned":[1,6,12,16,21,24,30,31,33,35,41],"ascension_level":9}}