{"host":"wlby5h16dhl6c8vf","time":1610226243,"event":{"mods":["AchievementEnabler","Act Like it!","Astrologer","BaseMod","Bestiary","BetterRewards","Card Forge","Chen","Custom Start","DeckTracker","Downfall","Duelist Mod","Evolution","Friendly Minions","Hermit","Hubris","Koishi","Marisa????????","Minty Spire (QoL Compilation)","Prisma Mod","Quick Restart","Relic Stats","Remilia??????","Replay The Spire","Robot Space Explorer","SOS???????","Shop Mod","StSLib","SuperFastMode","The Administrix","The Animator","The Construct","The Exalted","The IronCluck","The Marked","The Necromancer","The Problem Sleuth","The Servant 0.9.4","The Wild Card"],"gold_per_floor":[138,138,115,125,143,173,181,223,246,246,269,311,118,118,118,226,226,236,1389,1393,1124,1130,1130,1176,1195,1218,1218,1244,1159,1014,1046,1046,1156,1156,1182,344,344,350,368,376,376,376,376,386,401,401,401,407,407,421,421,421,19,25,47],"floor_reached":56,"playtime":4494,"items_purged":[],"score":1496,"play_id":"2ed40879-d0d1-43eb-b71a-b6d0a1984938","local_time":"20210109220403","is_ascension_mode":true,"campfire_choices":[{"floor":15,"key":"RECALL"},{"floor":23,"key":"REST"},{"floor":27,"key":"REST"},{"floor":32,"key":"REST"},{"floor":41,"key":"REST"},{"floor":46,"key":"REST"},{"floor":49,"key":"REST"},{"floor":52,"key":"REST"}],"circlet_count":0,"master_deck":["theDuelist:MysticalElf+1","theDuelist:MysticalElf+1","theDuelist:NeoMagic+1","theDuelist:NeoMagic+1","theDuelist:Sparks+1","theDuelist:Sparks+1","theDuelist:Sparks+1","theDuelist:Electrowhip+1","theDuelist:ScrapFactory+1","theDuelist:BigFire+1","theDuelist:ElectromagneticShield+1","theDuelist:PsychicShockwave+1","theDuelist:Eva+1","theDuelist:MudragonSwamp+1","theDuelist:BerserkerCrush+4","theDuelist:Eva+1","theDuelist:BigFire+1","theDuelist:BigFire+1","theDuelist:AmuletAmbition+5","theDuelist:FluteKuriboh+1","theDuelist:SilentDoom+4","theDuelist:WhiteMagicalHat+1","theDuelist:ImperialOrder+1","theDuelist:Hinotama+5","theDuelist:BigFire+1","theDuelist:PotDichotomy+1","theDuelist:HappyLover+1","theDuelist:RainbowKuriboh+1","theDuelist:PowerKaishin+1","theDuelist:Mathematician+1","theDuelist:PowerKaishin+1","theDuelist:LightningBlade+4","theDuelist:SpiritHarp+1","theDuelist:MythicalBeast+1","theDuelist:KamionTimelord+1","theDuelist:LightningBlade+4","theDuelist:Raigeki+1","theDuelist:SpiritHarp+1","theDuelist:YellowBelliedOni+1","theDuelist:BigFire+1"],"relics":["theDuelist:MillenniumPuzzle","theDuelist:CardPoolRelic","theDuelist:CardPoolBasicRelic","theDuelist:BoosterPackPoolRelic","theDuelist:CardPoolAddRelic","theDuelist:CardPoolMinusRelic","theDuelist:CardPoolSaveRelic","theDuelist:CardPoolOptionsRelic","Hammer of Thor","Seething Fire","Anvil of the Gods","EVO:Axolotl","construct:RocketBooster","theDuelist:MillenniumNecklace","Replay:Bandana","Strawberry","ReplayTheSpireMod:Ring of Exchange","Ring of Misfortune","King of Hearts","theDuelist:SpellcasterOrb","Darkstone Periapt","Medical Kit","theDuelist:MonsterEggRelic","MerchantsRug","Replay:Baseball","Lizard Tail","Blood Vial","Mummified Hand","MealTicket","HandDrill","Prayer Wheel","theDuelist:SpellcasterStone","Self Forming Clay","Replay:Ringing Soul"],"acts_visited":["Exordium","TheCity","TheBeyond","TheEnding"],"potions_floor_usage":[24,55,55,55],"damage_taken":[{"damage":0,"enemies":"Small Slimes","floor":1,"turns":3},{"damage":0,"enemies":"2 Louse","floor":4,"turns":3},{"damage":0,"enemies":"Cultist","floor":5,"turns":3},{"damage":0,"enemies":"Replay:BlueRogue","floor":6,"turns":4},{"damage":0,"enemies":"Blue Slaver","floor":7,"turns":4},{"damage":10,"enemies":"3 Sentries","floor":8,"turns":6},{"damage":1,"enemies":"Red Slaver","floor":11,"turns":3},{"damage":0,"enemies":"Replay:BlueRogue","floor":12,"turns":5},{"damage":23,"enemies":"Fading Forest","floor":16,"turns":11},{"damage":2,"enemies":"3 Byrds","floor":18,"turns":3},{"damage":0,"enemies":"Shell Parasite","floor":20,"turns":3},{"damage":0,"enemies":"Sentry and Sphere","floor":22,"turns":2},{"damage":17,"enemies":"Gremlin Leader","floor":24,"turns":4},{"damage":11,"enemies":"Centurion and Healer","floor":25,"turns":5},{"damage":0,"enemies":"Cultist and Chosen","floor":28,"turns":2},{"damage":0,"enemies":"3 Cultists","floor":31,"turns":3},{"damage":0,"enemies":"Automaton","floor":33,"turns":6},{"damage":12,"enemies":"3 Shapes","floor":35,"turns":3},{"damage":11,"enemies":"3 Darklings","floor":38,"turns":5},{"damage":0,"enemies":"Writhing Mass","floor":39,"turns":4},{"damage":17,"enemies":"Sphere and 2 Shapes","floor":40,"turns":3},{"damage":6,"enemies":"3 Darklings","floor":44,"turns":2},{"damage":44,"enemies":"4 Shapes","floor":45,"turns":3},{"damage":15,"enemies":"R_Hoarder","floor":48,"turns":4},{"damage":41,"enemies":"Awakened One","floor":50,"turns":11},{"damage":37,"enemies":"Shield and Spear","floor":54,"turns":5},{"damage":70,"enemies":"The Heart","floor":55,"turns":8}],"seed_played":"-3083445920416986452","potions_obtained":[{"floor":4,"key":"theDuelist:SolderPotionB"},{"floor":5,"key":"theDuelist:StunPotion"},{"floor":5,"key":"theDuelist:FreezingPotion"},{"floor":16,"key":"theDuelist:SummonerBottle"},{"floor":24,"key":"Fruit Juice"},{"floor":25,"key":"Energy Potion"},{"floor":25,"key":"theDuelist:TokenPotion"}],"is_trial":false,"path_per_floor":["M","?","$","M","M","E","M","E","T","?","M","E","$","?","R","B",null,"M","$","M","$","M","R","E","M","T","R","M","?","$","M","R","B",null,"M","$","?","M","M","M","R","?","T","M","M","R","$","E","R","B",null,"R","$","E","B",null],"character_chosen":"THE_DUELIST","items_purchased":["theDuelist:ScrapFactory","theDuelist:SpellcasterOrb","theDuelist:BerserkerCrush","theDuelist:BigFire","theDuelist:MonsterEggRelic","theDuelist:AmuletAmbition","MerchantsRug","theDuelist:FluteKuriboh","theDuelist:WhiteMagicalHat","Replay:Baseball","theDuelist:ImperialOrder","MealTicket","Prayer Wheel","theDuelist:SpellcasterStone","theDuelist:Mathematician+1","theDuelist:BigFire","theDuelist:PowerKaishin","Replay:SS_forest_6","theDuelist:Raigeki","theDuelist:SpiritHarp","theDuelist:YellowBelliedOni"],"campfire_rested":7,"item_purchase_floors":[3,13,13,19,19,19,19,19,21,21,21,30,36,36,36,36,36,36,53,53,53],"current_hp_per_floor":[80,80,80,80,80,80,80,77,77,77,76,76,76,76,76,65,87,85,85,85,85,85,87,75,64,64,91,92,92,92,92,92,92,92,80,92,92,81,83,68,92,92,92,86,44,71,86,73,92,51,92,92,92,58,39],"gold":47,"neow_bonus":"ONE_RARE_RELIC","is_daily":false,"chose_seed":false,"campfire_upgraded":0,"win_rate":0.0,"timestamp":1610226243,"path_taken":["M","?","$","M","M","E","M","E","T","?","M","E","$","?","R","BOSS","M","$","M","?","M","R","E","M","T","R","?","?","$","M","R","BOSS","M","$","?","M","M","?","R","?","T","M","M","R","$","E","R","BOSS","R","$","E","BOSS"],"items_purchased_type":["Card","Relic","Card","Card","Relic","Card","Relic","Card","Card","Relic","Card","Relic","Relic","Relic","Card","Card","Card","Card","Card","Card","Card"],"build_version":"2020-12-22","purchased_purges":0,"victory":true,"max_hp_per_floor":[80,80,80,80,80,80,80,87,87,87,87,87,87,87,87,87,87,87,87,87,87,87,87,92,92,92,92,92,92,92,92,92,92,92,92,92,92,92,92,92,92,92,92,92,92,92,92,92,92,92,92,92,92,95,95],"relic_stats":{"Darkstone Periapt":0,"Blood Vial":11,"Lizard Tail":47,"counters":[27,116],"Mummified Hand":[27],"Self Forming Clay":[69],"MealTicket":27,"Prayer Wheel":5,"HandDrill":[24],"Medical Kit":[2],"obtain_stats":[{"Darkstone Periapt":14,"ReplayTheSpireMod:Ring of Exchange":10,"Hammer of Thor":0,"King of Hearts":12,"EVO:Axolotl":0,"theDuelist:MillenniumPuzzle":0,"Blood Vial":26,"Replay:Ringing Soul":54,"theDuelist:BoosterPackPoolRelic":0,"Replay:Bandana":6,"Lizard Tail":24,"Mummified Hand":29,"Strawberry":8,"MealTicket":30,"Prayer Wheel":36,"theDuelist:CardPoolAddRelic":0,"theDuelist:CardPoolOptionsRelic":0,"HandDrill":34,"theDuelist:CardPoolRelic":0,"theDuelist:MonsterEggRelic":19,"MerchantsRug":19,"theDuelist:SpellcasterOrb":13,"theDuelist:SpellcasterStone":36,"construct:RocketBooster":0,"Self Forming Clay":48,"theDuelist:CardPoolSaveRelic":0,"Seething Fire":0,"Medical Kit":17,"theDuelist:CardPoolMinusRelic":0,"Replay:Baseball":21,"Anvil of the Gods":0,"theDuelist:MillenniumNecklace":2,"theDuelist:CardPoolBasicRelic":0,"Ring of Misfortune":10},{"Darkstone Periapt":8,"ReplayTheSpireMod:Ring of Exchange":6,"Hammer of Thor":0,"King of Hearts":8,"EVO:Axolotl":0,"theDuelist:MillenniumPuzzle":0,"Blood Vial":14,"Replay:Ringing Soul":26,"theDuelist:BoosterPackPoolRelic":0,"Replay:Bandana":4,"Lizard Tail":13,"Mummified Hand":15,"Strawberry":6,"MealTicket":15,"Prayer Wheel":18,"theDuelist:CardPoolAddRelic":0,"theDuelist:CardPoolOptionsRelic":0,"HandDrill":17,"theDuelist:CardPoolRelic":0,"theDuelist:MonsterEggRelic":10,"MerchantsRug":10,"theDuelist:SpellcasterOrb":8,"theDuelist:SpellcasterStone":18,"construct:RocketBooster":0,"Self Forming Clay":24,"theDuelist:CardPoolSaveRelic":0,"Seething Fire":0,"Medical Kit":9,"theDuelist:CardPoolMinusRelic":0,"Replay:Baseball":11,"Anvil of the Gods":0,"theDuelist:MillenniumNecklace":1,"theDuelist:CardPoolBasicRelic":0,"Ring of Misfortune":6},{"Darkstone Periapt":31,"ReplayTheSpireMod:Ring of Exchange":23,"Hammer of Thor":0,"King of Hearts":31,"EVO:Axolotl":0,"theDuelist:MillenniumPuzzle":0,"Blood Vial":59,"Replay:Ringing Soul":108,"theDuelist:BoosterPackPoolRelic":0,"Replay:Bandana":13,"Lizard Tail":54,"Mummified Hand":61,"Strawberry":23,"MealTicket":61,"Prayer Wheel":73,"theDuelist:CardPoolAddRelic":0,"theDuelist:CardPoolOptionsRelic":0,"HandDrill":70,"theDuelist:CardPoolRelic":0,"theDuelist:MonsterEggRelic":45,"MerchantsRug":45,"theDuelist:SpellcasterOrb":31,"theDuelist:SpellcasterStone":73,"construct:RocketBooster":0,"Self Forming Clay":92,"theDuelist:CardPoolSaveRelic":0,"Seething Fire":0,"Medical Kit":42,"theDuelist:CardPoolMinusRelic":0,"Replay:Baseball":48,"Anvil of the Gods":0,"theDuelist:MillenniumNecklace":3,"theDuelist:CardPoolBasicRelic":0,"Ring of Misfortune":23}]},"card_choices":[{"not_picked":["theDuelist:MiraculousDescent","theDuelist:ElectromagneticShield","theDuelist:ImperialOrder","theDuelist:WhiteHowling"],"picked":"theDuelist:Electrowhip","floor":1},{"not_picked":["theDuelist:Hinotama","theDuelist:MagnumShield","theDuelist:OnslaughtFireKings","theDuelist:InfernoFireBlast"],"picked":"theDuelist:BigFire","floor":4},{"not_picked":["theDuelist:MiraculousDescent","theDuelist:Electrowhip","theDuelist:ImperialOrder"],"picked":"theDuelist:ElectromagneticShield","floor":5},{"not_picked":["theDuelist:RainbowNeos","theDuelist:DoubleTool","theDuelist:Hinotama","theDuelist:MeteorDestruction"],"picked":"theDuelist:SangaEarth","floor":6},{"not_picked":["theDuelist:RainbowNeos","theDuelist:AfterTheStorm","theDuelist:WormApocalypse","theDuelist:DarkBurningAttack","theDuelist:Downbeat"],"picked":"SKIP","floor":7},{"not_picked":["theDuelist:CombinationAttack","theDuelist:SpellShatteringArrow","theDuelist:CrystalRaigeki","theDuelist:SilentDoom"],"picked":"theDuelist:PsychicShockwave","floor":8},{"not_picked":["theDuelist:CoreBlaster","theDuelist:PowerKaishin","theDuelist:CombinationAttack","theDuelist:Reinforcements"],"picked":"theDuelist:Eva","floor":11},{"not_picked":["theDuelist:DestroyerGolem","theDuelist:Wiretap","theDuelist:Polymerization","theDuelist:Sangan"],"picked":"theDuelist:MudragonSwamp","floor":12},{"not_picked":["theDuelist:KamionTimelord","theDuelist:RainbowNeos","theDuelist:RainbowKuriboh","theDuelist:RainbowOverdragon"],"picked":"theDuelist:Eva","floor":16},{"not_picked":["theDuelist:CoreBlaster","theDuelist:SpellShatteringArrow","theDuelist:LegendHeart","theDuelist:WhiteHowling+1"],"picked":"theDuelist:Wiretap","floor":18},{"not_picked":["theDuelist:BreakDraw+1","theDuelist:DarkBurningMagic+1","theDuelist:PreventRat","theDuelist:GiantTrunade+1"],"picked":"theDuelist:SilentDoom","floor":20},{"not_picked":["theDuelist:AttackTheMoon+1","theDuelist:EarthquakeGiant","theDuelist:WormWarlord","theDuelist:Sangan"],"picked":"theDuelist:Hinotama","floor":22},{"not_picked":["theDuelist:CombinationAttack+1","theDuelist:CrossAttack","theDuelist:DoubleTool","theDuelist:GravityBlaster"],"picked":"theDuelist:BigFire","floor":24},{"not_picked":["theDuelist:Mudora+1","theDuelist:BlackPendant","theDuelist:GauntletWarrior","theDuelist:EvilswarmHeliotrope"],"picked":"theDuelist:PotDichotomy+1","floor":25},{"not_picked":["theDuelist:CombinationAttack","theDuelist:FluteKuriboh+1","theDuelist:WhiteMagicalHat","theDuelist:Tuningware","theDuelist:CircleFireKings"],"picked":"SKIP","floor":28},{"not_picked":["theDuelist:RainbowNeos","theDuelist:SangaEarth","theDuelist:WhiteNinja","theDuelist:CharcoalInpachi"],"picked":"theDuelist:HappyLover","floor":31},{"not_picked":["theDuelist:Eva","theDuelist:HappyLover","theDuelist:KamionTimelord","theDuelist:RainbowNeos"],"picked":"theDuelist:RainbowKuriboh","floor":33},{"not_picked":["theDuelist:CombinationAttack+1","theDuelist:RainbowNeos+1","theDuelist:MeteorDestruction+1","theDuelist:DarkFactory"],"picked":"theDuelist:PowerKaishin","floor":35},{"not_picked":["theDuelist:ForbiddenLance","theDuelist:LightningVortex+1","theDuelist:GiantTrunade","theDuelist:LegendHeart+1"],"picked":"theDuelist:LightningBlade+1","floor":38},{"not_picked":["theDuelist:Eva+1","theDuelist:HappyLover","theDuelist:RainbowNeos","theDuelist:MythicalBeast"],"picked":"theDuelist:SpiritHarp+1","floor":38},{"not_picked":["theDuelist:MillenniumShield","theDuelist:GridRod","theDuelist:LightningBlade+1","theDuelist:SevenCompleted+1"],"picked":"theDuelist:InstantFusion","floor":39},{"not_picked":["theDuelist:Hinotama","theDuelist:SpellShatteringArrow+1","theDuelist:RainbowNeos","theDuelist:LegendarySword+1"],"picked":"theDuelist:MythicalBeast+1","floor":39},{"not_picked":["theDuelist:RainbowNeos+1","theDuelist:DoubleTool+1","theDuelist:MeteorDestruction+2","theDuelist:SpellShatteringArrow","theDuelist:VenomShot+1"],"picked":"SKIP","floor":40},{"not_picked":["theDuelist:CombinationAttack","theDuelist:CoreBlaster+2","theDuelist:Downbeat","theDuelist:PowerKaishin+1","theDuelist:DarkBurningAttack+1"],"picked":"SKIP","floor":40},{"not_picked":["theDuelist:Raigeki","theDuelist:SwordsRevealing"],"picked":"theDuelist:KamionTimelord+1","floor":44},{"not_picked":["theDuelist:CoreBlaster","theDuelist:DoubleTool","theDuelist:Hinotama+2","theDuelist:SpellShatteringArrow+1","theDuelist:BerserkerCrush+2"],"picked":"SKIP","floor":44},{"not_picked":["Discovery","Enlightenment+1","Finesse+1","Panacea"],"picked":"SKIP","floor":45},{"not_picked":["theDuelist:BattleOx","theDuelist:Reload+1","theDuelist:BattleFootballer+1","theDuelist:DianKeto+1","theDuelist:EarthquakeGiant+1"],"picked":"SKIP","floor":45},{"not_picked":["theDuelist:AmuletAmbition+1","theDuelist:ChaosSeed+1","theDuelist:Hinotama+1","theDuelist:AncientGearFist+1"],"picked":"theDuelist:LightningBlade+1","floor":48},{"not_picked":["theDuelist:DoubleTool+6","theDuelist:MagnumShield+3","theDuelist:SpiritHarp+1","theDuelist:CombinationAttack+6"],"picked":"theDuelist:BigFire+1","floor":54}],"player_experience":259011,"relics_obtained":[{"floor":6,"key":"Replay:Bandana"},{"floor":8,"key":"Strawberry"},{"floor":10,"key":"ReplayTheSpireMod:Ring of Exchange"},{"floor":10,"key":"Ring of Misfortune"},{"floor":12,"key":"King of Hearts"},{"floor":24,"key":"Lizard Tail"},{"floor":26,"key":"Blood Vial"},{"floor":48,"key":"Self Forming Clay"},{"floor":54,"key":"Replay:Ringing Soul"}],"event_choices":[{"damage_healed":0,"gold_gain":0,"player_choice":"Took item - Received: Millennium Necklace","duelist":true,"damage_taken":0,"max_hp_gain":0,"max_hp_loss":0,"event_name":"Millennium Items","floor":2,"gold_loss":0},{"damage_healed":0,"gold_gain":0,"player_choice":"Gave Potion","damage_taken":0,"relics_obtained":["Darkstone Periapt"],"max_hp_gain":0,"max_hp_loss":0,"event_name":"WeMeetAgain","floor":14,"gold_loss":0},{"damage_healed":0,"gold_gain":0,"player_choice":"Obtained Relic","damage_taken":0,"relics_obtained":["Mummified Hand"],"max_hp_gain":0,"max_hp_loss":0,"event_name":"Addict","floor":29,"gold_loss":85},{"damage_healed":0,"gold_gain":0,"player_choice":"1 cards matched","damage_taken":0,"max_hp_gain":0,"max_hp_loss":0,"event_name":"Match and Keep!","floor":37,"gold_loss":0,"cards_obtained":["theDuelist:GiantSoldier"]},{"cards_removed":["theDuelist:BigFire"],"damage_healed":5,"gold_gain":0,"player_choice":"Offered Common","damage_taken":0,"max_hp_gain":0,"max_hp_loss":0,"event_name":"Bonfire Elementals","floor":42,"gold_loss":0},{"cards_removed":["theDuelist:BigFire"],"damage_healed":5,"gold_gain":0,"player_choice":"Offered Special","damage_taken":0,"max_hp_gain":0,"max_hp_loss":0,"event_name":"Bonfire Elementals","floor":42,"gold_loss":0}],"is_beta":false,"boss_relics":[{"not_picked":["Painkiller Herb","ClockworkSouvenir"],"picked":"Medical Kit"},{"not_picked":["ReplayTheSpireMod:ShopPack","Bromod:ArcaneGrace"],"picked":"HandDrill"}],"items_purged_floors":[],"is_endless":false,"potions_floor_spawned":[5,6,7,16,18,24,25,31,35,39,44],"ascension_level":2}}