{"host":"uxq2rly8rxtwffuf","time":1610192083,"event":{"mods":["BaseMod","Koishi","Minty Spire (QoL Compilation)","StSLib","The Judge","The Servant 0.9.4"],"gold_per_floor":[112,112,131,150,30,30,43,53,53,75,115,15,15,15],"floor_reached":13,"playtime":405,"items_purged":["Strike_B","Strike_B"],"score":152,"play_id":"c79f76e1-d547-4967-8ad8-65e5d3a25818","local_time":"20210109143443","is_ascension_mode":true,"campfire_choices":[{"floor":6,"key":"REST"}],"circlet_count":0,"master_deck":["AscendersBane","Strike_B+1","Defend_B","Defend_B","Defend_B","Zap+1","Dualcast","Go for the Eyes","Gash","Reinforced Body","Hologram","Tempest","Reinforced Body","Defragment","Scrape"],"relics":["Cracked Core","CeramicFish","Happy Flower"],"acts_visited":["Exordium"],"potions_floor_usage":[3],"damage_taken":[{"damage":2,"enemies":"Jaw Worm","floor":1,"turns":3},{"damage":12,"enemies":"2 Louse","floor":3,"turns":2},{"damage":0,"enemies":"Cultist","floor":4,"turns":3},{"damage":13,"enemies":"Lots of Slimes","floor":7,"turns":5},{"damage":12,"enemies":"3 Louse","floor":8,"turns":3},{"damage":1,"enemies":"Blue Slaver","floor":10,"turns":4},{"damage":1,"enemies":"Gremlin Nob","floor":11,"turns":5},{"damage":15,"enemies":"Lagavulin","floor":13,"turns":2}],"seed_played":"6821274167824176046","potions_obtained":[{"floor":1,"key":"PowerPotion"}],"is_trial":false,"path_per_floor":["M","?","M","M","$","R","M","M","T","M","E","$","E"],"character_chosen":"DEFECT","items_purchased":["Hologram"],"campfire_rested":1,"item_purchase_floors":[5],"current_hp_per_floor":[44,23,11,11,11,32,19,7,7,6,5,5,0,0],"gold":15,"neow_bonus":"REMOVE_TWO","is_daily":false,"chose_seed":false,"campfire_upgraded":0,"win_rate":0.0,"timestamp":1610192083,"path_taken":["M","?","M","M","$","R","M","M","T","M","E","$","E"],"items_purchased_type":["Card"],"build_version":"2020-12-22","purchased_purges":2,"victory":false,"max_hp_per_floor":[71,71,71,71,71,71,71,71,71,71,71,71,71,71],"card_choices":[{"not_picked":["Melter","Steam"],"picked":"Go for the Eyes","floor":1},{"not_picked":["Defragment","Go for the Eyes"],"picked":"Gash","floor":3},{"not_picked":["Streamline","Leap"],"picked":"Reinforced Body","floor":4},{"not_picked":["Leap","Ball Lightning"],"picked":"Tempest","floor":7},{"not_picked":["Leap","Turbo"],"picked":"Reinforced Body","floor":8},{"not_picked":["Biased Cognition","Steam Power"],"picked":"Defragment","floor":10},{"not_picked":["Hologram","Lockon"],"picked":"Scrape","floor":11}],"player_experience":1385318,"relics_obtained":[{"floor":9,"key":"CeramicFish"},{"floor":11,"key":"Happy Flower"}],"event_choices":[{"damage_healed":0,"gold_gain":0,"player_choice":"Entered Light","damage_taken":21,"max_hp_gain":0,"max_hp_loss":0,"event_name":"Shining Light","floor":2,"gold_loss":0,"cards_upgraded":["Zap","Strike_B"]}],"is_beta":false,"boss_relics":[],"items_purged_floors":[5,12],"is_endless":false,"potions_floor_spawned":[1],"killed_by":"Lagavulin","ascension_level":15}}