{"host":"l84l8xigz5v5foa2","time":1610195305,"event":{"mods":["2.2 Compatiblity","AchievementEnabler","BaseMod","Better Note","Better Vampires","Card Filter","Colored Map","DeckTracker","Downfall","Gremlin Skip","Highlight Path","Keyboard Shortcuts","Minty Spire (QoL Compilation)","Permanent Neow","Quick Restart","Relic Filter","Relic Stats","StSLib","SuperFastMode","Transform Curses","Unknown Chances"],"gold_per_floor":[99,109,109,19,39,59,128,128,155,166,166,191,202,202,217,296,296,296,312,332,349,178,178,203,203,203,203,220,254,265,265,283,359,359,284,304,304,324,324,324,324,324,340,241,241,252,177,206,221,221],"floor_reached":51,"playtime":2835,"items_purged":["Defend_B","Defend_B"],"score":1543,"play_id":"ec984bd1-1b78-43a1-9571-b843877a18d9","local_time":"20210109212825","is_ascension_mode":true,"campfire_choices":[{"data":"Zap","floor":1.0,"key":"SMITH"},{"data":"Fusion","floor":8.0,"key":"SMITH"},{"data":"Sunder","floor":11.0,"key":"SMITH"},{"data":"Coolheaded","floor":18.0,"key":"SMITH"},{"data":"Loop","floor":23.0,"key":"SMITH"},{"data":"Recycle","floor":27.0,"key":"SMITH"},{"data":"Machine Learning","floor":35.0,"key":"SMITH"},{"data":"Hologram","floor":42.0,"key":"SMITH"},{"data":"Turbo","floor":47.0,"key":"SMITH"}],"circlet_count":0,"master_deck":["AscendersBane","Zap+1","Dualcast","FTL","Auto Shields","Hologram+1","Coolheaded+1","Fusion+1","Hologram","Sunder+1","Hologram","Loop+1","Recycle+1","Machine Learning+1","Lockon+1","Reinforced Body+1","Genetic Algorithm+1","Undo","Double Energy+1","Compile Driver","Rebound+1","Core Surge","Tempest","Multi-Cast","Recycle+1","Streamline+1","expansioncontent:CaCaw","Conserve Battery+1","Skim","Reinforced Body","Turbo+1","Turbo+1","Stack"],"relics":["Cracked Core","Letter Opener","Mercury Hourglass","Bronze Scales","Astrolabe","Akabeko","Centennial Puzzle","SlaversCollar","downfall:HeartBlessingGreen","Gremlin Horn","Du-Vu Doll","Strange Spoon","Omamori","downfall:HeartBlessingBlue","Shuriken"],"acts_visited":["Exordium","TheCity","TheBeyond"],"potions_floor_usage":[],"damage_taken":[{"damage":2.0,"enemies":"Jaw Worm","floor":2.0,"turns":2.0},{"damage":0.0,"enemies":"downfall:FleeingMerchant","floor":4.0,"turns":4.0},{"damage":0.0,"enemies":"Cultist","floor":5.0,"turns":3.0},{"damage":3.0,"enemies":"Small Slimes","floor":6.0,"turns":2.0},{"damage":14.0,"enemies":"3 Sentries","floor":9.0,"turns":6.0},{"damage":6.0,"enemies":"Blue Slaver","floor":10.0,"turns":3.0},{"damage":7.0,"enemies":"Lagavulin","floor":12.0,"turns":7.0},{"damage":7.0,"enemies":"Exordium Wildlife","floor":13.0,"turns":2.0},{"damage":0.0,"enemies":"Lots of Slimes","floor":15.0,"turns":1.0},{"damage":21.0,"enemies":"downfall:Watcher","floor":16.0,"turns":6.0},{"damage":3.0,"enemies":"3 Byrds","floor":19.0,"turns":2.0},{"damage":0.0,"enemies":"Sentry and Sphere","floor":20.0,"turns":6.0},{"damage":7.0,"enemies":"Centurion and Healer","floor":21.0,"turns":9.0},{"damage":0.0,"enemies":"downfall:FleeingMerchant","floor":22.0,"turns":4.0},{"damage":0.0,"enemies":"3 Cultists","floor":28.0,"turns":3.0},{"damage":21.0,"enemies":"Slavers","floor":29.0,"turns":4.0},{"damage":5.0,"enemies":"Snecko","floor":30.0,"turns":4.0},{"damage":0.0,"enemies":"Cultist and Chosen","floor":32.0,"turns":6.0},{"damage":7.0,"enemies":"downfall:Defect","floor":33.0,"turns":5.0},{"damage":0.0,"enemies":"Orb Walker","floor":36.0,"turns":2.0},{"damage":0.0,"enemies":"3 Shapes","floor":38.0,"turns":3.0},{"damage":4.0,"enemies":"Spire Growth","floor":43.0,"turns":3.0},{"damage":4.0,"enemies":"downfall:FleeingMerchant","floor":44.0,"turns":3.0},{"damage":0.0,"enemies":"Maw","floor":46.0,"turns":4.0},{"damage":0.0,"enemies":"Reptomancer","floor":48.0,"turns":2.0},{"damage":33.0,"enemies":"3 Darklings","floor":49.0,"turns":3.0},{"damage":0,"enemies":"downfall:Silent","floor":50,"turns":1}],"seed_played":"-7288435345558468934","potions_obtained":[{"floor":5.0,"key":"Fire Potion"},{"floor":6.0,"key":"EssenceOfSteel"},{"floor":12.0,"key":"DuplicationPotion"},{"floor":13.0,"key":"DistilledChaos"},{"floor":16.0,"key":"Explosive Potion"},{"floor":19.0,"key":"Regen Potion"},{"floor":30.0,"key":"Fire Potion"},{"floor":32.0,"key":"DistilledChaos"},{"floor":48.0,"key":"SteroidPotion"}],"is_trial":false,"path_per_floor":["R","M","?","$","M","M","T","R","E","M","R","E","M","?","M","B",null,"R","M","M","M","$","R","T","?","T","R","M","E","M","?","M","B",null,"R","M","?","M","T","?","T","R","M","$","?","M","R","E","M","B",null],"character_chosen":"DEFECT","items_purchased":["Compile Driver","Strange Spoon","Omamori","Reinforced Body"],"campfire_rested":0,"item_purchase_floors":[22,44,44,44],"current_hp_per_floor":[64,62,64,64,64,61,61,61,47,41,41,34,27,27,27,6,50,50,47,47,55,55,55,55,55,55,55,55,34,29,29,29,22,54,54,54,54,54,54,44,44,44,40,36,36,36,46,46,13,13],"gold":221,"neow_bonus":"TRANSFORM_TWO_CARDS","is_daily":false,"chose_seed":false,"campfire_upgraded":9,"win_rate":0.0,"timestamp":1610195305,"path_taken":["R","M","?","$","M","?","T","R","E","M","R","E","M","?","M","BOSS","R","M","M","M","$","R","T","?","?","R","M","E","?","?","M","BOSS","R","M","?","M","?","?","T","R","M","$","?","M","R","E","M","BOSS"],"items_purchased_type":["Card","Relic","Relic","Card"],"build_version":"2020-12-22","purchased_purges":2,"victory":true,"max_hp_per_floor":[64,64,64,64,64,64,64,64,64,64,64,64,64,64,64,64,64,64,64,64,64,64,64,64,64,64,64,64,64,64,64,64,64,64,64,64,64,64,64,64,64,64,64,64,64,64,74,74,74,74],"relic_stats":{"Strange Spoon":[4],"Centennial Puzzle":[15],"Gremlin Horn":[6,6],"counters":[27,98],"Shuriken":[2],"Bronze Scales":[138],"Astrolabe":["Lockon","Reinforced Body","Genetic Algorithm"],"Letter Opener":[328],"obtain_stats":[{"Gremlin Horn":39,"Astrolabe":17,"downfall:HeartBlessingGreen":35,"Omamori":44,"Letter Opener":7,"Akabeko":24,"Mercury Hourglass":9,"Du-Vu Doll":41,"SlaversCollar":34,"Strange Spoon":44,"Centennial Puzzle":29,"downfall:HeartBlessingBlue":47,"Shuriken":48,"Bronze Scales":12,"Cracked Core":0},{"Gremlin Horn":21,"Astrolabe":10,"downfall:HeartBlessingGreen":19,"Omamori":23,"Letter Opener":4,"Akabeko":14,"Mercury Hourglass":5,"Du-Vu Doll":21,"SlaversCollar":19,"Strange Spoon":23,"Centennial Puzzle":16,"downfall:HeartBlessingBlue":24,"Shuriken":25,"Bronze Scales":7,"Cracked Core":0},{"Gremlin Horn":82,"Astrolabe":35,"downfall:HeartBlessingGreen":77,"Omamori":88,"Letter Opener":11,"Akabeko":56,"Mercury Hourglass":17,"Du-Vu Doll":82,"SlaversCollar":77,"Strange Spoon":88,"Centennial Puzzle":63,"downfall:HeartBlessingBlue":92,"Shuriken":94,"Bronze Scales":26,"Cracked Core":0}],"Mercury Hourglass":[312]},"card_choices":[{"not_picked":["Beam Cell","Compile Driver"],"picked":"Auto Shields","floor":2.0},{"not_picked":["Steam Power","Static Discharge"],"picked":"Hologram","floor":4.0},{"not_picked":["Turbo","Double Energy"],"picked":"Coolheaded","floor":5.0},{"not_picked":["Beam Cell","Reboot"],"picked":"Fusion","floor":6.0},{"not_picked":["Conserve Battery","Redo"],"picked":"Hologram","floor":9.0},{"not_picked":["White Noise","Barrage"],"picked":"Sunder","floor":10.0},{"not_picked":["Storm","Sweeping Beam"],"picked":"Hologram","floor":12.0},{"not_picked":["Steam Power","Double Energy"],"picked":"Loop","floor":13.0},{"not_picked":["Steam Power","Stack"],"picked":"Recycle","floor":15.0},{"not_picked":["Seek","Reboot"],"picked":"Machine Learning","floor":16.0},{"not_picked":["Undo","Recycle","Conserve Battery"],"picked":"SKIP","floor":19.0},{"not_picked":["Recycle","Conserve Battery"],"picked":"Undo","floor":19.0},{"not_picked":["Ball Lightning","Defragment","Fusion"],"picked":"SKIP","floor":20.0},{"not_picked":["Hello World","Blizzard","Consume+1"],"picked":"SKIP","floor":21.0},{"not_picked":["Hello World","Blizzard","Consume+1"],"picked":"SKIP","floor":21.0},{"not_picked":["Hello World","Auto Shields"],"picked":"Double Energy+1","floor":22.0},{"not_picked":["Sunder+1","Streamline"],"picked":"Rebound+1","floor":28.0},{"not_picked":["Conserve Battery","Coolheaded"],"picked":"Core Surge","floor":29.0},{"not_picked":["Go for the Eyes","Sweeping Beam","Gash"],"picked":"SKIP","floor":30.0},{"not_picked":["Ball Lightning","Lockon+1"],"picked":"Tempest","floor":32.0},{"not_picked":["Creative AI","Fission"],"picked":"Multi-Cast","floor":33.0},{"not_picked":["Sunder","Rebound"],"picked":"Recycle+1","floor":36.0},{"not_picked":["Storm+1","Steam"],"picked":"Streamline+1","floor":38.0},{"not_picked":["expansioncontent:DarkVoid","expansioncontent:YouAreMine"],"picked":"expansioncontent:CaCaw","floor":40.0},{"not_picked":["Scrape","Loop"],"picked":"Conserve Battery+1","floor":43.0},{"not_picked":["Streamline+1","Darkness"],"picked":"Skim","floor":44.0},{"not_picked":["Steam","Beam Cell"],"picked":"Turbo","floor":46.0},{"not_picked":["Creative AI","Undo"],"picked":"Turbo+1","floor":48.0},{"not_picked":["Capacitor","Darkness+1"],"picked":"Stack","floor":49.0}],"player_experience":3029220,"relics_obtained":[{"floor":7.0,"key":"Letter Opener"},{"floor":9.0,"key":"Mercury Hourglass"},{"floor":12.0,"key":"Bronze Scales"},{"floor":24.0,"key":"Akabeko"},{"floor":29.0,"key":"Centennial Puzzle"},{"floor":39.0,"key":"Gremlin Horn"},{"floor":41.0,"key":"Du-Vu Doll"},{"floor":48.0,"key":"Shuriken"}],"event_choices":[{"cards_removed":["Blizzard"],"damage_healed":2.0,"max_hp_gain":0.0,"max_hp_loss":0.0,"gold_gain":0.0,"event_name":"Bonfire Elementals","player_choice":"Offered Uncommon","floor":3.0,"gold_loss":0.0,"damage_taken":0.0},{"cards_removed":["Defend_B"],"damage_healed":0.0,"max_hp_gain":0.0,"max_hp_loss":0.0,"gold_gain":0.0,"event_name":"Falling","player_choice":"Removed Skill","floor":37.0,"gold_loss":0.0,"damage_taken":0.0},{"damage_healed":0.0,"max_hp_gain":0.0,"max_hp_loss":0.0,"gold_gain":0.0,"event_name":"Mysterious Sphere","player_choice":"Ignored","floor":45.0,"gold_loss":0.0,"damage_taken":0.0}],"is_beta":false,"boss_relics":[{"not_picked":["SacredBark","Calling Bell"],"picked":"Astrolabe"},{"not_picked":["Empty Cage","Busted Crown"],"picked":"SlaversCollar"}],"items_purged_floors":[4,22],"is_endless":false,"potions_floor_spawned":[5,6,12,13,16,19,20,30,32,43,48],"ascension_level":20}}