{"host":"88gj1a6q1iuldet9","time":1610162361,"event":{"mods":["Act Like it!","Arknights The Spire","BaseMod","Better Note","Better Third Choice","BetterRewards","Conspire","Downfall","Energized Spire","Gensokyo","GungeonMod","Hubris","Jorbs\u0027s Wanderer Trilogy","Magitek Elite","Melee Mod","Minty Spire (QoL Compilation)","Quick Restart","Reimu??????","Replay The Spire","Robot Space Explorer","Shop Mod","StSLib","The Administrix","The Dragon Tamer","The Hayseed","The Marked","The Mystic","The Necromancer","The Runesmith","The Sage","TheArtist","TheFirefly","Wandering Minibosses","Yakumo Yukari mod"],"gold_per_floor":[362,362,10,10,22,38,67,38,38,63,75,95,95,112,112,214,214,231,71,81,81,99,133,150,167,167,201,220,220,240,271,271,376,376],"floor_reached":33,"playtime":8244,"items_purged":["ats:Strike C"],"score":471,"play_id":"23e78c2e-f36d-44b8-89ca-91df4ca17bac","local_time":"20210108221921","is_ascension_mode":false,"campfire_choices":[{"data":"ats:Emotion Absorption","floor":13,"key":"SMITH"},{"floor":15,"key":"DIG"},{"data":"ats:Encircling Forest","floor":29,"key":"SMITH"},{"floor":32,"key":"DIG"}],"circlet_count":0,"master_deck":["ats:Strike G","ats:Strike S","ats:Strike V","ats:Armor Crushing Shot","ats:Defend","ats:Defend","ats:Defend","ats:Defend","ats:Emotion Absorption+1","ats:Explosion Area Strengthen","ats:Hammer On","ats:Rapid Magazine","ats:Leaping Hammer","ats:Encircling Forest+1","ats:Explosion Area Strengthen","ats:Hammer On","ats:Hammer On","ats:Support Order","ats:Shadow Assault","ats:Revitalization","expansioncontent:ChargeUp","ats:Cat Scratch","ats:Thermite Blade+1","ats:Red Shift+1","ats:Apocalypse+1","ats:Thermite Blade+1","ats:Sword Rain"],"relics":["ats:Sanity","DemoMod:GreenGuonStone","Ring of Misfortune","ats:Originium","Mercury Hourglass","betterThird:SlimedRelic","DemoMod:VorpalBullet","ats:Berate","Quantum Egg","Golden_Hairpin","Mastiff:ReiMu","DemoMod:JetPack","DemoMod:LamentConfigurum","CrazyTorch:ReiMu","Replay:Multitool"],"acts_visited":["Exordium","TheCity"],"potions_floor_usage":[16,16,31],"damage_taken":[{"damage":9.0,"enemies":"Jaw Worm","floor":1.0,"turns":4.0},{"damage":0.0,"enemies":"2 Louse","floor":5.0,"turns":1.0},{"damage":0.0,"enemies":"Small Slimes","floor":6.0,"turns":3.0},{"damage":15.0,"enemies":"3 Sentries","floor":7.0,"turns":12.0},{"damage":13.0,"enemies":"Gremlin Nob","floor":10.0,"turns":5.0},{"damage":3.0,"enemies":"Exordium Wildlife","floor":11.0,"turns":4.0},{"damage":0,"enemies":"3 Louse","floor":12,"turns":2},{"damage":0,"enemies":"Gremlin Gang","floor":14,"turns":2},{"damage":17,"enemies":"Fading Forest","floor":16,"turns":11},{"damage":1,"enemies":"Shell Parasite","floor":18,"turns":4},{"damage":28,"enemies":"conspire:FuzzyDice","floor":20,"turns":3},{"damage":10,"enemies":"Snake Plant","floor":22,"turns":5},{"damage":14,"enemies":"Book of Stabbing","floor":23,"turns":4},{"damage":9,"enemies":"Centurion and Healer","floor":24,"turns":2},{"damage":5,"enemies":"Cultist and Chosen","floor":25,"turns":4},{"damage":13,"enemies":"conspire:SneckoGhost","floor":27,"turns":7},{"damage":0,"enemies":"Sentry and Sphere","floor":28,"turns":4},{"damage":14,"enemies":"Chosen and Byrds","floor":30,"turns":5},{"damage":0,"enemies":"Slavers","floor":31,"turns":4},{"damage":17,"enemies":"conspire:MysteriousRune","floor":33,"turns":7}],"seed_played":"-4711248207764487656","potions_obtained":[{"floor":1.0,"key":"PowerPotion"},{"floor":5.0,"key":"Milkshake"},{"floor":6.0,"key":"EssenceOfSteel"},{"floor":14,"key":"SpeedPotion"},{"floor":16,"key":"GamblersBrew"},{"floor":20,"key":"hexamod:EctoCoolerPotion"},{"floor":22,"key":"Dexterity Potion"},{"floor":31,"key":"DistilledChaos"}],"is_trial":false,"path_per_floor":["M","?","$","?","M","M","E","?","T","E","M","M","R","M","R","B",null,"M","$","M","?","M","E","M","M","T","E","M","R","M","E","R","B"],"character_chosen":"DOCTOR_CLASS","items_purchased":["DemoMod:GreenGuonStone","ats:Hammer On","expansioncontent:ChargeUp"],"campfire_rested":0,"item_purchase_floors":[3,3,19],"current_hp_per_floor":[56,56,56,56,56,56,47,36,36,29,26,26,26,26,26,15,65,64,64,37,37,36,25,24,19,19,6,6,6,10,18,18,20,20],"gold":376,"neow_bonus":"TWO_FIFTY_GOLD","is_daily":false,"chose_seed":false,"campfire_upgraded":2,"win_rate":0.0,"timestamp":1610162361,"path_taken":["M","?","$","?","M","M","E","?","T","E","?","M","R","M","R","BOSS","M","$","M","?","?","E","M","M","T","E","M","R","M","E","R","BOSS"],"items_purchased_type":["Relic","Card","Card"],"build_version":"2020-12-22","purchased_purges":1,"victory":false,"max_hp_per_floor":[65,65,65,65,65,65,65,65,65,65,65,65,65,65,65,65,65,65,65,65,65,65,65,65,65,65,65,65,65,65,65,65,65,65],"card_choices":[{"not_picked":["ats:Childhood Dance","ats:Counter Healing Mode","ats:Ignite"],"picked":"SKIP","floor":1.0},{"not_picked":["ats:Defend Order","ats:Beaten Up"],"picked":"ats:Rapid Magazine","floor":5.0},{"not_picked":["ats:Flexible Camouflage","ats:Nebulous Foxfire"],"picked":"ats:Leaping Hammer","floor":6.0},{"not_picked":["ats:Healing Strengthening","ats:Ignite"],"picked":"ats:Encircling Forest","floor":7.0},{"not_picked":["ats:Guardian Obelisk","ats:Song Of Battle"],"picked":"ats:Explosion Area Strengthen","floor":10.0},{"not_picked":["ats:Curse Doll","ats:Volcano"],"picked":"ats:Hammer On","floor":11.0},{"not_picked":["ats:Defend Order","ats:Childhood Dance"],"picked":"ats:Hammer On","floor":12},{"not_picked":["ats:Healing Drone","ats:Cat Scratch"],"picked":"ats:Support Order","floor":14},{"not_picked":["ats:Volcano","ats:Fractured Body"],"picked":"ats:Shadow Assault","floor":16},{"not_picked":["ats:Apocalypse","ats:Sword Rain"],"picked":"ats:Revitalization","floor":18},{"not_picked":["ats:Flexible Camouflage","ats:Composite Medical Shells+1","ats:Demon Strength"],"picked":"SKIP","floor":20},{"not_picked":["ats:Assault Order","ats:Poison Spread"],"picked":"ats:Cat Scratch","floor":22},{"not_picked":["ats:Shell Defense","ats:Poison Spread","ats:Ignite"],"picked":"SKIP","floor":23},{"not_picked":["ats:Shell Defense","ats:Revitalization"],"picked":"ats:Thermite Blade+1","floor":24},{"not_picked":["ats:Explosion Area Strengthen","ats:Curse Doll","ats:Assault Order+1"],"picked":"SKIP","floor":25},{"not_picked":["ats:Hammer On","ats:Assault Order+1"],"picked":"ats:Red Shift+1","floor":27},{"not_picked":["ats:Revitalization","ats:Defend Order"],"picked":"ats:Apocalypse+1","floor":28},{"not_picked":["ats:Poison Spread","ats:Revitalization+1"],"picked":"ats:Thermite Blade+1","floor":30},{"not_picked":["ats:Assault Order","ats:Cat Scratch+1"],"picked":"ats:Sword Rain","floor":31}],"player_experience":1074478,"relics_obtained":[{"floor":4.0,"key":"Ring of Misfortune"},{"floor":7.0,"key":"ats:Originium"},{"floor":7.0,"key":"Mercury Hourglass"},{"floor":9.0,"key":"DemoMod:VorpalBullet"},{"floor":10.0,"key":"ats:Originium"},{"floor":10.0,"key":"ats:Berate"},{"floor":15,"key":"Quantum Egg"},{"floor":23,"key":"ats:Originium"},{"floor":23,"key":"Mastiff:ReiMu"},{"floor":26,"key":"DemoMod:JetPack"},{"floor":27,"key":"DemoMod:LamentConfigurum"},{"floor":31,"key":"CrazyTorch:ReiMu"},{"floor":32,"key":"Replay:Multitool"}],"event_choices":[{"damage_healed":0.0,"max_hp_gain":0.0,"max_hp_loss":0.0,"gold_gain":0.0,"event_name":"betterThird:BetterGoop","player_choice":"Slimed","floor":8.0,"gold_loss":29.0,"damage_taken":11.0},{"cards_removed":["Replay:Hysterical Blindness"],"damage_healed":0,"gold_gain":0,"player_choice":"Removed Curses","damage_taken":0,"max_hp_gain":0,"max_hp_loss":0,"event_name":"Fountain of Cleansing","floor":21,"gold_loss":0}],"is_beta":false,"boss_relics":[{"not_picked":["RedLine:ReiMu","ats:Tactical Delivery"],"picked":"Golden_Hairpin"}],"items_purged_floors":[19],"is_endless":false,"potions_floor_spawned":[1,5,6,14,16,20,22,30,31,33],"killed_by":"conspire:MysteriousRune","ascension_level":0}}