{"host":"1xdknvunkbjx06ui","time":1610192049,"event":{"mods":["BaseMod","Infinite Spire","Minty Spire (QoL Compilation)","Quick Restart","Replay The Spire","StSLib","The Dragon Tamer"],"gold_per_floor":[116,116,116,134,153,153,153,163,212,240,259,259,184,254,254,353,353,371,387,387,400,411,411,326,326,326,226,226,242,44,57,57,57,57,57],"floor_reached":33,"playtime":1332,"items_purged":["DTMod:Strike","DTMod:Strike","DTMod:TargetDefense"],"score":297,"play_id":"c31fa797-dd75-4ae7-8d59-83e7ee296bea","local_time":"20210109123409","is_ascension_mode":false,"metric_token":467,"campfire_choices":[{"data":"DTMod:BurningEnergy","floor":6,"key":"SMITH"},{"floor":12,"key":"REST"},{"data":"DTMod:BurningEnergy","floor":15,"key":"SMITH"},{"floor":23,"key":"REST"},{"floor":28,"key":"REST"},{"data":"DTMod:InvisibleFlame","floor":32,"key":"SMITH"}],"dtmod_dragon_data":[0,50,2,-1,4,0],"circlet_count":0,"master_deck":["DTMod:Strike+1","DTMod:DoubleHit+1","DTMod:TargetDefense","DTMod:TargetDefense","DTMod:SwitchingTactic","DTMod:BurningEnergy+1","DTMod:Cover","DTMod:ForkedFire+1","DTMod:Cover","DTMod:BurningEnergy+1","DTMod:InvisibleFlame+1"],"relics":["DTMod:PactStone","NeowsBlessing","Whetstone","MealTicket","Mummified Hand","Empty Cage","Tiny Chest","infinitespire:Satchel","TungstenRod"],"acts_visited":["Exordium","TheCity"],"potions_floor_usage":[16,29],"damage_taken":[{"damage":0,"enemies":"2 Louse","floor":1,"turns":1},{"damage":0,"enemies":"Jaw Worm","floor":4,"turns":1},{"damage":0,"enemies":"Cultist","floor":5,"turns":1},{"damage":0,"enemies":"3 Louse","floor":8,"turns":1},{"damage":5,"enemies":"Lagavulin","floor":10,"turns":4},{"damage":0,"enemies":"Exordium Thugs","floor":11,"turns":1},{"damage":11,"enemies":"Hexaghost","floor":16,"turns":9},{"damage":0,"enemies":"2 Thieves","floor":18,"turns":3},{"damage":0,"enemies":"Shell Parasite","floor":19,"turns":2},{"damage":38,"enemies":"Centurion and Healer","floor":21,"turns":8},{"damage":0,"enemies":"3 Cultists","floor":22,"turns":2},{"damage":24,"enemies":"Snecko","floor":29,"turns":5},{"damage":0,"enemies":"Snake Plant","floor":31,"turns":2},{"damage":11,"enemies":"Automaton","floor":33,"turns":10}],"seed_played":"-325614466163997366","potions_obtained":[{"floor":4,"key":"Death Potion"},{"floor":16,"key":"Milkshake"},{"floor":18,"key":"Strength Potion"},{"floor":19,"key":"PowerPotion"}],"is_trial":false,"path_per_floor":["M","?","?","M","M","R","?","M","T","E","M","R","$","T","R","B",null,"M","M","?","M","M","R","?","?","T","$","R","M","$","M","R","B"],"character_chosen":"THE_DT","items_purchased":["DTMod:InvisibleFlame"],"campfire_rested":3,"item_purchase_floors":[30],"current_hp_per_floor":[45,45,45,45,45,45,45,45,45,40,40,45,45,45,45,34,45,45,45,39,1,1,16,16,16,16,31,46,22,37,37,37,26,26,26],"gold":57,"neow_bonus":"THREE_ENEMY_KILL","is_daily":false,"chose_seed":false,"campfire_upgraded":3,"win_rate":0.0,"timestamp":1610192049,"path_taken":["M","?","?","?","M","R","?","M","T","E","M","R","$","?","R","BOSS","M","M","?","M","M","R","?","?","T","$","R","M","$","M","R","BOSS"],"items_purchased_type":["Card"],"build_version":"2020-12-22","purchased_purges":3,"victory":false,"max_hp_per_floor":[45,45,45,45,45,45,45,45,45,45,45,45,45,45,45,45,45,45,45,50,50,50,50,50,50,50,50,50,50,50,50,50,50,50,50],"card_choices":[{"not_picked":["DTMod:LastStand","DTMod:Weaken"],"picked":"DTMod:BurningEnergy","floor":1},{"not_picked":["DTMod:PurifyingFlame","DTMod:LastStand"],"picked":"DTMod:Cover","floor":4},{"not_picked":["DTMod:ComboAttack","DTMod:Feint"],"picked":"DTMod:ForkedFire","floor":5},{"not_picked":["DTMod:SneakAttack","DTMod:CalculatedDefense"],"picked":"DTMod:Cover","floor":8},{"not_picked":["DTMod:FierySynthesis","DTMod:Punisher","DTMod:ComboAttack"],"picked":"SKIP","floor":10},{"not_picked":["DTMod:HeatWave","DTMod:Weaken"],"picked":"DTMod:BurningEnergy","floor":11},{"not_picked":["DTMod:ShieldDrain+1","DTMod:CleansingStrike+1","DTMod:DarkBreath"],"picked":"SKIP","floor":18},{"not_picked":["DTMod:HeatWave","DTMod:PurifyingFlame","DTMod:Cover"],"picked":"SKIP","floor":19},{"not_picked":["DTMod:Cover","DTMod:Observe+1","DTMod:DeepFocus"],"picked":"SKIP","floor":21},{"not_picked":["DTMod:Hide","DTMod:BuildUp","DTMod:MagicField"],"picked":"SKIP","floor":22},{"not_picked":["DTMod:CleansingStrike+1","DTMod:BuildUp","DTMod:Punisher+1"],"picked":"SKIP","floor":29},{"not_picked":["DTMod:SneakAttack","DTMod:QuickFly","DTMod:RunningTactic"],"picked":"SKIP","floor":31}],"player_experience":89274,"relics_obtained":[{"floor":9,"key":"Whetstone"},{"floor":10,"key":"MealTicket"},{"floor":14,"key":"Mummified Hand"},{"floor":26,"key":"TungstenRod"}],"event_choices":[{"damage_healed":0,"gold_gain":0,"player_choice":"Bought 0 Potions","damage_taken":0,"max_hp_gain":0,"max_hp_loss":0,"event_name":"The Woman in Blue","floor":3,"gold_loss":0},{"damage_healed":0,"gold_gain":0,"player_choice":"Upgraded","damage_taken":0,"max_hp_gain":0,"max_hp_loss":0,"event_name":"Upgrade Shrine","floor":7,"gold_loss":0,"cards_upgraded":["DTMod:ForkedFire"]},{"damage_healed":0,"gold_gain":0,"player_choice":"Shed Blood","damage_taken":11,"max_hp_gain":5,"max_hp_loss":0,"event_name":"Forgotten Altar","floor":20,"gold_loss":0},{"damage_healed":0,"gold_gain":0,"player_choice":"Obtained Relic","damage_taken":0,"relics_obtained":["Tiny Chest"],"max_hp_gain":0,"max_hp_loss":0,"event_name":"Addict","floor":24,"gold_loss":85},{"damage_healed":0,"gold_gain":0,"player_choice":"Opened","damage_taken":0,"relics_obtained":["infinitespire:Satchel"],"max_hp_gain":0,"max_hp_loss":0,"event_name":"The Mausoleum","floor":25,"gold_loss":0}],"is_beta":false,"boss_relics":[{"not_picked":["Fusion Hammer","Snecko Eye"],"picked":"Empty Cage"}],"items_purged_floors":[13,27,30],"is_endless":false,"potions_floor_spawned":[4,16,18,19],"killed_by":"Automaton","ascension_level":0}}