{"host":"i0s8vbixp24k5aul","time":1610229688,"event":{"mods":["2.2 Compatiblity","Act Like it!","Arknights The Spire","Aspiration","BaseMod","Better Note","Better Third Choice","Better Vampires","BetterUpgradePreview","Colorless Booster Pack","Displayed Cursed Tome","GifTheSpireLib","Gremlin Mod","Halation","Hermit","Hubris","Jedi Mod","Minty Spire (QoL Compilation)","Optimize The Spire","Random Character Mod","Shade Mod","StSLib","Stuff the Spire","Swap Starting Deck Mod","The Bug Knight","The Construct","The Cursed","The Disciple","The Mystic","TheHero","TheWitcher","vexMod","??????REMEMod"],"gold_per_floor":[110,35,35,53,4,32,32,58,81,81,81,81,98,110,110,188,188,204,218,218,235,68,68,98,98,123,123,143,143,163,163,163,163,163],"floor_reached":33,"playtime":1262,"items_purged":["Strike_G"],"score":532,"play_id":"4c03cd36-c724-4be1-be18-3b488e07cb6e","local_time":"20210110010128","is_ascension_mode":true,"campfire_choices":[{"data":"CarveReality","floor":7,"key":"SMITH"},{"data":"Noxious Fumes","floor":10,"key":"SMITH"},{"data":"Neutralize","floor":12,"key":"SMITH"},{"data":"All Out Attack","floor":15,"key":"SMITH"},{"floor":23,"key":"REST"},{"floor":29,"key":"REST"},{"floor":32,"key":"REST"}],"circlet_count":0,"master_deck":["AscendersBane","Strike_G","Strike_G","Strike_G","Defend_G","Defend_G","Defend_G","Defend_G","Defend_G","Survivor","Neutralize+1","CarveReality+1","All Out Attack+1","Distraction+1","StuffTheSpire:Python+1","Noxious Fumes+1","Blade Dance+1","Cloak And Dagger+1","StuffTheSpire:Python+1","Night Terror+1","Acrobatics+1","Deadly Poison+1","Deadly Poison+1","PiercingWail+1","Bandage Up+1","A Thousand Cuts+1","Catalyst+1","Sadistic Nature"],"relics":["Ring of the Snake","REME_ComplimentaryCards","NeowsBlessing","Toxic Egg 2","Ginger","Letter Opener","jedi:shrinkray","Spirit Poop","REME_LowDesire","Lantern","vexMod:FocusSash","OrangePellets","StuffTheSpire:Experiment12","Tiny Chest","halation:PinkSoulGem"],"acts_visited":["Exordium","TheCity"],"potions_floor_usage":[8,8,24,24,33],"damage_taken":[{"damage":0,"enemies":"2 Louse","floor":1,"turns":1},{"damage":0,"enemies":"Cultist","floor":4,"turns":1},{"damage":0,"enemies":"Lagavulin","floor":6,"turns":1},{"damage":0,"enemies":"HollowMod:MossKnight","floor":8,"turns":8},{"damage":12,"enemies":"Small Slimes","floor":13,"turns":2},{"damage":0,"enemies":"Looter","floor":14,"turns":3},{"damage":12,"enemies":"Slime Boss","floor":16,"turns":8},{"damage":7,"enemies":"Chosen","floor":18,"turns":3},{"damage":16,"enemies":"Shell Parasite","floor":19,"turns":5},{"damage":14,"enemies":"Sentry and Sphere","floor":21,"turns":4},{"damage":41,"enemies":"Gremlin Leader","floor":24,"turns":5},{"damage":5,"enemies":"Centurion and Healer","floor":28,"turns":5},{"damage":13,"enemies":"Snecko","floor":30,"turns":4},{"damage":97,"enemies":"Champ","floor":33,"turns":9}],"seed_played":"-8992311985597515083","potions_obtained":[{"floor":1,"key":"SpeedPotion"},{"floor":6,"key":"Ancient Potion"},{"floor":16,"key":"Dexterity Potion"},{"floor":18,"key":"Poison Potion"},{"floor":24,"key":"SteroidPotion"}],"is_trial":false,"path_per_floor":["M","$","?","M","$","E","R","E","T","R","?","R","M","M","R","B",null,"M","M","?","M","$","R","E","?","T","?","M","R","M","?","R","B"],"character_chosen":"THE_SILENT","items_purchased":["StuffTheSpire:Python+1","OrangePellets","PiercingWail+1"],"campfire_rested":3,"item_purchase_floors":[5,22,22],"current_hp_per_floor":[63,63,63,63,63,63,63,63,63,63,63,63,51,51,51,39,62,55,39,39,25,25,46,5,5,5,5,6,27,20,43,64,0,0],"gold":163,"neow_bonus":"THREE_ENEMY_KILL","is_daily":false,"chose_seed":false,"campfire_upgraded":4,"win_rate":0.0,"timestamp":1610229688,"path_taken":["M","$","?","M","$","E","R","E","T","R","?","R","M","?","R","BOSS","M","M","?","M","$","R","E","?","T","?","?","R","M","?","R","BOSS"],"items_purchased_type":["Card","Relic","Card"],"build_version":"2020-12-22","purchased_purges":1,"victory":false,"max_hp_per_floor":[70,70,70,70,70,70,70,70,70,70,70,70,70,70,70,70,70,70,70,70,70,70,70,70,70,70,70,70,70,70,70,70,70,70],"card_choices":[{"not_picked":["StuffTheSpire:Fury","Bane"],"picked":"All Out Attack","floor":1},{"not_picked":["Sucker Punch","Slice"],"picked":"Distraction+1","floor":4},{"not_picked":["StuffTheSpire:Incursion+1","Caltrops"],"picked":"Noxious Fumes","floor":6},{"not_picked":["Dodge and Roll+1","StuffTheSpire:ReptileScales+1"],"picked":"Blade Dance+1","floor":8},{"not_picked":["Sucker Punch","Dagger Spray"],"picked":"Cloak And Dagger+1","floor":13},{"not_picked":["jedi:collectorvenom+1","StuffTheSpire:Incantation+1"],"picked":"StuffTheSpire:Python+1","floor":14},{"not_picked":["Tools of the Trade","Doppelganger+1"],"picked":"Night Terror+1","floor":16},{"not_picked":["Footwork","Slice","Impatience+1"],"picked":"Acrobatics+1","floor":18},{"not_picked":["Reflex+1","Night Terror+1","Master of Strategy+1"],"picked":"Deadly Poison+1","floor":19},{"not_picked":["Caltrops+1","All Out Attack","REME_TwoStrings+1"],"picked":"Deadly Poison+1","floor":21},{"not_picked":["jedi:pocketpoison+1","Flying Knee","hubris:SlightOfHand+1"],"picked":"Bandage Up+1","floor":24},{"not_picked":["Bouncing Flask+1","StuffTheSpire:ReptileScales+1","Swift Strike"],"picked":"Catalyst+1","floor":28},{"not_picked":["Quick Slash","Cloak And Dagger+1","Caltrops"],"picked":"Sadistic Nature","floor":30}],"player_experience":936657,"relics_obtained":[{"floor":6,"key":"Ginger"},{"floor":8,"key":"Letter Opener"},{"floor":9,"key":"jedi:shrinkray"},{"floor":17,"key":"Lantern"},{"floor":17,"key":"vexMod:FocusSash"},{"floor":24,"key":"StuffTheSpire:Experiment12"},{"floor":26,"key":"Tiny Chest"}],"event_choices":[{"cards_removed":["Injury"],"damage_healed":0,"gold_gain":0,"player_choice":"Offered Curse","damage_taken":0,"relics_obtained":["Spirit Poop"],"max_hp_gain":0,"max_hp_loss":0,"event_name":"Bonfire Elementals","floor":11,"gold_loss":0},{"cards_removed":["Strike_G"],"damage_healed":0,"gold_gain":0,"player_choice":"Purged","damage_taken":0,"max_hp_gain":0,"max_hp_loss":0,"event_name":"Purifier","floor":20,"gold_loss":0},{"cards_removed":["Bandage Up"],"damage_healed":0,"gold_gain":0,"player_choice":"Take \u0026 Give","damage_taken":0,"max_hp_gain":0,"max_hp_loss":0,"event_name":"betterNote:BetterNote","floor":25,"gold_loss":0,"cards_obtained":["A Thousand Cuts"]},{"damage_healed":23,"gold_gain":0,"player_choice":"Heal","damage_taken":0,"max_hp_gain":0,"max_hp_loss":0,"event_name":"The Library","floor":31,"gold_loss":0}],"is_beta":false,"boss_relics":[{"not_picked":["StuffTheSpire:ModemDavis","StuffTheSpire:RunicHypercube"],"picked":"REME_LowDesire"}],"items_purged_floors":[2],"is_endless":false,"potions_floor_spawned":[1,6,16,18,24],"killed_by":"Champ","ascension_level":13}}