{"host":"65aqouwnlnzlnyrz","time":1610199727,"event":{"mods":["BaseMod","Colored Powertips","Downfall","FoggyMod","Good Game Mod","Marked Mod","Minty Spire (QoL Compilation)","Spicy Shops","StSLib","The Construct","The Runesmith","[IsaacMod]以撒尖塔","【功能Mod】Neow奖励","【功能Mod】混沌之环修复补丁","【遗物Mod】死灵法师NEW","【遗物Mod】简单游戏"],"gold_per_floor":[0,0,450,467,467,467,467,496,596,596,646,496,526,234,249,344,344,344,344,344,344,357,93,93,93,113,38,20,48,248,101,111,212,212,212,212,265,42,58,58,58,58,158,158,158,27,46,46,61,61,61,88,15,15,15,15,15],"floor_reached":55,"playtime":3708,"items_purged":["Decay","Slimebound:Icky","Slimebound:Icky","hexamod:Haunted"],"score":806,"play_id":"cfc404b9-50bf-4e14-8fe1-d69aca413753","local_time":"20210109214207","is_ascension_mode":false,"campfire_choices":[{"floor":1,"key":"RECALL"},{"floor":12,"key":"REST"},{"data":"1","floor":18,"key":"LIFT"},{"data":"2","floor":27,"key":"LIFT"},{"data":"3","floor":35,"key":"LIFT"},{"data":"DoctorFetus","floor":45,"key":"SMITH"},{"data":"Guardian:PolyBeam","floor":54,"key":"SMITH"}],"circlet_count":0,"master_deck":["Guardian:Strike_Guardian","Guardian:Strike_Guardian","Guardian:Defend_Guardian","Guardian:Defend_Guardian","Guardian:Defend_Guardian","Guardian:CurlUp","Guardian:TwinSlam","DoctorFetus+1","Echo Form","Guardian:PolyBeam+1","Guardian:TemporalShield","Guardian:PrismaticBeam+1","Guardian:ChargeUp","Guardian:DonusPower+1","Guardian:FloatingOrbs","Guardian:ChargeUp+1","Guardian:SpikerProtocol","Guardian:BaubleBeam+1","Guardian:AncientConstruct","Guardian:Repulse+1","Guardian:BronzeArmor+1"],"relics":["Guardian:ModeShifter","EasyRelic","HushsDoor","REME:ComplimentaryCards","Leech","Molten Egg 2","Bronze Scales","SumUndead","Toxic Egg 2","Regal Pillow","downfall:HeartBlessingRed","downfall:HeartBlessingGreen","Girya","Membership Card","UndeadPower","Guardian:StasisSlotReductionRelic","downfall:RedIOU","Runesmith:Nanobots","Mummified Hand","downfall:HeartBlessingBlue","HowToJump","Habit","DoctorsRemote","Anchor","Vajra","MagicMushroom","Prayer Wheel","Bottled Tornado","Omamori","PunchingBag","BookofShadows","PreservedInsect","construct:BoolHorns"],"acts_visited":["Exordium","TheCity","TheBeyond","TheEnding"],"potions_floor_usage":[11,23,26,52],"damage_taken":[{"damage":8,"enemies":"Small Slimes","floor":4,"turns":2},{"damage":16,"enemies":"Gremlin Nob","floor":8,"turns":3},{"damage":34,"enemies":"Hiden Room Battle","floor":11,"turns":4},{"damage":18,"enemies":"Lagavulin","floor":13,"turns":3},{"damage":3,"enemies":"downfall:FleeingMerchant","floor":14,"turns":4},{"damage":3,"enemies":"Jaw Worm","floor":15,"turns":2},{"damage":11,"enemies":"downfall:Watcher","floor":16,"turns":4},{"damage":0,"enemies":"Spheric Guardian","floor":22,"turns":2},{"damage":4,"enemies":"downfall:FleeingMerchant","floor":23,"turns":4},{"damage":0,"enemies":"Chosen","floor":25,"turns":1},{"damage":20,"enemies":"Centurion and Healer","floor":26,"turns":3},{"damage":0,"enemies":"downfall:FleeingMerchant","floor":28,"turns":1},{"damage":9,"enemies":"Book of Stabbing","floor":29,"turns":3},{"damage":0,"enemies":"Sentry and Sphere","floor":32,"turns":2},{"damage":7,"enemies":"downfall:Silent","floor":33,"turns":4},{"damage":0,"enemies":"2 Orb Walkers","floor":37,"turns":3},{"damage":0,"enemies":"Orb Walker","floor":39,"turns":2},{"damage":0,"enemies":"3 Darklings","floor":47,"turns":2},{"damage":0,"enemies":"4 Shapes","floor":49,"turns":4},{"damage":0,"enemies":"downfall:Ironclad","floor":50,"turns":4},{"damage":16,"enemies":"downfall:CharBossMerchant","floor":52,"turns":5},{"damage":159,"enemies":"LittleHush","floor":55,"turns":13}],"seed_played":"-3827710299273361297","potions_obtained":[{"floor":4,"key":"GamblersBrew"},{"floor":13,"key":"Fire Potion"},{"floor":15,"key":"Block Potion"},{"floor":16,"key":"Dexterity Potion"},{"floor":26,"key":"Fruit Juice"},{"floor":29,"key":"LiquidMemories"},{"floor":33,"key":"Strength Potion"},{"floor":37,"key":"Guardian:BlockOnCardUsePotion"}],"is_trial":false,"path_per_floor":["R","?","?","M","T","?","T","E","?","?","?","R","E","$","M","B",null,"R","?","?","?","M","$","T","M","M","R","$","E","?","$","M","B",null,"R","?","?","$","M","?","T","$","?","?","R","$","M","?","M","B",null,"E","$","R","B"],"character_chosen":"GUARDIAN","items_purchased":["Membership Card","Runesmith:AutoHammer","UndeadPower","Guardian:ChargeUp+1","Runesmith:Nanobots","Mummified Hand","HowToJump","Habit","DoctorsRemote","Vajra","Bottled Tornado","Omamori","Guardian:BronzeArmor+1","BookofShadows","construct:BoolHorns"],"campfire_rested":1,"item_purchase_floors":[14,14,14,14,23,23,28,28,28,31,38,38,38,46,53],"current_hp_per_floor":[80,80,80,73,73,70,70,57,57,57,26,65,50,51,49,42,80,80,80,80,80,80,80,80,80,66,76,76,81,81,81,82,79,102,102,102,102,102,102,102,102,102,102,102,102,102,102,102,102,102,102,87,87,87,0,0,0],"gold":15,"neow_bonus":"TRANSFORM_TWO_CARDS","is_daily":false,"chose_seed":false,"campfire_upgraded":2,"win_rate":0.0,"timestamp":1610199727,"path_taken":["R","?","?","?","?","?","T","E","?","?","?","R","E","?","M","BOSS","R","?","?","?","?","$","T","?","?","R","$","E","?","?","M","BOSS","R","?","?","?","?","?","T","?","?","?","R","$","?","?","M","BOSS","E","$","R","BOSS"],"items_purchased_type":["Relic","Relic","Relic","Card","Relic","Relic","Relic","Relic","Relic","Relic","Relic","Relic","Card","Relic","Relic"],"build_version":"2020-12-22","purchased_purges":4,"victory":false,"max_hp_per_floor":[80,80,80,80,80,80,80,80,80,80,80,80,80,80,80,80,80,80,80,80,80,80,80,80,80,85,95,95,95,95,95,95,95,102,102,102,102,102,102,102,102,102,102,102,102,102,102,102,102,102,102,102,102,102,102,102,102],"card_choices":[{"not_picked":[],"picked":"DoctorFetus","floor":0},{"not_picked":["Guardian:Gem_Cyan","Guardian:Preprogram"],"picked":"Guardian:Gem_Fragmented","floor":4},{"not_picked":["Bomb","Guardian:ChargeUp"],"picked":"Guardian:PrismaticBeam+1","floor":8},{"not_picked":["Guardian:TemporalStrike+1","Guardian:Planning"],"picked":"Guardian:ChargeUp","floor":9},{"not_picked":["Guardian:CrystalBeam+1","Guardian:ArmoredProtocol"],"picked":"Bomb","floor":11},{"not_picked":["Bomb","Guardian:PrimingBeam+1"],"picked":"Guardian:DonusPower+1","floor":13},{"not_picked":["Guardian:RollAttack+1","Guardian:TimeCapacitor"],"picked":"Guardian:FloatingOrbs","floor":14},{"not_picked":["Guardian:PrimingBeam+1","Guardian:Planning+1"],"picked":"Guardian:SpikerProtocol","floor":15},{"not_picked":["Guardian:StasisField+1","Guardian:FastForward+1"],"picked":"Guardian:BaubleBeam+1","floor":16},{"not_picked":["Guardian:TemporalShield+1","Guardian:Incinerate+1","Guardian:SpikerProtocol"],"picked":"SKIP","floor":22},{"not_picked":["Guardian:FastForward+1","Guardian:WalkerClaw+1"],"picked":"Guardian:AncientConstruct","floor":23},{"not_picked":["Guardian:Suspension+1","Guardian:Gem_Crimson","Guardian:Incinerate+1"],"picked":"SKIP","floor":25},{"not_picked":["Guardian:VentSteam+1","Guardian:PrismaticBarrier+1","Guardian:BronzeOrb+1"],"picked":"SKIP","floor":26},{"not_picked":["Guardian:Gem_Cyan","Guardian:DonusPower+1"],"picked":"Guardian:Repulse+1","floor":28},{"not_picked":["Guardian:FastForward+1","Guardian:Gem_Cyan","Guardian:ShieldCharger+1"],"picked":"SKIP","floor":29},{"not_picked":["Guardian:Suspension+1","Guardian:ShieldSpikes+1","Guardian:Recover+1"],"picked":"SKIP","floor":32},{"not_picked":["Guardian:ChargeCore+1","Guardian:PrimingBeam+1","Guardian:TemporalShield+1"],"picked":"SKIP","floor":39},{"not_picked":["Guardian:Suspension+1","Guardian:TimeSifter","Guardian:Recover+1"],"picked":"SKIP","floor":39},{"not_picked":["Guardian:PiercingHide+1","Guardian:Gem_Crimson","Guardian:Harden+1"],"picked":"SKIP","floor":47},{"not_picked":["Guardian:VentSteam+1","Guardian:CrystalBeam+1","Guardian:Repulse"],"picked":"SKIP","floor":47},{"not_picked":["Guardian:Suspension+1","Guardian:Gem_White","Guardian:Reroute+1"],"picked":"SKIP","floor":49},{"not_picked":["Guardian:Harden+1","Guardian:WalkerClaw+1","Guardian:ShieldCharger+1"],"picked":"SKIP","floor":49},{"not_picked":["Guardian:ChargeUp+1","Guardian:HyperBeam_Guardian+1","Guardian:PrismaticBarrier+1"],"picked":"SKIP","floor":52}],"player_experience":94462,"relics_obtained":[{"floor":5,"key":"Molten Egg 2"},{"floor":7,"key":"SumUndead"},{"floor":11,"key":"Toxic Egg 2"},{"floor":11,"key":"Regal Pillow"},{"floor":13,"key":"Girya"},{"floor":29,"key":"Anchor"},{"floor":37,"key":"Prayer Wheel"},{"floor":41,"key":"PunchingBag"},{"floor":52,"key":"PreservedInsect"}],"event_choices":[{"damage_healed":0,"gold_gain":0,"player_choice":"Success","damage_taken":3,"relics_obtained":["Bronze Scales"],"max_hp_gain":0,"max_hp_loss":0,"event_name":"Scrap Ooze","floor":6,"gold_loss":0},{"damage_healed":0,"gold_gain":0,"player_choice":"Fight","damage_taken":0,"max_hp_gain":0,"max_hp_loss":0,"event_name":"HidenRoomEvent","floor":11,"gold_loss":0},{"damage_healed":0,"gold_gain":0,"player_choice":"Read","damage_taken":0,"max_hp_gain":0,"max_hp_loss":0,"event_name":"The Library","floor":20,"gold_loss":0,"cards_obtained":["Guardian:Gem_Crimson"]},{"damage_healed":0,"gold_gain":0,"player_choice":"Ignored","damage_taken":0,"max_hp_gain":0,"max_hp_loss":0,"event_name":"Ghosts","floor":21,"gold_loss":0},{"damage_healed":0,"gold_gain":0,"player_choice":"Fight","damage_taken":0,"max_hp_gain":0,"max_hp_loss":0,"event_name":"Mysterious Sphere","floor":37,"gold_loss":0},{"damage_healed":0,"gold_gain":0,"player_choice":"Ignored","damage_taken":0,"max_hp_gain":0,"max_hp_loss":0,"event_name":"Duplicator","floor":40,"gold_loss":0},{"cards_removed":["Guardian:Strike_Guardian"],"damage_healed":0,"gold_gain":0,"player_choice":"Removed Attack","damage_taken":0,"max_hp_gain":0,"max_hp_loss":0,"event_name":"Falling","floor":44,"gold_loss":0}],"is_beta":false,"boss_relics":[{"not_picked":["Astrolabe","Empty Cage"],"picked":"Guardian:StasisSlotReductionRelic"},{"not_picked":[]},{"not_picked":["construct:ClawGrip","Velvet Choker"],"picked":"MagicMushroom"},{"not_picked":[]}],"items_purged_floors":[14,28,28,31],"is_endless":false,"potions_floor_spawned":[4,13,15,16,22,26,29,33,37,47],"killed_by":"LittleHush","ascension_level":0}}