{"host":"1a3cjta80tad0aqj","time":1610231966,"event":{"mods":["2.2 Compatiblity","AchievementEnabler","BaseMod","Colored Map","DeckTracker","KOR Keyword Fix","Keyboard Shortcuts","Minty Spire (QoL Compilation)","Permanent Neow","Quick Restart","Random Character Button","StSLib","SuperFastMode","everything is the same but u backflip on backflip"],"gold_per_floor":[112,129,141,159,84,114,114,114,114,114,129,143,43,58,58,58,58],"floor_reached":16,"playtime":564,"items_purged":["Defend_G","Defend_G"],"score":104,"play_id":"c3b517b4-b2a0-4b45-b46c-ee328ea756f2","local_time":"20210110073926","is_ascension_mode":false,"campfire_choices":[{"floor":7,"key":"REST"},{"data":"Burst","floor":15,"key":"SMITH"}],"circlet_count":0,"master_deck":["Strike_G","Strike_G","Strike_G","Strike_G","Strike_G","Defend_G","Defend_G","Defend_G","Survivor","Neutralize","Burst+1","Dagger Spray","Dagger Throw","Leg Sweep","Backstab","Cloak And Dagger","Cloak And Dagger","Cloak And Dagger"],"relics":["Ring of the Snake","Regal Pillow","Tiny Chest","Meat on the Bone"],"acts_visited":["Exordium"],"potions_floor_usage":[],"damage_taken":[{"damage":0,"enemies":"2 Louse","floor":1,"turns":4},{"damage":2,"enemies":"Jaw Worm","floor":2,"turns":5},{"damage":0,"enemies":"Cultist","floor":3,"turns":4},{"damage":0,"enemies":"Exordium Wildlife","floor":4,"turns":3},{"damage":22,"enemies":"Lagavulin","floor":6,"turns":11},{"damage":2,"enemies":"Looter","floor":11,"turns":3},{"damage":2,"enemies":"Large Slime","floor":12,"turns":5},{"damage":7,"enemies":"2 Fungi Beasts","floor":14,"turns":3},{"damage":0,"enemies":"Hexaghost","floor":16,"turns":1}],"seed_played":"4351168705604818796","potions_obtained":[{"floor":2,"key":"SteroidPotion"},{"floor":6,"key":"Fire Potion"},{"floor":11,"key":"FearPotion"}],"is_trial":false,"path_per_floor":["M","M","M","M","$","E","R","?","T","T","M","M","$","M","R","B"],"character_chosen":"THE_SILENT","items_purchased":[],"campfire_rested":1,"item_purchase_floors":[],"current_hp_per_floor":[63,61,61,61,61,39,63,63,63,63,61,59,59,52,52,52,52],"gold":58,"neow_bonus":"THREE_RARE_CARDS","is_daily":false,"chose_seed":true,"campfire_upgraded":1,"win_rate":0.0,"timestamp":1610231966,"path_taken":["M","M","M","M","$","E","R","?","T","?","M","M","$","?","R","BOSS"],"items_purchased_type":[],"build_version":"2020-12-22","purchased_purges":2,"victory":false,"max_hp_per_floor":[63,63,63,63,63,63,63,63,63,63,63,63,63,63,63,63,63],"card_choices":[{"not_picked":["Venomology","Night Terror"],"picked":"Burst","floor":0},{"not_picked":["Slice","Distraction"],"picked":"Dagger Spray","floor":1},{"not_picked":["Eviscerate","Acrobatics"],"picked":"Dagger Throw","floor":2},{"not_picked":["Outmaneuver","Acrobatics"],"picked":"Leg Sweep","floor":3},{"not_picked":["Bane","All Out Attack"],"picked":"Backstab","floor":4},{"not_picked":["Dodge and Roll","Bane"],"picked":"Cloak And Dagger","floor":6},{"not_picked":["Phantasmal Killer","Dagger Spray"],"picked":"Cloak And Dagger","floor":11},{"not_picked":["Acrobatics","Deadly Poison"],"picked":"Cloak And Dagger","floor":12},{"not_picked":["Bane","Deflect","Poisoned Stab"],"picked":"SKIP","floor":14}],"player_experience":256929,"relics_obtained":[{"floor":6,"key":"Regal Pillow"},{"floor":9,"key":"Tiny Chest"},{"floor":10,"key":"Meat on the Bone"}],"event_choices":[{"damage_healed":0,"gold_gain":0,"player_choice":"Searched \u00270\u0027 times","damage_taken":0,"max_hp_gain":0,"max_hp_loss":0,"event_name":"Dead Adventurer","floor":8,"gold_loss":0}],"is_beta":false,"boss_relics":[],"items_purged_floors":[5,13],"is_endless":false,"potions_floor_spawned":[2,6,11],"killed_by":"Hexaghost","ascension_level":0}}