{"host":"3q8x5nua6nulvkr6","time":1610173714,"event":{"mods":["Aspiration","BaseMod","Better Note","BetterRewards","Colored Map","Colored Powertips","Conspire","GifTheSpireLib","Hubris","Infinite Spire","Minty Spire (QoL Compilation)","Rare Cards Sparkle","Replay The Spire","StSLib","Stuff the Spire","Wandering Minibosses"],"gold_per_floor":[117,42,59,59,59,84,84,96,173,185,220,120,148,162,162,266,266,283,294,306,326,64,64,114,147,147,57,88,88,118,131,131,230,230,230,230],"floor_reached":35,"playtime":3083,"items_purged":["Cold Snap","Hidden Blade"],"score":885,"play_id":"0bb6580a-d307-4000-8606-bee7292f70ed","local_time":"20210109012834","daily_mods":["SealedDeck","Red Cards","Green Cards","Blue Cards","Purple Cards","Colorless Cards"],"is_ascension_mode":false,"campfire_choices":[{"data":"ReplayReversal","floor":7,"key":"SMITH"},{"data":"Armaments","floor":15,"key":"SMITH"},{"data":"Entrench","floor":23,"key":"SMITH"},{"data":"BattleHymn","floor":32,"key":"SMITH"}],"circlet_count":0,"master_deck":["BattleHymn+1","Dash+1","Armaments+1","Cloak And Dagger+1","Entrench+1","ReplayReversal+1"],"relics":["Burning Blood","conspire:Flyswatter","hubris:TinFlute","Toxic Egg 2","hubris:TenFootPole","infinitespire:EmpoweringShard","Chameleon Ring","ReplayTheSpireMod:Lightbulb","StuffTheSpire:HeavyRock","infinitespire:EvilPickle","hubris:HollowSoul"],"acts_visited":["Exordium","TheCity","TheBeyond"],"potions_floor_usage":[19,20,30,30,33],"damage_taken":[{"damage":0,"enemies":"2 Louse","floor":1,"turns":2},{"damage":0,"enemies":"Jaw Worm","floor":3,"turns":3},{"damage":24,"enemies":"Gremlin Nob","floor":6,"turns":5},{"damage":0,"enemies":"conspire:RoseBush","floor":8,"turns":3},{"damage":0,"enemies":"Large Slime","floor":10,"turns":6},{"damage":0,"enemies":"Replay:BlueRogue","floor":11,"turns":6},{"damage":0,"enemies":"Gremlin Nob","floor":13,"turns":4},{"damage":0,"enemies":"Looter","floor":14,"turns":7},{"damage":0,"enemies":"Fading Forest","floor":16,"turns":11},{"damage":0,"enemies":"Spheric Guardian","floor":18,"turns":6},{"damage":0,"enemies":"Shell Parasite","floor":19,"turns":7},{"damage":8,"enemies":"Snake Plant","floor":20,"turns":5},{"damage":2,"enemies":"Centurion and Healer","floor":21,"turns":12},{"damage":0,"enemies":"Replay:Snechameleon","floor":25,"turns":9},{"damage":0,"enemies":"Nightmare","floor":28,"turns":9},{"damage":26,"enemies":"Gremlin Leader","floor":30,"turns":7},{"damage":0,"enemies":"conspire:HollyBat","floor":31,"turns":9},{"damage":11,"enemies":"Pondfish","floor":33,"turns":13},{"damage":0,"enemies":"Orb Walker","floor":35,"turns":2}],"seed_played":"-5468280201287487959","potions_obtained":[{"floor":8,"key":"Fire Potion"},{"floor":10,"key":"SkillPotion"},{"floor":11,"key":"SpeedPotion"},{"floor":28,"key":"PowerPotion"},{"floor":30,"key":"FearPotion"},{"floor":31,"key":"conspire:TimeTravelPotion"},{"floor":33,"key":"Strength Potion"}],"is_trial":true,"path_per_floor":["M","$","M","?","?","E","R","M","T","M","E","$","E","M","R","B",null,"M","M","M","M","$","R","?","E","T","?","NM","?","E","M","R","B",null,"M"],"character_chosen":"IRONCLAD","items_purchased":["infinitespire:EmpoweringShard"],"campfire_rested":0,"item_purchase_floors":[22],"current_hp_per_floor":[80,80,80,80,80,62,62,68,68,74,80,80,80,80,80,80,80,80,80,78,80,80,80,80,80,80,80,80,80,60,66,66,61,80,80,80],"gold":230,"neow_bonus":"","is_daily":false,"chose_seed":false,"campfire_upgraded":4,"win_rate":0.0,"timestamp":1610173714,"path_taken":["M","$","M","?","?","E","R","?","T","M","E","$","E","M","R","BOSS","M","M","M","M","$","R","?","E","T","?","NM","?","E","M","R","BOSS","M"],"items_purchased_type":["Relic"],"build_version":"2020-12-22","purchased_purges":2,"victory":false,"max_hp_per_floor":[80,80,80,80,80,80,80,80,80,80,80,80,80,80,80,80,80,80,80,80,80,80,80,80,80,80,80,80,80,80,80,80,80,80,80,80],"card_choices":[{"not_picked":["Quick Slash","hubris:Ukulele","Auto Shields"],"picked":"SKIP","floor":1},{"not_picked":["ClearTheMind","hubris:SlightOfHand","ReplayTheSpireMod:Exploit Weakness"],"picked":"SKIP","floor":3},{"not_picked":["Rebound","Streamline","Gash"],"picked":"SKIP","floor":6},{"not_picked":["BootSequence","StuffTheSpire:Plugnplay","Coolheaded"],"picked":"SKIP","floor":8},{"not_picked":["Force Field","EmptyBody","conspire:PoisonWeapons"],"picked":"SKIP","floor":10},{"not_picked":["aspiration:Lunge","Chrysalis+1","Scrape"],"picked":"SKIP","floor":11},{"not_picked":["hubris:PowerSurge","Rebound","JustLucky"],"picked":"SKIP","floor":13},{"not_picked":["Finisher","Static Discharge","Wild Strike"],"picked":"SKIP","floor":14},{"not_picked":["Coolheaded+1","EmptyFist","StuffTheSpire:BrimstoneBlast"],"picked":"SKIP","floor":18},{"not_picked":["Rebound","StuffTheSpire:LoadUp+1","Well Laid Plans"],"picked":"SKIP","floor":19},{"not_picked":["Specialist","StuffTheSpire:ClusterCrunch+1","Good Instincts+1"],"picked":"SKIP","floor":20},{"not_picked":["Dodge and Roll+1","StuffTheSpire:Python+1","Panic Button+1"],"picked":"SKIP","floor":21},{"not_picked":["Machine Learning","conspire:Charge","Beam Cell+1"],"picked":"SKIP","floor":25},{"not_picked":["CrushJoints","ReachHeaven+1","ReplayTheSpireMod:Necrogeddon"],"picked":"SKIP","floor":28},{"not_picked":["CrushJoints","ReachHeaven+1","ReplayTheSpireMod:Necrogeddon"],"picked":"SKIP","floor":28},{"not_picked":["Wild Strike","ThirdEye+1","EmptyFist"],"picked":"SKIP","floor":30},{"not_picked":["Streamline+1","EmptyFist","Redo+1"],"picked":"SKIP","floor":31}],"player_experience":1041689,"relics_obtained":[{"floor":6,"key":"conspire:Flyswatter"},{"floor":9,"key":"hubris:TinFlute"},{"floor":11,"key":"Toxic Egg 2"},{"floor":13,"key":"hubris:TenFootPole"},{"floor":26,"key":"Chameleon Ring"},{"floor":28,"key":"ReplayTheSpireMod:Lightbulb"},{"floor":30,"key":"StuffTheSpire:HeavyRock"}],"event_choices":[{"cards_removed":["EmptyFist"],"damage_healed":0,"gold_gain":0,"player_choice":"Forget","damage_taken":0,"max_hp_gain":0,"max_hp_loss":0,"event_name":"Living Wall","floor":4,"gold_loss":0},{"damage_healed":0,"gold_gain":100,"player_choice":"Bet on Murderer","damage_taken":0,"max_hp_gain":0,"max_hp_loss":0,"event_name":"The Joust","floor":24,"gold_loss":50},{"cards_removed":["Clothesline"],"damage_healed":0,"gold_gain":0,"player_choice":"Upgrade and Remove","damage_taken":0,"max_hp_gain":0,"max_hp_loss":0,"event_name":"Designer","floor":27,"gold_loss":90,"cards_upgraded":["Cloak And Dagger"]},{"damage_healed":0,"gold_gain":0,"player_choice":"Forge","damage_taken":0,"max_hp_gain":0,"max_hp_loss":0,"event_name":"Accursed Blacksmith","floor":29,"gold_loss":0,"cards_upgraded":["Dash"]}],"is_beta":false,"boss_relics":[{"not_picked":["Honey Jar","StuffTheSpire:RunicConfusion","Electric Blood"]},{"not_picked":["Snecko Heart","hubris:BlackHole"],"picked":"hubris:HollowSoul"}],"items_purged_floors":[2,12],"is_endless":false,"potions_floor_spawned":[8,10,11,14,28,30,31,33],"killed_by":"Orb Walker","ascension_level":0}}