{"host":"ct28ocsd8g8yr2ah","time":1610193799,"event":{"mods":["BaseMod","Better Third Choice","Hermit","Marisa????????","Minty Spire (QoL Compilation)","Remilia??????","StSLib","The Animator","The Gatherer","The Servant 0.9.4","Waifu the Spire"],"gold_per_floor":[112,15,115,129,144,144,169,20,46,56,72,86,86,98,98,199,199,214,231,231,28,28,28,42,54,54,54,80,96,96,96,96,96,96],"floor_reached":33,"playtime":1374,"items_purged":["Strike_RM","Strike_RM"],"score":344,"play_id":"cfe30d80-717c-4480-b95f-58f03c4ed58f","local_time":"20210109170319","is_ascension_mode":false,"campfire_choices":[{"data":"NightDance","floor":6,"key":"SMITH"},{"floor":13,"key":"REST"},{"floor":15,"key":"REST"},{"floor":23,"key":"REST"},{"floor":27,"key":"REST"},{"floor":32,"key":"REST"}],"circlet_count":0,"master_deck":["Strike_RM","Strike_RM","Defend_RM","Defend_RM","Defend_RM","Defend_RM","RedMoon","ScarletShoot","UltimateOffering","VampireKiss","NightDance+1","DiffusionOfMisfortune","ScarletSymphony","ForecastOfChange","BlasphemousPunishment","BlasphemousPunishment","ChaoticDestiny","DemonKingCradle","ScarletDevil+1","ChainGang+1","ChainGang","TransientEternity"],"relics":["ScarletHat","NeowsBlessing","Omamori","Bag of Preparation","Philosopher\u0027s Stone","Potion Belt","Peace Pipe","Anchor"],"acts_visited":["Exordium","TheCity"],"potions_floor_usage":[7,7,19,19],"damage_taken":[{"damage":0,"enemies":"Small Slimes","floor":1,"turns":1},{"damage":0,"enemies":"Cultist","floor":4,"turns":1},{"damage":0,"enemies":"Jaw Worm","floor":5,"turns":1},{"damage":38,"enemies":"Lagavulin","floor":7,"turns":2},{"damage":8,"enemies":"3 Louse","floor":10,"turns":4},{"damage":10,"enemies":"Looter","floor":11,"turns":2},{"damage":0,"enemies":"2 Fungi Beasts","floor":12,"turns":1},{"damage":10,"enemies":"Large Slime","floor":14,"turns":1},{"damage":37,"enemies":"Hexaghost","floor":16,"turns":2},{"damage":10,"enemies":"Spheric Guardian","floor":18,"turns":6},{"damage":27,"enemies":"Shell Parasite","floor":19,"turns":2},{"damage":22,"enemies":"Chosen and Byrds","floor":24,"turns":2},{"damage":23,"enemies":"Centurion and Healer","floor":25,"turns":9},{"damage":52,"enemies":"Gremlin Leader","floor":28,"turns":4},{"damage":12,"enemies":"3 Cultists","floor":29,"turns":3},{"damage":35,"enemies":"Champ","floor":33,"turns":5}],"seed_played":"-1161249842344058160","potions_obtained":[{"floor":4,"key":"LiquidBronze"},{"floor":5,"key":"Fire Potion"},{"floor":16,"key":"BlessingOfTheForge"},{"floor":18,"key":"Explosive Potion"}],"is_trial":false,"path_per_floor":["M","$","?","M","M","R","E","$","T","M","M","M","R","M","R","B",null,"M","M","?","$","?","R","M","M","T","R","E","M","$","?","R","B"],"character_chosen":"REMILIA","items_purchased":["VampireKiss","ForecastOfChange","FairyPotion"],"campfire_rested":5,"item_purchase_floors":[2,8,21],"current_hp_per_floor":[75,75,75,75,75,75,41,41,41,33,23,25,47,41,63,36,75,65,38,38,38,38,60,46,29,29,51,5,21,21,7,31,0,0],"gold":96,"neow_bonus":"THREE_ENEMY_KILL","is_daily":false,"chose_seed":false,"campfire_upgraded":1,"win_rate":0.0,"timestamp":1610193799,"path_taken":["M","$","?","?","M","R","E","$","T","M","M","M","R","M","R","BOSS","M","M","?","$","?","R","M","M","T","R","E","M","$","?","R","BOSS"],"items_purchased_type":["Card","Card","Potion"],"build_version":"2020-12-22","purchased_purges":2,"victory":false,"max_hp_per_floor":[75,75,75,75,75,75,75,75,75,75,75,75,75,75,75,75,75,75,75,75,75,75,75,75,75,75,75,75,75,75,80,80,80,80],"card_choices":[{"not_picked":["BlasphemousPunishment","VampireClaw"],"picked":"UltimateOffering","floor":1},{"not_picked":["Maim","Stigmanizer"],"picked":"NightDance","floor":4},{"not_picked":["TwelveNightmare","BlasphemousPunishment"],"picked":"DiffusionOfMisfortune","floor":5},{"not_picked":["UnstableMagic","BadLadyScramble"],"picked":"ScarletSymphony","floor":7},{"not_picked":["MastersStateliness","CharismaGuard"],"picked":"BlasphemousPunishment","floor":10},{"not_picked":["Stigmanizer","ScarletDevil"],"picked":"BlasphemousPunishment","floor":11},{"not_picked":["RedMagic","ForbiddenFruit"],"picked":"ChaoticDestiny","floor":12},{"not_picked":["EndlessAdversity","Stigmanizer","UnstableMagic"],"picked":"SKIP","floor":14},{"not_picked":["BloodRain","ScarletCoffin"],"picked":"DemonKingCradle","floor":16},{"not_picked":["RedRainbow","LeisurelyOfLord"],"picked":"ScarletDevil+1","floor":18},{"not_picked":["BloodHunter","Stigmanizer","StarOfDavid+1"],"picked":"SKIP","floor":19},{"not_picked":["RedRainbow+1","BombardNight","EndlessAdversity+1"],"picked":"SKIP","floor":24},{"not_picked":["VampireKiss","BloodyMagicSquare"],"picked":"ChainGang+1","floor":25},{"not_picked":["FavorOfDestiny","RedNightlessCastle"],"picked":"ChainGang","floor":28},{"not_picked":["DiffusionOfMisfortune","TwelveNightmare+1"],"picked":"TransientEternity","floor":29}],"player_experience":503779,"relics_obtained":[{"floor":7,"key":"Omamori"},{"floor":9,"key":"Bag of Preparation"},{"floor":26,"key":"Peace Pipe"},{"floor":28,"key":"Anchor"}],"event_choices":[{"damage_healed":0,"gold_gain":100,"player_choice":"Pray","damage_taken":0,"max_hp_gain":0,"max_hp_loss":0,"event_name":"Golden Shrine","floor":3,"gold_loss":0},{"damage_healed":0,"gold_gain":0,"player_choice":"Shed Blood","damage_taken":19,"max_hp_gain":5,"max_hp_loss":0,"event_name":"Forgotten Altar","floor":31,"gold_loss":0}],"is_beta":false,"boss_relics":[{"not_picked":["Velvet Choker","Pandora\u0027s Box"],"picked":"Philosopher\u0027s Stone"}],"items_purged_floors":[2,21],"is_endless":false,"potions_floor_spawned":[4,5,16,18],"killed_by":"Champ","ascension_level":0}}