{"host":"fjaupvxe7fzqrf4j","time":1610185230,"event":{"mods":["ATMod(°¢èªMod)","BaseMod","Minty Spire (QoL Compilation)","StSLib"],"gold_per_floor":[116,116,116,116,116,146,176,206,206,241,274,299,299,340,340,433,433,447,462,501,253,168,199,233,269,269,305,339,370,370,391,391,484,484,507,244,244,257,590,621,653,684,734,768,768,799,829,861,861,861,861,861,861,1,26,26],"floor_reached":57,"playtime":1475,"items_purged":["Deflect","Dagger Throw+1","Expertise"],"score":4869,"play_id":"452a8ca7-a5b8-495c-aa58-05dd90ef7a90","local_time":"20210109174030","daily_mods":["SealedDeck","Heirloom","Time Dilation","Flight","Elite Swarm"],"is_ascension_mode":true,"campfire_choices":[{"data":"Blade Dance","floor":15.0,"key":"PURGE"},{"data":"Quick Slash","floor":32.0,"key":"PURGE"},{"floor":49,"key":"RECALL"},{"data":"Reflex","floor":53,"key":"SMITH"}],"circlet_count":0,"master_deck":["AscendersBane","Dodge and Roll+1","Backflip","Eviscerate+1","Prepared+1","Acrobatics","Grand Finale","Terror","Reflex+1","After Image","Well Laid Plans+1","Adrenaline"],"relics":["Ring of the Snake","AT_ATBox","Peace Pipe","Girya","AT_EbonyIvory","Whetstone","Du-Vu Doll","Bird Faced Urn","HornCleat","Bronze Scales","Tough Bandages","Oddly Smooth Stone","SlaversCollar","Red Mask","Medical Kit","Dream Catcher","Prayer Wheel","Lantern","FossilizedHelix","Orichalcum","AT_ArcaneBoots","StrikeDummy","Meat on the Bone","AT_TrinityForce","Bag of Preparation","Blood Vial","Unceasing Top","MealTicket","Snake Skull","PreservedInsect","Lizard Tail","Bag of Marbles","AT_ArchangelStaff","Gambling Chip","ClockworkSouvenir","Calipers"],"acts_visited":["Exordium","TheCity","TheBeyond","TheEnding"],"potions_floor_usage":[56,56],"damage_taken":[{"damage":0.0,"enemies":"Cultist","floor":1.0,"turns":1.0},{"damage":0.0,"enemies":"Gremlin Nob","floor":6.0,"turns":2.0},{"damage":5.0,"enemies":"Lagavulin","floor":7.0,"turns":3.0},{"damage":0.0,"enemies":"3 Sentries","floor":8.0,"turns":4.0},{"damage":0.0,"enemies":"Lagavulin","floor":10.0,"turns":2.0},{"damage":0.0,"enemies":"3 Sentries","floor":11.0,"turns":3.0},{"damage":0.0,"enemies":"Gremlin Nob","floor":12.0,"turns":2.0},{"damage":0.0,"enemies":"Lagavulin","floor":14.0,"turns":2.0},{"damage":0.0,"enemies":"Slime Boss","floor":16.0,"turns":1.0},{"damage":0.0,"enemies":"2 Thieves","floor":18.0,"turns":1.0},{"damage":0.0,"enemies":"Spheric Guardian","floor":19.0,"turns":1.0},{"damage":0.0,"enemies":"Masked Bandits","floor":20.0,"turns":1.0},{"damage":0.0,"enemies":"Book of Stabbing","floor":23.0,"turns":1.0},{"damage":0.0,"enemies":"Slavers","floor":24.0,"turns":1.0},{"damage":0.0,"enemies":"Gremlin Leader","floor":25.0,"turns":1.0},{"damage":0.0,"enemies":"Book of Stabbing","floor":27.0,"turns":1.0},{"damage":0.0,"enemies":"Gremlin Leader","floor":28.0,"turns":1.0},{"damage":0.0,"enemies":"Book of Stabbing","floor":29.0,"turns":1.0},{"damage":0.0,"enemies":"Centurion and Healer","floor":31.0,"turns":2.0},{"damage":0.0,"enemies":"Champ","floor":33.0,"turns":2.0},{"damage":0.0,"enemies":"3 Darklings","floor":35.0,"turns":1.0},{"damage":0,"enemies":"Orb Walker","floor":38,"turns":1},{"damage":0,"enemies":"Giant Head","floor":40,"turns":1},{"damage":0,"enemies":"Nemesis","floor":41,"turns":1},{"damage":0,"enemies":"Reptomancer","floor":42,"turns":1},{"damage":0,"enemies":"Nemesis","floor":44,"turns":1},{"damage":0,"enemies":"Reptomancer","floor":46,"turns":2},{"damage":0,"enemies":"Nemesis","floor":47,"turns":1},{"damage":0,"enemies":"Reptomancer","floor":48,"turns":3},{"damage":0,"enemies":"Awakened One","floor":50,"turns":3},{"damage":0,"enemies":"Time Eater","floor":51,"turns":1},{"damage":0,"enemies":"Shield and Spear","floor":55,"turns":4},{"damage":0,"enemies":"The Heart","floor":56,"turns":4}],"seed_played":"-7973245896289180000","potions_obtained":[{"floor":6.0,"key":"CunningPotion"},{"floor":7.0,"key":"FearPotion"},{"floor":10.0,"key":"GhostInAJar"},{"floor":12.0,"key":"LiquidMemories"}],"is_trial":true,"path_per_floor":["M","?","?","?","?","E","E","E","T","E","E","E","?","E","R","B",null,"M","M","?","$","?","E","E","E","T","E","E","E","?","M","R","B",null,"M","$","?","M","?","E","E","E","T","E","?","E","E","E","R","B","B",null,"R","$","E","B",null],"character_chosen":"THE_SILENT","items_purchased":["Medical Kit","Bag of Preparation","AT_ArchangelStaff","Gambling Chip","DuplicationPotion","ClockworkSouvenir"],"campfire_rested":0,"item_purchase_floors":[21,36,54,54,54,54],"current_hp_per_floor":[59,64,43,17,17,17,12,12,12,12,12,12,12,12,12,12,51,51,51,51,51,51,51,53,55,55,57,59,61,61,63,63,64,64,64,64,64,64,64,64,64,64,64,64,61,61,61,61,61,61,61,61,61,61,61,61],"gold":26,"neow_bonus":"","is_daily":false,"chose_seed":false,"campfire_upgraded":1,"win_rate":0.0,"timestamp":1610185230,"path_taken":["M","?","?","?","?","E","E","E","T","E","E","E","?","E","R","BOSS","M","M","?","$","?","E","E","E","T","E","E","E","?","?","R","BOSS","M","$","?","M","?","E","E","E","T","E","?","E","E","E","R","BOSS","BOSS","R","$","E","BOSS"],"items_purchased_type":["Relic","Relic","Relic","Relic","Potion","Relic"],"build_version":"2020-12-22","purchased_purges":3,"victory":true,"max_hp_per_floor":[66,71,71,71,71,71,71,71,71,71,71,71,64,64,64,64,64,64,64,64,64,64,64,64,64,64,64,64,64,64,64,64,64,64,64,64,64,64,64,64,64,64,64,64,61,61,61,61,61,61,61,61,61,61,61,61],"card_choices":[{"not_picked":["Well Laid Plans","Underhanded Strike","Dagger Spray"],"picked":"SKIP","floor":1.0},{"not_picked":["Envenom","Storm of Steel","Bullet Time"],"picked":"SKIP","floor":6.0},{"not_picked":["Corpse Explosion","Night Terror","Burst"],"picked":"SKIP","floor":7.0},{"not_picked":["AT_EssenceShift","Bullet Time","Phantasmal Killer"],"picked":"SKIP","floor":8.0},{"not_picked":["Glass Knife","Doppelganger","Storm of Steel"],"picked":"SKIP","floor":10.0},{"not_picked":["AT_MyraUnstableElement","Storm of Steel","Night Terror"],"picked":"SKIP","floor":11.0},{"not_picked":["Tools of the Trade","Storm of Steel","Die Die Die"],"picked":"SKIP","floor":12.0},{"not_picked":["Phantasmal Killer","Adrenaline"],"picked":"Grand Finale","floor":14.0},{"not_picked":["Cloak And Dagger","Acrobatics","Slice"],"picked":"SKIP","floor":18.0},{"not_picked":["Dash","Slice+1"],"picked":"Terror","floor":19.0},{"not_picked":["Dash","Underhanded Strike"],"picked":"Reflex","floor":20.0},{"not_picked":["Envenom","Tools of the Trade"],"picked":"After Image","floor":23.0},{"not_picked":["Venomology","Doppelganger","Storm of Steel"],"picked":"SKIP","floor":24.0},{"not_picked":["Malaise","Night Terror","Phantasmal Killer"],"picked":"SKIP","floor":25.0},{"not_picked":["Malaise","Bullet Time","Burst"],"picked":"SKIP","floor":27.0},{"not_picked":["After Image","Corpse Explosion","Envenom"],"picked":"SKIP","floor":28.0},{"not_picked":["Die Die Die","Night Terror","After Image"],"picked":"SKIP","floor":29.0},{"not_picked":["Dagger Throw","Eviscerate","Infinite Blades"],"picked":"SKIP","floor":31.0},{"not_picked":["Crippling Poison+1","Quick Slash","Dagger Spray"],"picked":"SKIP","floor":31.0},{"not_picked":["Eviscerate","Backstab"],"picked":"Well Laid Plans+1","floor":35.0},{"not_picked":["AT_Desolate","PiercingWail","Underhanded Strike"],"picked":"SKIP","floor":35.0},{"not_picked":["Deflect","Sucker Punch","Terror"],"picked":"SKIP","floor":38},{"not_picked":["AT_WindFlip+1","Underhanded Strike","Dodge and Roll"],"picked":"SKIP","floor":38},{"not_picked":["Night Terror","AT_KingSlayer","Burst"],"picked":"SKIP","floor":40},{"not_picked":["Night Terror","Die Die Die","AT_MyraUnstableElement"],"picked":"SKIP","floor":41},{"not_picked":["A Thousand Cuts","Doppelganger","Night Terror"],"picked":"SKIP","floor":42},{"not_picked":["Unload","Bullet Time","Wraith Form v2"],"picked":"SKIP","floor":44},{"not_picked":["Envenom","Storm of Steel"],"picked":"Adrenaline","floor":46},{"not_picked":["Unload","Glass Knife","Malaise"],"picked":"SKIP","floor":47},{"not_picked":["Grand Finale","Malaise","After Image"],"picked":"SKIP","floor":48},{"not_picked":["Corpse Explosion","Burst","AT_EssenceShift"],"picked":"SKIP","floor":55}],"player_experience":370827,"relics_obtained":[{"floor":6.0,"key":"AT_EbonyIvory"},{"floor":7.0,"key":"Whetstone"},{"floor":8.0,"key":"Du-Vu Doll"},{"floor":9.0,"key":"Bird Faced Urn"},{"floor":10.0,"key":"HornCleat"},{"floor":11.0,"key":"Bronze Scales"},{"floor":12.0,"key":"Tough Bandages"},{"floor":14.0,"key":"Oddly Smooth Stone"},{"floor":20.0,"key":"Red Mask"},{"floor":23.0,"key":"Prayer Wheel"},{"floor":24.0,"key":"Lantern"},{"floor":25.0,"key":"FossilizedHelix"},{"floor":27.0,"key":"Orichalcum"},{"floor":28.0,"key":"AT_SpeedBoots"},{"floor":29.0,"key":"StrikeDummy"},{"floor":30.0,"key":"Meat on the Bone"},{"floor":40,"key":"Blood Vial"},{"floor":41,"key":"Unceasing Top"},{"floor":42,"key":"MealTicket"},{"floor":43,"key":"Snake Skull"},{"floor":44,"key":"PreservedInsect"},{"floor":46,"key":"Lizard Tail"},{"floor":48,"key":"Bag of Marbles"},{"floor":55,"key":"Calipers"}],"event_choices":[{"damage_healed":0.0,"max_hp_gain":5.0,"max_hp_loss":0.0,"gold_gain":0.0,"event_name":"Big Fish","player_choice":"Donut","floor":2.0,"gold_loss":0.0,"damage_taken":0.0},{"damage_healed":0.0,"max_hp_gain":0.0,"max_hp_loss":0.0,"gold_gain":0.0,"event_name":"Shining Light","player_choice":"Entered Light","floor":3.0,"gold_loss":0.0,"damage_taken":21.0,"cards_upgraded":["Dodge and Roll","Prepared"]},{"damage_healed":0.0,"max_hp_gain":0.0,"max_hp_loss":0.0,"gold_gain":0.0,"event_name":"Scrap Ooze","player_choice":"Success","floor":4.0,"gold_loss":0.0,"damage_taken":26.0,"relics_obtained":["Girya"]},{"damage_healed":0.0,"max_hp_gain":0.0,"max_hp_loss":0.0,"gold_gain":0.0,"event_name":"Liars Game","player_choice":"Ignored","floor":5.0,"gold_loss":0.0,"damage_taken":0.0},{"damage_healed":0.0,"max_hp_gain":0.0,"max_hp_loss":7.0,"gold_gain":0.0,"event_name":"Golden Idol","player_choice":"Lose Max HP","floor":13.0,"gold_loss":0.0,"damage_taken":0.0,"relics_obtained":["Golden Idol"]},{"damage_healed":0.0,"max_hp_gain":0.0,"max_hp_loss":0.0,"gold_gain":0.0,"event_name":"Masked Bandits","player_choice":"Fought Bandits","floor":20.0,"gold_loss":0.0,"damage_taken":0.0},{"damage_healed":0.0,"max_hp_gain":0.0,"max_hp_loss":0.0,"gold_gain":0.0,"event_name":"Addict","player_choice":"Obtained Relic","floor":22.0,"gold_loss":85.0,"damage_taken":0.0,"relics_obtained":["Dream Catcher"]},{"damage_healed":0.0,"max_hp_gain":0.0,"max_hp_loss":0.0,"gold_gain":0.0,"event_name":"Wheel of Change","player_choice":"Relic","floor":30.0,"gold_loss":0.0,"damage_taken":0.0},{"damage_healed":0,"gold_gain":0,"player_choice":"Memory 1","damage_taken":0,"max_hp_gain":0,"max_hp_loss":0,"event_name":"SensoryStone","floor":37,"gold_loss":0},{"damage_healed":0,"gold_gain":333,"player_choice":"Gave Idol","damage_taken":0,"max_hp_gain":0,"max_hp_loss":0,"event_name":"The Moai Head","floor":39,"relics_lost":["Golden Idol"],"gold_loss":0},{"damage_healed":0,"gold_gain":0,"player_choice":"Max HP","damage_taken":0,"max_hp_gain":0,"max_hp_loss":3,"event_name":"Winding Halls","floor":45,"gold_loss":0}],"is_beta":false,"boss_relics":[{"not_picked":["Fusion Hammer","SacredBark"],"picked":"SlaversCollar"},{"not_picked":["Runic Dome","Cursed Key"],"picked":"AT_TrinityForce"}],"items_purged_floors":[21,36,54],"is_endless":false,"potions_floor_spawned":[6,7,10,12,14,19,24,25,27,28,33,40,41,42,48],"ascension_level":20}}