{"host":"94qggqh0xz0sp6ai","time":1610174428,"event":{"mods":["Abigail Mod","Act Like it!","BaseMod","CapriCore","Downfall","Friendly Minions","Gensokyo","Hermit","Jorbs\u0027s Wanderer Trilogy","Koishi","Marisa（霧雨　魔理沙）","Minty Spire (QoL Compilation)","Permanent Neow","Reimu（博??梦）","StSLib","The Alterego","The Construct","The Cursed","The Hierophant","The Immortal","The Marked","The Servant 0.9.4","TheBandit","Waifu the Spire"],"gold_per_floor":[114,64,64,77,77,112,112,26,50,79,23,38,38,73,73,73,73],"floor_reached":16,"playtime":925,"items_purged":[],"score":202,"play_id":"7c66055c-c699-4a9b-8d7f-49c2b2e6b79b","local_time":"20210109004028","is_ascension_mode":true,"campfire_choices":[{"floor":7,"key":"REST"},{"floor":15,"key":"REST"}],"circlet_count":0,"master_deck":["AscendersBane","Strike_MRS","Strike_MRS","Strike_MRS","Strike_MRS","Defend_MRS","Defend_MRS","Defend_MRS","Defend_MRS","MasterSpark","UpSweep","expansioncontent:LastStand+1","PowerUp","Gensokyo:BlessingOfConstitution","MachineGunSpark","Gensokyo:BlemishedSteel","SprinkleStarSeal","6A","AsteroidBelt","ChargeUpSpray"],"relics":["MiniHakkero","Shuriken","Smiling Mask","White Beast Statue","Gensokyo:Mercy","Regal Pillow"],"acts_visited":["Exordium"],"potions_floor_usage":[14,16,16],"damage_taken":[{"damage":3,"enemies":"Gensokyo:3_Fairies","floor":1,"turns":4},{"damage":8,"enemies":"Gensokyo:Python","floor":4,"turns":4},{"damage":22,"enemies":"Gensokyo:Aya","floor":6,"turns":5},{"damage":22,"enemies":"Gensokyo:Mamizou","floor":10,"turns":8},{"damage":0,"enemies":"Gensokyo:2_Kodama","floor":12,"turns":3},{"damage":35,"enemies":"Gensokyo:Cirno","floor":14,"turns":9},{"damage":60,"enemies":"Gensokyo:Yukari","floor":16,"turns":15}],"seed_played":"8424987098097017193","potions_obtained":[{"floor":4,"key":"PowerPotion"},{"floor":12,"key":"SteroidPotion"},{"floor":14,"key":"hexamod:EctoCoolerPotion"}],"is_trial":false,"path_per_floor":["M","?","?","M","?","E","R","COS","T","E","$","M","?","E","R","B"],"character_chosen":"MARISA","items_purchased":["6A"],"campfire_rested":2,"item_purchase_floors":[11],"current_hp_per_floor":[60,60,60,52,52,40,61,61,61,39,39,39,39,14,50,0,0],"gold":73,"neow_bonus":"RANDOM_COLORLESS","is_daily":false,"chose_seed":false,"campfire_upgraded":0,"win_rate":0.0,"timestamp":1610174428,"path_taken":["M","?","?","?","?","E","R","COS","T","E","?","M","?","E","R","BOSS"],"items_purchased_type":["Card"],"build_version":"2020-12-22","purchased_purges":0,"victory":false,"max_hp_per_floor":[70,70,70,70,70,70,70,70,70,70,70,70,70,70,70,70,70],"card_choices":[{"not_picked":["expansioncontent:ChargeUp","Discovery"],"picked":"expansioncontent:LastStand","floor":0},{"not_picked":["EnergyRecoil","6A"],"picked":"PowerUp","floor":1},{"not_picked":["EventHorizon","Orbital"],"picked":"MachineGunSpark","floor":4},{"not_picked":["Acceleration","LuminesStrike"],"picked":"DoubleSpark","floor":6},{"not_picked":["GasGiant","StarBarrage"],"picked":"SprinkleStarSeal","floor":10},{"not_picked":["SporeBomb","LuminesStrike"],"picked":"AsteroidBelt","floor":12},{"not_picked":["DragonMeteor","AbsoluteMagnitude"],"picked":"ChargeUpSpray","floor":14}],"player_experience":1363337,"relics_obtained":[{"floor":6,"key":"Shuriken"},{"floor":9,"key":"Smiling Mask"},{"floor":10,"key":"White Beast Statue"},{"floor":14,"key":"Regal Pillow"}],"event_choices":[],"is_beta":false,"boss_relics":[],"items_purged_floors":[],"is_endless":false,"potions_floor_spawned":[4,12,14],"killed_by":"Gensokyo:Yukari","ascension_level":20}}