{"host":"tcdxiwht2vajk3tk","time":1610158604,"event":{"mods":["AchievementEnabler","BaseMod","Beaked The Cultist","Conspire","Defuse TimeMaze Blight","Downfall","Halation","Hermit","Hubris","Infinite Spire","Lobotomy","Minty Spire (QoL Compilation)","Replay The Spire","Shop Mod","StSLib","The Cursed","The Disciple","vexMod"],"gold_per_floor":[118,118,118,134,134,160,160,160,160],"floor_reached":8,"playtime":349,"items_purged":[],"score":70,"play_id":"e45d24c9-fcc6-48c2-923a-27b09110e5c8","local_time":"20210108211644","is_ascension_mode":true,"campfire_choices":[],"circlet_count":0,"master_deck":["beaked:Strike_Y","beaked:Strike_Y+1","beaked:Strike_Y","beaked:Strike_Y","beaked:Strike_Y","beaked:Strike_Y","beaked:Defend_Y","beaked:Defend_Y","beaked:Defend_Y","beaked:Defend_Y+1","beaked:Ceremony","beaked:Ceremony","beaked:Ceremony","QueenOfHatred","beaked:HuntressSpirit","HeroicMonk","beaked:Struggle","Alriune","beaked:VigorBurst"],"relics":["beaked:MendingPlumage","CogitoBucket","Potion Belt"],"acts_visited":["Exordium"],"potions_floor_usage":[],"damage_taken":[{"damage":19.0,"enemies":"Jaw Worm","floor":1.0,"turns":5.0},{"damage":3.0,"enemies":"conspire:RoseBush","floor":4.0,"turns":5.0},{"damage":36.0,"enemies":"3 Sentries","floor":6.0,"turns":7.0},{"damage":54,"enemies":"Lagavulin","floor":8,"turns":4}],"seed_played":"-8400844818405189387","potions_obtained":[],"is_trial":false,"path_per_floor":["M","?","$","M","$","E","?","E"],"character_chosen":"BEAKED_THE_CULTIST","items_purchased":[],"campfire_rested":0,"item_purchase_floors":[],"current_hp_per_floor":[38,28,28,38,38,23,23,0,0],"gold":160,"neow_bonus":"","is_daily":false,"chose_seed":false,"campfire_upgraded":0,"win_rate":0.0,"timestamp":1610158604,"path_taken":["M","?","$","M","$","E","?","E"],"items_purchased_type":[],"build_version":"2020-12-22","purchased_purges":0,"victory":false,"max_hp_per_floor":[50,50,50,50,50,55,55,55,55],"card_choices":[{"not_picked":["FairyFestival","MeatLantern","WallGazer"],"picked":"Singing Bowl","floor":1.0},{"not_picked":["ShyLook","SnowQueen"],"picked":"QueenOfHatred","floor":1.0},{"not_picked":["beaked:BraceForImpact","beaked:Flinch"],"picked":"beaked:HuntressSpirit","floor":1.0},{"not_picked":["Mercenary","GreedKing","FairyFestival"],"picked":"Singing Bowl","floor":4.0},{"not_picked":["Murderer","Scorched"],"picked":"HeroicMonk","floor":4.0},{"not_picked":["beaked:Replenish","beaked:WarriorEssence"],"picked":"beaked:Struggle","floor":4.0},{"not_picked":["Murderer","UniverseFragment","MHz"],"picked":"Singing Bowl","floor":6.0},{"not_picked":["Bloodbath","LittlePrince"],"picked":"Alriune","floor":6.0},{"not_picked":["beaked:Poke","beaked:WarriorEssence"],"picked":"beaked:VigorBurst","floor":6.0}],"player_experience":1536037,"relics_obtained":[{"floor":6.0,"key":"Potion Belt"}],"event_choices":[{"damage_healed":0.0,"max_hp_gain":0.0,"max_hp_loss":0.0,"gold_gain":0.0,"event_name":"Shining Light","player_choice":"Entered Light","floor":2.0,"gold_loss":0.0,"damage_taken":10.0,"cards_upgraded":["beaked:Defend_Y","beaked:Strike_Y"]},{"damage_healed":0.0,"max_hp_gain":0.0,"max_hp_loss":0.0,"gold_gain":0.0,"event_name":"Liars Game","player_choice":"Ignored","floor":7.0,"gold_loss":0.0,"damage_taken":0.0}],"is_beta":false,"boss_relics":[],"items_purged_floors":[],"is_endless":false,"potions_floor_spawned":[],"killed_by":"Lagavulin","ascension_level":6}}