{"host":"t6w2q9o6m1ipuhb5","time":1610186303,"event":{"mods":["2.2 Compatiblity","Abigail Mod","AchievementEnabler","Act Like it!","Arknights The Spire","BaseMod","Chen","Colored Map","Colored Powertips","Downfall","Friendly Minions","Gensokyo","GifTheSpireLib","Hermit","Hubris","Infinite Spire","KinomotoSakuraMod(????)","Kiyohime????","Marisa????????","Mimic Mod","Minty Spire (QoL Compilation)","Permanent Neow","Prisma Mod","Quick Restart","Reimu??????","Remilia??????","Replay The Spire","StSLib","SuperFastMode","The Animator","The Bug Knight","The Construct","The Cursed","The Marked","The Mystic","The Senshi","Waifu the Spire"],"gold_per_floor":[110,8,8,22,33,33,262,282,364,364,364,396,21,21,21,122,122,139,157,107,107,125,125,375,375,412,424,6,6,34,9,9,106,106,859,872,118,43,54,54,54],"floor_reached":40,"playtime":2241,"items_purged":["ReplayTheSpireMod:Splinters"],"score":537,"play_id":"8487f6ac-7f2a-40a9-a8e8-5dffa392a623","local_time":"20210109045823","is_ascension_mode":false,"campfire_choices":[{"floor":6,"key":"REST"},{"floor":10,"key":"REST"},{"floor":23,"key":"REST"},{"data":"CasketOfStar","floor":29,"key":"SMITH"},{"floor":32,"key":"REST"}],"circlet_count":0,"master_deck":["Strike_MRS+1","Strike_MRS+1","Strike_MRS+1","Strike_MRS+1","Defend_MRS","Defend_MRS","Defend_MRS","Defend_MRS","MasterSpark+1","UpSweep","SprinkleStarSeal","EarthLightRay","AsteroidBelt","OortCloud","OneTimeOff","infinitespire:DeathsTouch","PowerUp","expansioncontent:Chronoboost+1","CasketOfStar+1","MagicChant","GasGiant","BlazingStar","Singularity","AlicesGift","Gensokyo:RPG","OortCloud","GrandCross","BinaryStars+1","JA","MillisecondPulsars","JA","MysteriousBeam+1","Gensokyo:LochNessMonster","Gensokyo:Taser","Gensokyo:MedicineKit","Gensokyo:LockedMedkit","Gensokyo:ScrapIron","Gensokyo:TarnishedGold","Gensokyo:RustyChest","OortCloud"],"relics":["MiniHakkero","hubris:SphereOfDissonance","Replay:Ringing Soul","InkBottle","TentaclePot:ReiMu","hubris:Towel","Gensokyo:OccultBall","Philosopher\u0027s Stone","Gensokyo:MosesMiracle","Gensokyo:DirgeOfMelancholy","StrikeDummy","HandmadeGrimoire","ReplayTheSpireMod:CursedCoin","SimpleLauncher","Replay:Bottled Eggs","Ring of Chaos","Ice Cream","hubris:EmptyBottle","Strange Spoon"],"acts_visited":["Exordium","Gensokyo:Gensokyo","Gensokyo:Gensokyoer"],"potions_floor_usage":[16,22,22,33,40],"damage_taken":[{"damage":0,"enemies":"Gensokyo:Python","floor":1,"turns":3},{"damage":0,"enemies":"Gensokyo:Gryphon","floor":4,"turns":3},{"damage":3,"enemies":"Gensokyo:2_Kodama","floor":5,"turns":3},{"damage":29,"enemies":"Gensokyo:Cirno","floor":7,"turns":7},{"damage":0,"enemies":"Gensokyo:LivingMonolith","floor":8,"turns":2},{"damage":0,"enemies":"Gensokyo:Mamizou","floor":12,"turns":6},{"damage":23,"enemies":"Gensokyo:Kokoro","floor":16,"turns":6},{"damage":21,"enemies":"Gensokyo:3_Dogs","floor":18,"turns":4},{"damage":11,"enemies":"Gensokyo:AngelMirror","floor":19,"turns":2},{"damage":0,"enemies":"Gensokyo:Chomper_and_Gloop","floor":22,"turns":3},{"damage":0,"enemies":"Gensokyo:3_Gloops","floor":26,"turns":4},{"damage":20,"enemies":"Gensokyo:3_Gloops","floor":27,"turns":1},{"damage":18,"enemies":"Gensokyo:Tenshi","floor":30,"turns":4},{"damage":41,"enemies":"Gensokyo:Eiki","floor":33,"turns":6},{"damage":58,"enemies":"Gensokyo:3_Bats","floor":35,"turns":4},{"damage":4,"enemies":"Gensokyo:3_Boulders","floor":36,"turns":4},{"damage":37,"enemies":"Gensokyo:Sharpion","floor":39,"turns":5},{"damage":43,"enemies":"Gensokyo:Marisa","floor":40,"turns":5}],"seed_played":"6658484927995040876","potions_obtained":[{"floor":0,"key":"LiquidMemories"},{"floor":0,"key":"SneckoOil"},{"floor":0,"key":"ColorlessPotion"},{"floor":4,"key":"Milkshake"},{"floor":12,"key":"LifebloodPotion"},{"floor":19,"key":"Toxic Potion"},{"floor":30,"key":"SmokeBomb"},{"floor":33,"key":"SpeedPotion"}],"is_trial":false,"path_per_floor":["M","COS","?","M","M","R","E","M","T","R","?","E","$","?","R_BF","B",null,"M","M","?","?","M","R","?","?","MIM","M","COS","R","E","$","R","B",null,"M","M","COS","$","M","E"],"character_chosen":"MARISA","items_purchased":["CasketOfStar","expansioncontent:Chronoboost","TentaclePot:ReiMu","GrandCross"],"campfire_rested":4,"item_purchase_floors":[13,13,13,31],"current_hp_per_floor":[75,75,53,53,54,75,46,50,50,72,57,64,67,67,67,51,87,73,65,72,72,79,103,97,97,100,87,90,90,79,82,112,78,115,60,59,62,62,32,0,0],"gold":54,"neow_bonus":"THREE_SMALL_POTIONS","is_daily":false,"chose_seed":false,"campfire_upgraded":1,"win_rate":0.0,"timestamp":1610186303,"path_taken":["M","COS","?","?","M","R","E","M","T","R","?","E","$","?","R_BF","BOSS","M","M","?","?","M","R","?","?","MIM","M","COS","R","E","$","R","BOSS","M","?","COS","?","M","E"],"items_purchased_type":["Card","Card","Relic","Card"],"build_version":"2020-12-22","purchased_purges":1,"victory":false,"max_hp_per_floor":[75,75,75,75,75,75,75,75,75,75,78,81,84,84,84,87,87,90,93,100,100,103,103,97,97,100,103,106,106,109,112,112,115,115,118,121,124,124,127,127,127],"card_choices":[{"not_picked":["MilkyWay","EscapeVelocity"],"picked":"SprinkleStarSeal","floor":1},{"not_picked":["DeepEcoloBomb","MilkyWay"],"picked":"EarthLightRay","floor":4},{"not_picked":["MeteoricShower","Occultation"],"picked":"AsteroidBelt","floor":5},{"not_picked":["MilkyWay","BlazeAway"],"picked":"OortCloud","floor":7},{"not_picked":["DarkSpark","EnergyRecoil"],"picked":"OneTimeOff","floor":8},{"not_picked":["infinitespire:UltimateForm","ReplayTheSpireMod:Chaos Vortex"],"picked":"infinitespire:DeathsTouch","floor":11},{"not_picked":["ShootingEcho","MilkyWay"],"picked":"PowerUp","floor":12},{"not_picked":["FinalSpark","StarDustReverie"],"picked":"CasketOfStar","floor":16},{"not_picked":["WitchOfGreed","EventHorizon"],"picked":"MagicChant","floor":18},{"not_picked":["DoubleSpark","ManaConvection"],"picked":"GasGiant","floor":19},{"not_picked":["IllusionStar","PowerUp"],"picked":"BlazingStar","floor":22},{"not_picked":["FairyDestructionRay","GasGiant"],"picked":"Singularity","floor":26},{"not_picked":["MysteriousBeam","MachineGunSpark"],"picked":"AlicesGift","floor":27},{"not_picked":["SatelliteIllusion","PulseMagic"],"picked":"OortCloud","floor":30},{"not_picked":["BigCrunch+1","TreasureHunter+1"],"picked":"BinaryStars+1","floor":33},{"not_picked":["MaximisePower","TreasureHunter"],"picked":"JA","floor":33},{"not_picked":["StarDustReverie","JA"],"picked":"MillisecondPulsars","floor":35},{"not_picked":["PowerUp","GravityBeat"],"picked":"JA","floor":35},{"not_picked":["DC+1","Robbery+1"],"picked":"MysteriousBeam+1","floor":36},{"not_picked":["LuminesStrike","DoubleSpark"],"picked":"OortCloud","floor":39}],"player_experience":378434,"relics_obtained":[{"floor":7,"key":"hubris:SphereOfDissonance"},{"floor":9,"key":"Replay:Ringing Soul"},{"floor":12,"key":"InkBottle"},{"floor":16,"key":"Gensokyo:OccultBall"},{"floor":22,"key":"Gensokyo:OccultBall"},{"floor":26,"key":"StrikeDummy"},{"floor":26,"key":"HandmadeGrimoire"},{"floor":27,"key":"Gensokyo:MosesMiracle"},{"floor":30,"key":"Replay:Bottled Eggs"},{"floor":33,"key":"Gensokyo:OccultBall"}],"event_choices":[],"is_beta":false,"boss_relics":[{"not_picked":["Honey Jar","Replay:Wanted Poster"],"picked":"Philosopher\u0027s Stone"},{"not_picked":["Replay:Grab Bag","Replay:Drink Me"],"picked":"Ring of Chaos"}],"items_purged_floors":[38],"is_endless":false,"potions_floor_spawned":[4,12,19,30,33],"killed_by":"Gensokyo:Marisa","ascension_level":0}}