{"host":"eeuhgv8goqdjv4ip","time":1610172554,"event":{"mods":["2.2 Compatiblity","AchievementEnabler","BaseMod","Challenge The Spire","Colored Map","Colored Powertips","Conspire","Dark Map","Hubris","Infinite Spire","Marisa????????","Minty Spire (QoL Compilation)","Remilia??????","Replay The Spire","SIMod","StSLib","The Animator","The Saiyan","The Servant 0.9.4","The Wild Card"],"gold_per_floor":[93,109,109,148,163,163,192,192,192,227,115,140,140,158,158,263,263,252,15,15,27,41,76,76,76,76,76,76,96,127,141,141,246,346,365,365],"floor_reached":35,"playtime":7838,"items_purged":["Saiyan:SAIYA_Strike"],"score":591,"play_id":"9eceeef1-c175-473e-9a06-2df9558bac2c","local_time":"20210109020914","daily_mods":["Diverse"],"is_ascension_mode":true,"campfire_choices":[{"data":"Spin","floor":6,"key":"SMITH"},{"data":"Saiyan:DragonFist","floor":8,"key":"SMITH"},{"data":"Saiyan:DrainingStrike","floor":15,"key":"SMITH"},{"data":"CheerUp","floor":25,"key":"SMITH"},{"data":"Metallicize","floor":27,"key":"SMITH"},{"data":"Dual Wield","floor":32,"key":"SMITH"}],"circlet_count":0,"master_deck":["Saiyan:SAIYA_Strike","Saiyan:SAIYA_Strike","Saiyan:SAIYA_Defend","Saiyan:SAIYA_Defend","Saiyan:SAIYA_Defend","Saiyan:EnergyBlast","Saiyan:KaioKen","Saiyan:RuthlessBlow","Spin+1","Tempest","Sanctity","Saiyan:DragonFist+1","Louder","ThirdEye","ThirdEye","theWildCard:MaskChange","Saiyan:DrainingStrike+1","Berserk","Metallicize+1","ReplayTheSpireMod:Private Reserves","CheerUp+1","JustLucky","theWildCard:Patience+1","Dual Wield+1","Crippling Poison","animator:Boros"],"relics":["SaiyanSoul","SaiyanHeart","Ring of Chaos","hubris:64BitClover","conspire:DecoderRing","Pet Ghost","hubris:Icosahedron","ChewingGum","Toolbox","PreservedInsect","Gremlin Food","Nloth\u0027s Gift","Bottled Flame","hubris:Reverence","Replay:Wanted Poster"],"acts_visited":["Exordium","TheCity","TheBeyond"],"potions_floor_usage":[7,16,18,22,23,29,33],"damage_taken":[{"damage":5,"enemies":"Small Slimes","floor":1,"turns":3},{"damage":2,"enemies":"2 Louse","floor":2,"turns":3},{"damage":2,"enemies":"Jaw Worm","floor":5,"turns":4},{"damage":0,"enemies":"Replay:BlueRogue","floor":7,"turns":5},{"damage":19,"enemies":"3 Sentries","floor":10,"turns":5},{"damage":0,"enemies":"Lagavulin","floor":12,"turns":6},{"damage":5,"enemies":"Red Slaver","floor":14,"turns":3},{"damage":0,"enemies":"Slime Boss","floor":16,"turns":11},{"damage":2,"enemies":"2 Thieves","floor":18,"turns":4},{"damage":0,"enemies":"3 Byrds","floor":21,"turns":2},{"damage":11,"enemies":"Snake Plant","floor":22,"turns":4},{"damage":4,"enemies":"Book of Stabbing","floor":23,"turns":5},{"damage":5,"enemies":"Sentry and Sphere","floor":29,"turns":3},{"damage":12,"enemies":"Gremlin Leader","floor":30,"turns":4},{"damage":1,"enemies":"Shelled Parasite and Fungi","floor":31,"turns":4},{"damage":25,"enemies":"Pondfish","floor":33,"turns":8},{"damage":0,"enemies":"3 Shapes","floor":35,"turns":3}],"seed_played":"3667199803285645729","potions_obtained":[{"floor":5,"key":"GamblersBrew"},{"floor":7,"key":"BlessingOfTheForge"},{"floor":10,"key":"BlessingOfTheForge"},{"floor":12,"key":"Explosive Potion"},{"floor":21,"key":"SkillPotion"},{"floor":22,"key":"Ancient Potion"},{"floor":31,"key":"LiquidBronze"},{"floor":35,"key":"AttackPotion"}],"is_trial":true,"path_per_floor":["M","M","?","?","M","R","E","R","T","E","$","E","?","M","R","B",null,"M","$","?","M","M","E","$","R","T","R","?","M","E","M","R","B",null,"M"],"character_chosen":"SAIYAJIN","items_purchased":["ThirdEye","Toolbox","ReplayTheSpireMod:Private Reserves"],"campfire_rested":0,"item_purchase_floors":[11,19,19],"current_hp_per_floor":[57,58,51,51,58,58,68,68,68,55,55,62,62,58,58,65,105,110,110,110,113,105,105,105,105,105,105,105,103,96,99,99,78,138,141,141],"gold":365,"neow_bonus":"","is_daily":false,"chose_seed":false,"campfire_upgraded":6,"win_rate":0.0,"timestamp":1610172554,"path_taken":["M","M","?","?","M","R","E","R","T","E","?","E","?","M","R","BOSS","M","$","?","M","?","E","?","R","T","R","?","?","E","M","R","BOSS","M"],"items_purchased_type":["Card","Relic","Card"],"build_version":"2020-12-22","purchased_purges":1,"victory":false,"max_hp_per_floor":[62,65,65,65,74,74,84,84,84,90,90,97,97,98,98,105,105,112,112,112,115,118,122,122,122,122,122,122,125,130,134,134,138,138,141,141],"card_choices":[{"not_picked":["BloodAndWine","theWildCard:SeveringSlash"],"picked":"Spin","floor":1},{"not_picked":["Adaptation","ReplayTheSpireMod:Exploit Weakness"],"picked":"Tempest","floor":2},{"not_picked":["hubris:Sniper","Twin Strike"],"picked":"Sanctity","floor":5},{"not_picked":["animator:HomuraAkemi","animator:Berserker"],"picked":"Saiyan:DragonFist","floor":7},{"not_picked":["Dropkick","animator:Midou"],"picked":"Louder","floor":10},{"not_picked":["Finisher","theWildCard:Unburden"],"picked":"theWildCard:MaskChange","floor":12},{"not_picked":["Rebound","animator:KyokoSakura"],"picked":"Saiyan:DrainingStrike","floor":14},{"not_picked":["Corpse Explosion","Biased Cognition"],"picked":"Berserk","floor":16},{"not_picked":["Saiyan:Expend+1","Saiyan:ExpandingShockwave"],"picked":"Metallicize","floor":18},{"not_picked":["SporeBomb","ScarletNetherworld"],"picked":"CheerUp","floor":21},{"not_picked":["Acrobatics","Honesty","theWildCard:UnendingRitual"],"picked":"SKIP","floor":22},{"not_picked":["EmptyMind","RefractionSpark+1"],"picked":"JustLucky","floor":23},{"not_picked":["ReachHeaven","animator:Eve"],"picked":"theWildCard:Patience+1","floor":29},{"not_picked":["ScarletImprint","MiserableFate"],"picked":"Dual Wield","floor":30},{"not_picked":["animator:MumenRider","animator:Hinaichigo"],"picked":"Crippling Poison","floor":31},{"not_picked":["InspirationRecovery","MasterReality"],"picked":"animator:Boros","floor":33}],"player_experience":432704,"relics_obtained":[{"floor":7,"key":"hubris:64BitClover"},{"floor":9,"key":"conspire:DecoderRing"},{"floor":10,"key":"Pet Ghost"},{"floor":12,"key":"Bag of Preparation"},{"floor":23,"key":"PreservedInsect"},{"floor":26,"key":"Gremlin Food"},{"floor":30,"key":"Bottled Flame"},{"floor":31,"key":"hubris:Reverence"}],"event_choices":[{"cards_removed":["Saiyan:SAIYA_Strike"],"damage_healed":0,"gold_gain":0,"player_choice":"Card Removal","damage_taken":7,"max_hp_gain":0,"max_hp_loss":0,"event_name":"Golden Wing","floor":3,"gold_loss":0},{"cards_removed":["Saiyan:SAIYA_Defend"],"damage_healed":0,"gold_gain":0,"player_choice":"Purged","damage_taken":0,"max_hp_gain":0,"max_hp_loss":0,"event_name":"Purifier","floor":20,"gold_loss":0},{"damage_healed":0,"gold_gain":0,"player_choice":"Traded Relic","damage_taken":0,"relics_obtained":["Nloth\u0027s Gift"],"max_hp_gain":0,"max_hp_loss":0,"event_name":"N\u0027loth","floor":28,"relics_lost":["Bag of Preparation"],"gold_loss":0}],"is_beta":false,"boss_relics":[{"not_picked":["conspire:SpecialSausage","Snecko Eye"],"picked":"ChewingGum"},{"not_picked":["Replay:Grab Bag","conspire:SeveredTorchhead"],"picked":"Replay:Wanted Poster"}],"items_purged_floors":[11],"is_endless":false,"potions_floor_spawned":[5,7,10,12,21,22,31,35],"killed_by":"3 Shapes","ascension_level":1}}