{"host":"qxeepl7ydvsgmfdb","time":1610166381,"event":{"mods":["AchievementEnabler","BaseMod","Colored Powertips","Minty Spire (QoL Compilation)","Quick Restart","slay the spire mod where everything is the same but ironclad has a cowboy hat"],"gold_per_floor":[109,128,303,303,28,57,75,85,85,85,85,85,117,53,53,151,151,170,170,170,138,138,138,63,98,98,98,113,113,113],"floor_reached":29,"playtime":667,"items_purged":["Doubt"],"score":349,"play_id":"6e2959af-e207-4560-bfaa-320cef2c36ba","local_time":"20210108232621","is_ascension_mode":true,"campfire_choices":[{"floor":12,"key":"REST"},{"floor":15,"key":"REST"},{"floor":23,"key":"REST"},{"floor":27,"key":"REST"}],"circlet_count":0,"master_deck":["Strike_G+1","Strike_G","Strike_G","Strike_G","Strike_G+1","Defend_G","Defend_G","Defend_G","Defend_G","Defend_G","Survivor","Neutralize","Injury","Corpse Explosion","Slice+1","Backstab","Poisoned Stab","Dagger Throw+1","Bouncing Flask","Phantasmal Killer","Prepared","Necronomicurse","Writhe","Deflect","Envenom"],"relics":["Ring of the Snake","Juzu Bracelet","Bag of Marbles","White Beast Statue","Whetstone","Snake Skull","Tiny Chest","Question Card","SlaversCollar","Necronomicon","Potion Belt","Mercury Hourglass","Ice Cream","Frozen Egg 2"],"acts_visited":["Exordium","TheCity"],"potions_floor_usage":[6,13,16,21,25,28,29,29],"damage_taken":[{"damage":5,"enemies":"2 Louse","floor":1,"turns":3},{"damage":3,"enemies":"Small Slimes","floor":2,"turns":4},{"damage":17,"enemies":"Lagavulin","floor":6,"turns":5},{"damage":0,"enemies":"Cultist","floor":7,"turns":2},{"damage":0,"enemies":"Large Slime","floor":8,"turns":3},{"damage":10,"enemies":"3 Sentries","floor":13,"turns":3},{"damage":55,"enemies":"Slime Boss","floor":16,"turns":9},{"damage":12,"enemies":"3 Byrds","floor":18,"turns":2},{"damage":15,"enemies":"2 Thieves","floor":21,"turns":5},{"damage":22,"enemies":"Slavers","floor":25,"turns":5},{"damage":26,"enemies":"Snake Plant","floor":28,"turns":4},{"damage":8,"enemies":"Book of Stabbing","floor":29,"turns":2}],"seed_played":"4356445626259783825","potions_obtained":[{"floor":1,"key":"LiquidMemories"},{"floor":7,"key":"Strength Potion"},{"floor":8,"key":"GhostInAJar"},{"floor":13,"key":"SneckoOil"},{"floor":16,"key":"Strength Potion"},{"floor":18,"key":"Ancient Potion"},{"floor":21,"key":"GhostInAJar"},{"floor":25,"key":"Strength Potion"},{"floor":28,"key":"Dexterity Potion"}],"is_trial":false,"path_per_floor":["M","M","?","?","$","E","M","M","T","?","?","R","E","?","R","B",null,"M","?","?","M","T","R","?","E","T","R","M","E"],"character_chosen":"THE_SILENT","items_purchased":["Bag of Marbles","Poisoned Stab"],"campfire_rested":4,"item_purchase_floors":[5,5],"current_hp_per_floor":[58,55,55,55,55,38,38,38,38,24,24,45,35,35,56,1,53,41,25,25,10,10,31,31,9,9,30,4,0,0],"gold":113,"neow_bonus":"THREE_RARE_CARDS","is_daily":false,"chose_seed":false,"campfire_upgraded":0,"win_rate":0.0,"timestamp":1610166381,"path_taken":["M","M","?","?","$","E","M","M","T","?","?","R","E","?","R","BOSS","M","?","?","M","?","R","?","E","T","R","M","E"],"items_purchased_type":["Relic","Card"],"build_version":"2020-12-22","purchased_purges":1,"victory":false,"max_hp_per_floor":[70,70,70,70,70,70,70,70,70,70,70,70,70,70,70,70,70,70,70,70,70,70,70,70,70,70,70,70,70,70],"card_choices":[{"not_picked":["Wraith Form v2","Venomology"],"picked":"Corpse Explosion","floor":0},{"not_picked":["Skewer","Infinite Blades"],"picked":"Slice","floor":1},{"not_picked":["Dagger Spray","Sucker Punch"],"picked":"Backstab","floor":2},{"not_picked":["Finisher","Backflip"],"picked":"Dagger Throw","floor":6},{"not_picked":["Heel Hook","Riddle With Holes","Dagger Throw"],"picked":"SKIP","floor":7},{"not_picked":["Well Laid Plans","Blur"],"picked":"Bouncing Flask","floor":8},{"not_picked":["Dagger Throw","Skewer","Tactician"],"picked":"SKIP","floor":13},{"not_picked":["After Image","Burst","Night Terror"],"picked":"Phantasmal Killer","floor":16},{"not_picked":["Dodge and Roll","Setup+1","Sucker Punch"],"picked":"Prepared","floor":18},{"not_picked":["Flying Knee","Underhanded Strike+1","Masterful Stab+1"],"picked":"Deflect","floor":21},{"not_picked":["Doppelganger","Finisher","Cloak And Dagger"],"picked":"Envenom","floor":25},{"not_picked":["Reflex","Dagger Throw","Bouncing Flask","Flying Knee+1"],"picked":"SKIP","floor":28}],"player_experience":400101,"relics_obtained":[{"floor":4,"key":"Juzu Bracelet"},{"floor":6,"key":"White Beast Statue"},{"floor":9,"key":"Whetstone"},{"floor":13,"key":"Tiny Chest"},{"floor":19,"key":"Necronomicon"},{"floor":22,"key":"Mercury Hourglass"},{"floor":25,"key":"Ice Cream"},{"floor":26,"key":"Frozen Egg 2"}],"event_choices":[{"damage_healed":0,"gold_gain":175,"player_choice":"AGREE","damage_taken":0,"max_hp_gain":0,"max_hp_loss":0,"event_name":"Liars Game","floor":3,"gold_loss":0,"cards_obtained":["Doubt"]},{"damage_healed":0,"gold_gain":0,"player_choice":"Relic","damage_taken":0,"max_hp_gain":0,"max_hp_loss":0,"event_name":"Wheel of Change","floor":4,"gold_loss":0},{"damage_healed":0,"gold_gain":0,"player_choice":"Entered Light","damage_taken":14,"max_hp_gain":0,"max_hp_loss":0,"event_name":"Shining Light","floor":10,"gold_loss":0,"cards_upgraded":["Dagger Throw","Slice"]},{"damage_healed":0,"gold_gain":0,"player_choice":"Box","damage_taken":0,"relics_obtained":["Snake Skull"],"max_hp_gain":0,"max_hp_loss":0,"event_name":"Big Fish","floor":11,"gold_loss":0,"cards_obtained":["Regret"]},{"damage_healed":0,"gold_gain":0,"player_choice":"Paid Gold","damage_taken":0,"relics_obtained":["Question Card"],"max_hp_gain":0,"max_hp_loss":0,"event_name":"WeMeetAgain","floor":14,"gold_loss":64},{"damage_healed":0,"gold_gain":0,"player_choice":"Obtained Book","damage_taken":16,"max_hp_gain":0,"max_hp_loss":0,"event_name":"Cursed Tome","floor":19,"gold_loss":0},{"damage_healed":0,"gold_gain":0,"player_choice":"Opened","damage_taken":0,"relics_obtained":["Potion Belt"],"max_hp_gain":0,"max_hp_loss":0,"event_name":"The Mausoleum","floor":20,"gold_loss":0,"cards_obtained":["Writhe"]},{"cards_removed":["Regret"],"damage_healed":0,"gold_gain":0,"player_choice":"Gave Gold","damage_taken":0,"max_hp_gain":0,"max_hp_loss":0,"event_name":"Beggar","floor":24,"gold_loss":75}],"is_beta":false,"boss_relics":[{"not_picked":["Coffee Dripper","Astrolabe"],"picked":"SlaversCollar"}],"items_purged_floors":[5],"is_endless":false,"potions_floor_spawned":[1,7,8,13,16,18,21,25,28],"killed_by":"Book of Stabbing","ascension_level":8}}