{"host":"wlby5h16dhl6c8vf","time":1610227270,"event":{"mods":["AchievementEnabler","Act Like it!","Astrologer","BaseMod","Bestiary","BetterRewards","Card Forge","Chen","Custom Start","DeckTracker","Downfall","Duelist Mod","Evolution","Friendly Minions","Hermit","Hubris","Koishi","Marisa????????","Minty Spire (QoL Compilation)","Prisma Mod","Quick Restart","Relic Stats","Remilia??????","Replay The Spire","Robot Space Explorer","SOS???????","Shop Mod","StSLib","SuperFastMode","The Administrix","The Animator","The Construct","The Exalted","The IronCluck","The Marked","The Necromancer","The Problem Sleuth","The Servant 0.9.4","The Wild Card"],"gold_per_floor":[239,252,277,277,297,331,331,331,331],"floor_reached":8,"playtime":414,"items_purged":[],"score":64,"play_id":"0c818bf2-44a7-47a0-977b-a3b0e8a4905e","local_time":"20210109222110","is_ascension_mode":true,"campfire_choices":[],"circlet_count":0,"master_deck":["theDuelist:CastleWalls+1","theDuelist:CastleWalls+1","theDuelist:MangaRyuRan+1","theDuelist:Sparks+1","theDuelist:Sparks+1","theDuelist:Sparks+1","theDuelist:ToonAncientGear+1","theDuelist:ToonMermaid+1","theDuelist:ToonSummonedSkull+1","theDuelist:ToonKingdom+1","theDuelist:ToonMermaid+1","theDuelist:Mudora+1","theDuelist:ToonMermaid+1"],"relics":["theDuelist:MillenniumPuzzle","theDuelist:CardPoolRelic","theDuelist:CardPoolBasicRelic","theDuelist:BoosterPackPoolRelic","theDuelist:CardPoolAddRelic","theDuelist:CardPoolMinusRelic","theDuelist:CardPoolSaveRelic","theDuelist:CardPoolOptionsRelic","Hammer of Thor","Seething Fire","Anvil of the Gods","EVO:Axolotl","Juzu Bracelet","Golden Idol","Onion Ring","White Beast Statue"],"acts_visited":["Exordium"],"potions_floor_usage":[8],"damage_taken":[{"damage":10,"enemies":"Cultist","floor":1,"turns":3},{"damage":0,"enemies":"Jaw Worm","floor":2,"turns":2},{"damage":2,"enemies":"2 Louse","floor":5,"turns":2},{"damage":28,"enemies":"Lagavulin","floor":6,"turns":7},{"damage":22,"enemies":"Replay:BlueRogue","floor":8,"turns":4}],"seed_played":"3730467744859029806","potions_obtained":[{"floor":2,"key":"theDuelist:FireBottle"}],"is_trial":false,"path_per_floor":["M","M","T","?","M","E","?","E"],"character_chosen":"THE_DUELIST","items_purchased":[],"campfire_rested":0,"item_purchase_floors":[],"current_hp_per_floor":[70,70,70,70,68,40,22,0,0],"gold":331,"neow_bonus":"HUNDRED_GOLD","is_daily":false,"chose_seed":false,"campfire_upgraded":0,"win_rate":0.0,"timestamp":1610227270,"path_taken":["M","M","?","?","M","E","?","E"],"items_purchased_type":[],"build_version":"2020-12-22","purchased_purges":0,"victory":false,"max_hp_per_floor":[80,80,80,80,80,80,80,80,80],"relic_stats":{"counters":[5,18],"Golden Idol":11,"Juzu Bracelet":0,"obtain_stats":[{"Golden Idol":4,"Hammer of Thor":0,"Juzu Bracelet":3,"EVO:Axolotl":0,"theDuelist:MillenniumPuzzle":0,"theDuelist:CardPoolSaveRelic":0,"Seething Fire":0,"White Beast Statue":7,"theDuelist:BoosterPackPoolRelic":0,"theDuelist:CardPoolMinusRelic":0,"Anvil of the Gods":0,"theDuelist:CardPoolBasicRelic":0,"Onion Ring":6,"theDuelist:CardPoolAddRelic":0,"theDuelist:CardPoolOptionsRelic":0,"theDuelist:CardPoolRelic":0},{"Golden Idol":2,"Hammer of Thor":0,"Juzu Bracelet":2,"EVO:Axolotl":0,"theDuelist:MillenniumPuzzle":0,"theDuelist:CardPoolSaveRelic":0,"Seething Fire":0,"White Beast Statue":4,"theDuelist:BoosterPackPoolRelic":0,"theDuelist:CardPoolMinusRelic":0,"Anvil of the Gods":0,"theDuelist:CardPoolBasicRelic":0,"Onion Ring":4,"theDuelist:CardPoolAddRelic":0,"theDuelist:CardPoolOptionsRelic":0,"theDuelist:CardPoolRelic":0},{"Golden Idol":5,"Hammer of Thor":0,"Juzu Bracelet":5,"EVO:Axolotl":0,"theDuelist:MillenniumPuzzle":0,"theDuelist:CardPoolSaveRelic":0,"Seething Fire":0,"White Beast Statue":14,"theDuelist:BoosterPackPoolRelic":0,"theDuelist:CardPoolMinusRelic":0,"Anvil of the Gods":0,"theDuelist:CardPoolBasicRelic":0,"Onion Ring":14,"theDuelist:CardPoolAddRelic":0,"theDuelist:CardPoolOptionsRelic":0,"theDuelist:CardPoolRelic":0}]},"card_choices":[{"not_picked":["theDuelist:TrapHole","theDuelist:ToonBriefcase","theDuelist:ToonWorld"],"picked":"theDuelist:ToonKingdom","floor":1},{"not_picked":["theDuelist:SpellShatteringArrow","theDuelist:MangaRyuRan","theDuelist:RedEyesToon","theDuelist:AncientGearFist"],"picked":"theDuelist:ToonMermaid","floor":2},{"not_picked":["theDuelist:HarpieFeather","theDuelist:Jinzo","theDuelist:FuryFire","theDuelist:PurplePainOni"],"picked":"theDuelist:Mudora","floor":5},{"not_picked":["theDuelist:SpellShatteringArrow","theDuelist:MangaRyuRan","theDuelist:RedEyesToon","theDuelist:ComicHand"],"picked":"theDuelist:ToonMermaid","floor":6}],"player_experience":263505,"relics_obtained":[{"floor":3,"key":"Juzu Bracelet"},{"floor":6,"key":"Onion Ring"}],"event_choices":[{"damage_healed":0,"gold_gain":0,"player_choice":"Take Wound","damage_taken":0,"relics_obtained":["Golden Idol"],"max_hp_gain":0,"max_hp_loss":0,"event_name":"Golden Idol","floor":4,"gold_loss":0,"cards_obtained":["Injury"]},{"damage_healed":0,"gold_gain":0,"player_choice":"Success","damage_taken":18,"relics_obtained":["White Beast Statue"],"max_hp_gain":0,"max_hp_loss":0,"event_name":"Scrap Ooze","floor":7,"gold_loss":0}],"is_beta":false,"boss_relics":[],"items_purged_floors":[],"is_endless":false,"potions_floor_spawned":[2],"killed_by":"Replay:BlueRogue","ascension_level":3}}