{"host":"yptvp0rjza9g9li7","time":1610213936,"event":{"mods":["AchievementEnabler","BaseMod","Colored Map","Colored Powertips","DeckTracker","Minty Spire (QoL Compilation)","SuperFastMode"],"gold_per_floor":[109,109,120,70,70,70,102,119,196,211,230,230,27,45,45,145,145,161,214,21,35,35,35,65,65,65,75,175,175,185,83,83,178,178,193,208,50,65,80,80,0,0,71,91,91,125,125,125,125,125,125],"floor_reached":50,"playtime":1979,"items_purged":["Defend_R"],"score":490,"play_id":"a73a9203-1eae-4c4f-8f28-498b78be8c4d","local_time":"20210110023856","is_ascension_mode":false,"campfire_choices":[{"data":"Feel No Pain","floor":6.0,"key":"SMITH"},{"data":"Body Slam","floor":12.0,"key":"SMITH"},{"data":"Shrug It Off","floor":15.0,"key":"SMITH"},{"data":"Searing Blow","floor":23.0,"key":"SMITH"},{"data":"Searing Blow+1","floor":25.0,"key":"SMITH"},{"data":"Searing Blow+2","floor":29.0,"key":"SMITH"},{"data":"Searing Blow+3","floor":32.0,"key":"SMITH"},{"data":"Searing Blow+4","floor":40.0,"key":"SMITH"},{"floor":42.0,"key":"RECALL"},{"floor":49.0,"key":"REST"}],"circlet_count":0,"master_deck":["Strike_R","Strike_R","Defend_R","Defend_R","Bash","Feel No Pain+1","Pommel Strike","Body Slam+1","Ghostly Armor","Headbutt","Combust","True Grit","Rage","Body Slam+1","Shrug It Off+1","Exhume","Havoc","Searing Blow+5","Shrug It Off","Inflame+1","Entrench","Metallicize","Iron Wave","Juggernaut","Entrench+1","Flame Barrier","Power Through","Flash of Steel","Body Slam+1"],"relics":["Burning Blood","Dream Catcher","Bottled Flame","Lantern","SlaversCollar","Akabeko","ClockworkSouvenir","Ancient Tea Set","Mercury Hourglass","Incense Burner","InkBottle","Philosopher\u0027s Stone","Red Mask","Omamori"],"acts_visited":["Exordium","TheCity","TheBeyond","TheBeyond"],"potions_floor_usage":[50],"damage_taken":[{"damage":1.0,"enemies":"Small Slimes","floor":1.0,"turns":3.0},{"damage":0.0,"enemies":"2 Louse","floor":3.0,"turns":3.0},{"damage":4.0,"enemies":"3 Sentries","floor":7.0,"turns":11.0},{"damage":1.0,"enemies":"Cultist","floor":8.0,"turns":3.0},{"damage":13.0,"enemies":"Red Slaver","floor":10.0,"turns":3.0},{"damage":3.0,"enemies":"Exordium Thugs","floor":11.0,"turns":4.0},{"damage":5.0,"enemies":"Large Slime","floor":14.0,"turns":4.0},{"damage":35.0,"enemies":"The Guardian","floor":16.0,"turns":11.0},{"damage":35.0,"enemies":"2 Thieves","floor":18.0,"turns":4.0},{"damage":2.0,"enemies":"Chosen","floor":21.0,"turns":5.0},{"damage":9.0,"enemies":"Slavers","floor":24.0,"turns":5.0},{"damage":3.0,"enemies":"Snecko","floor":27.0,"turns":3.0},{"damage":6.0,"enemies":"Colosseum Slavers","floor":28.0,"turns":4.0},{"damage":21.0,"enemies":"Colosseum Nobs","floor":28.0,"turns":4.0},{"damage":0.0,"enemies":"Shelled Parasite and Fungi","floor":30.0,"turns":4.0},{"damage":27.0,"enemies":"Collector","floor":33.0,"turns":7.0},{"damage":8.0,"enemies":"3 Darklings","floor":35.0,"turns":5.0},{"damage":12.0,"enemies":"Orb Walker","floor":36.0,"turns":2.0},{"damage":11.0,"enemies":"4 Shapes","floor":38.0,"turns":5.0},{"damage":11.0,"enemies":"Sphere and 2 Shapes","floor":39.0,"turns":5.0},{"damage":32.0,"enemies":"Writhing Mass","floor":44.0,"turns":4.0},{"damage":24.0,"enemies":"Reptomancer","floor":46.0,"turns":6.0},{"damage":66,"enemies":"Awakened One","floor":50,"turns":6}],"seed_played":"-8659339146004595019","potions_obtained":[{"floor":3.0,"key":"Ancient Potion"},{"floor":8.0,"key":"DistilledChaos"},{"floor":11.0,"key":"Fire Potion"},{"floor":14.0,"key":"ColorlessPotion"},{"floor":18.0,"key":"Block Potion"},{"floor":27.0,"key":"AttackPotion"},{"floor":28.0,"key":"BloodPotion"},{"floor":38.0,"key":"DuplicationPotion"},{"floor":39.0,"key":"BloodPotion"},{"floor":48.0,"key":"BlessingOfTheForge"},{"floor":48.0,"key":"Energy Potion"}],"is_trial":false,"path_per_floor":["M","?","M","?","?","R","E","M","T","M","M","R","$","M","R","B",null,"M","T","$","M","$","R","E","R","T","M","?","R","M","$","R","B",null,"M","M","$","M","M","R","?","R","T","M","$","E","?","?","R","B"],"character_chosen":"IRONCLAD","items_purchased":["Shrug It Off","Lantern","ClockworkSouvenir","Searing Blow","Iron Wave","Power Through","Flash of Steel"],"campfire_rested":1,"item_purchase_floors":[13,13,20,20,31,37,37],"current_hp_per_floor":[61,61,67,67,67,67,69,74,74,67,70,70,70,71,71,42,80,51,51,51,55,55,55,52,52,52,55,40,40,62,62,62,41,80,78,72,72,67,62,62,62,62,62,36,36,34,34,34,58,0,0],"gold":125,"neow_bonus":"TRANSFORM_TWO_CARDS","is_daily":false,"chose_seed":false,"campfire_upgraded":8,"win_rate":0.0,"timestamp":1610213936,"path_taken":["M","?","M","?","?","R","E","M","T","?","M","R","$","M","R","BOSS","M","?","$","M","?","R","E","R","T","M","?","R","M","$","R","BOSS","M","M","$","M","M","R","?","R","T","M","$","E","?","?","R","BOSS"],"items_purchased_type":["Card","Relic","Relic","Card","Card","Card","Card"],"build_version":"2020-12-22","purchased_purges":1,"victory":false,"max_hp_per_floor":[80,80,80,80,80,80,80,80,80,80,80,80,80,80,80,80,80,80,80,80,80,80,80,80,80,80,80,80,80,80,80,80,80,80,80,80,80,80,80,80,80,80,80,80,80,80,80,80,80,80,80],"card_choices":[{"not_picked":["Anger","Warcry"],"picked":"Body Slam","floor":1.0},{"not_picked":["Warcry","Uppercut"],"picked":"Headbutt","floor":3.0},{"not_picked":["Blood for Blood","Fiend Fire"],"picked":"Combust","floor":7.0},{"not_picked":["Searing Blow","Entrench"],"picked":"True Grit","floor":8.0},{"not_picked":["Blood for Blood","True Grit"],"picked":"Rage","floor":10.0},{"not_picked":["Perfected Strike","Cleave"],"picked":"Body Slam","floor":11.0},{"not_picked":["Flex","Clash","Dropkick"],"picked":"SKIP","floor":14.0},{"not_picked":["Feed","Reaper"],"picked":"Exhume","floor":16.0},{"not_picked":["Armaments","Wild Strike"],"picked":"Havoc","floor":18.0},{"not_picked":["Twin Strike","Rupture"],"picked":"Shrug It Off","floor":21.0},{"not_picked":["Body Slam","Wild Strike","Pommel Strike"],"picked":"SKIP","floor":24.0},{"not_picked":["Sword Boomerang+1","Flex"],"picked":"Inflame+1","floor":27.0},{"not_picked":["Cleave","Rampage"],"picked":"Entrench","floor":28.0},{"not_picked":["Evolve","Pommel Strike"],"picked":"Metallicize","floor":30.0},{"not_picked":["Exhume","Feed"],"picked":"Juggernaut","floor":33.0},{"not_picked":["Wild Strike+1","Ghostly Armor+1"],"picked":"Entrench+1","floor":35.0},{"not_picked":["Flex+1","Bloodletting"],"picked":"Flame Barrier","floor":36.0},{"not_picked":["Pommel Strike+1","Perfected Strike+1","Wild Strike"],"picked":"SKIP","floor":38.0},{"not_picked":["Pommel Strike","Iron Wave","Shrug It Off"],"picked":"SKIP","floor":39.0},{"not_picked":["Feed","Hemokinesis","Sword Boomerang+1"],"picked":"SKIP","floor":44.0},{"not_picked":["Sever Soul","Feed","Sword Boomerang"],"picked":"SKIP","floor":46.0},{"not_picked":["Twin Strike","Perfected Strike"],"picked":"Body Slam+1","floor":49.0}],"player_experience":177049,"relics_obtained":[{"floor":7.0,"key":"Dream Catcher"},{"floor":9.0,"key":"Bottled Flame"},{"floor":19.0,"key":"Akabeko"},{"floor":24.0,"key":"Ancient Tea Set"},{"floor":26.0,"key":"Mercury Hourglass"},{"floor":28.0,"key":"Incense Burner"},{"floor":28.0,"key":"InkBottle"},{"floor":46.0,"key":"Omamori"}],"event_choices":[{"damage_healed":0.0,"max_hp_gain":0.0,"max_hp_loss":0.0,"gold_gain":0.0,"cards_transformed":["Strike_R"],"event_name":"Living Wall","player_choice":"Change","floor":2.0,"gold_loss":0.0,"damage_taken":0.0,"cards_obtained":["Ghostly Armor"]},{"cards_removed":["Strike_R"],"damage_healed":0.0,"max_hp_gain":0.0,"max_hp_loss":0.0,"gold_gain":0.0,"event_name":"The Cleric","player_choice":"Card Removal","floor":4.0,"gold_loss":50.0,"damage_taken":0.0},{"damage_healed":0.0,"max_hp_gain":0.0,"max_hp_loss":0.0,"gold_gain":0.0,"event_name":"Accursed Blacksmith","player_choice":"Forge","floor":5.0,"gold_loss":0.0,"damage_taken":0.0,"cards_upgraded":["Body Slam"]},{"damage_healed":0.0,"max_hp_gain":0.0,"max_hp_loss":0.0,"gold_gain":0.0,"event_name":"Colosseum","player_choice":"Fight","floor":28.0,"gold_loss":0.0,"damage_taken":0.0},{"damage_healed":0.0,"max_hp_gain":0.0,"max_hp_loss":0.0,"gold_gain":0.0,"event_name":"Colosseum","player_choice":"Fought Nobs","floor":28.0,"gold_loss":0.0,"damage_taken":0.0},{"damage_healed":0.0,"max_hp_gain":0.0,"max_hp_loss":0.0,"gold_gain":0.0,"event_name":"Tomb of Lord Red Mask","player_choice":"Paid","floor":41.0,"gold_loss":80.0,"damage_taken":0.0,"relics_obtained":["Red Mask"]},{"damage_healed":0.0,"max_hp_gain":0.0,"max_hp_loss":0.0,"gold_gain":0.0,"event_name":"Mysterious Sphere","player_choice":"Ignored","floor":47.0,"gold_loss":0.0,"damage_taken":0.0},{"damage_healed":0.0,"max_hp_gain":0.0,"max_hp_loss":0.0,"gold_gain":0.0,"event_name":"Lab","player_choice":"Got Potions","floor":48.0,"gold_loss":0.0,"damage_taken":0.0}],"is_beta":false,"boss_relics":[{"not_picked":["Runic Pyramid","Sozu"],"picked":"SlaversCollar"},{"not_picked":["Snecko Eye","Fusion Hammer"],"picked":"Philosopher\u0027s Stone"}],"items_purged_floors":[31],"is_endless":false,"potions_floor_spawned":[3,8,11,14,18,27,28,38,39],"killed_by":"Awakened One","ascension_level":0}}