{"host":"n900smz9wr3yo27a","time":1610205235,"event":{"mods":["Arknights The Spire","BaseMod","CapriCore","GungeonMod","Hermit","Koishi","Lobotomy","Marisa£¨Ùöéë¡¡Øª×âÞÞ£©","Minty Spire (QoL Compilation)","Prisma Mod","Replay The Spire","StSLib","Td1madao Mod","The Animator","The Bug Knight","The Cursed","The Dragon Tamer","The Gatherer","The Hierophant","The Immortal","The Jungle","The Necromancer","The Poker Player","The Runesmith","WarShipGirlsR/??á´Ò³R mod"],"gold_per_floor":[110,60,60,60,5,5,32,63,63,63,63,80,98,98,98,197,197,212,37,47,47,67,102,102,122,122,135,166,166,166,44,44,146,146,159,209,109,109,122,122,148,182,182,196,215,215,227,36,36,36],"floor_reached":51,"playtime":3385,"items_purged":["rmod:circuitoustactics","rmod:salvage+1","rmod:combined","rmod:stealaluminum+1"],"score":876,"play_id":"a70033d5-79e4-4729-8b75-c7b3b83e1f0b","local_time":"20210110001355","daily_mods":["Draft","Vintage","Heirloom","Flight","DeadlyEvents","Elite Swarm"],"is_ascension_mode":false,"campfire_choices":[{"data":"rmod:goodfighter","floor":6,"key":"SMITH"},{"data":"rmod:steelsupply","floor":10,"key":"SMITH"},{"data":"rmod:victimresponsibility","floor":11,"key":"SMITH"},{"data":"rmod:lonelyqueen","floor":15,"key":"SMITH"},{"data":"rmod:maintain","floor":24,"key":"SMITH"},{"floor":29,"key":"RECALL"},{"data":"rmod:royalracing","floor":30,"key":"SMITH"},{"floor":32,"key":"DIG"},{"data":"rmod:intelligenceanalysis","floor":40,"key":"SMITH"},{"data":"rmod:tearstotiara","floor":46,"key":"SMITH"}],"circlet_count":0,"master_deck":["rmod:lonelyqueen+1","rmod:firesupport","rmod:diamondstrike+1","rmod:maintain+1","rmod:tearstotiara+1","rmod:royalracing+1","rmod:lonelyqueen+1","rmod:goodfighter+1","rmod:intelligenceanalysis+1","rmod:unsinkable+1","rmod:victimresponsibility+1","rmod:salvage+1","rmod:fletcherpendant+1","rmod:highspeedmaneuver+1","rmod:fletcherpendant+1","rmod:expeditionaryescort+1","rmod:steelsupply+1","rmod:fletcherpendant+1","rmod:fletcherpendant+1","rmod:highspeedmaneuver+1","rmod:fletcherpendant+1","rmod:maintain+1","rmod:fletcherpendant+1","rmod:fletcher+1","rmod:fletcherpendant+1","rmod:fletcherpendant","rmod:fletcherpendant+1","rmod:ridicule+1","rmod:abidefaith+1","rmod:fletcher+1","rmod:fletcherpendant","rmod:fletcher+1","rmod:fletcherpendant","rmod:fletcherpendant+1"],"relics":["rmod:firstchargereward","replay:Trail_Library","Replay:Towering Pillar of Hats","Golden Egg","HollowMod:StagPassRelic","Centennial Puzzle","The Courier","Replay:Accelerometer","DemoMod:GundromedaStrain","Painkiller Herb","Replay:Wax Seal","Orrery","Question Card","Dream Catcher","DemoMod:WhiteGuonStone","Bird Faced Urn","Letter Opener","rmod:quickrepair","DemoMod:ChaffGrenade","Sozu","Mirror","Runesmith:Locket","Strawberry","ReplayTheSpireMod:Lightbulb","DemoMod:MemoryAlloy","InkBottle","Nunchaku","Eternal Feather","Replay:Ringing Soul","Membership Card"],"acts_visited":["Exordium","TheCity","TheBeyond"],"potions_floor_usage":[25,51,51],"damage_taken":[{"damage":11,"enemies":"Jaw Worm","floor":1,"turns":2},{"damage":2,"enemies":"Lagavulin","floor":7,"turns":3},{"damage":0,"enemies":"Gremlin Nob","floor":8,"turns":2},{"damage":2,"enemies":"Small Slimes","floor":12,"turns":2},{"damage":2,"enemies":"2 Louse","floor":13,"turns":2},{"damage":15,"enemies":"The Guardian","floor":16,"turns":7},{"damage":0,"enemies":"Spheric Guardian","floor":18,"turns":2},{"damage":0,"enemies":"Shell Parasite","floor":20,"turns":2},{"damage":0,"enemies":"3 Cultists","floor":22,"turns":3},{"damage":11,"enemies":"Book of Stabbing","floor":23,"turns":4},{"damage":0,"enemies":"Centurion and Healer","floor":25,"turns":2},{"damage":0,"enemies":"Sentry and Sphere","floor":27,"turns":2},{"damage":9,"enemies":"Gremlin Leader","floor":28,"turns":2},{"damage":4,"enemies":"Collector","floor":33,"turns":5},{"damage":0,"enemies":"Orb Walker","floor":35,"turns":1},{"damage":0,"enemies":"Mind Bloom Boss Battle","floor":36,"turns":1},{"damage":0,"enemies":"3 Shapes","floor":39,"turns":1},{"damage":0,"enemies":"Reptomancer","floor":41,"turns":3},{"damage":0,"enemies":"Nemesis","floor":42,"turns":3},{"damage":0,"enemies":"Maw","floor":44,"turns":3},{"damage":0,"enemies":"Writhing Mass","floor":45,"turns":2},{"damage":14,"enemies":"4 Shapes","floor":47,"turns":1},{"damage":21,"enemies":"Donu and Deca","floor":50,"turns":3},{"damage":0,"enemies":"Malkuth","floor":51,"turns":4},{"damage":0,"enemies":"Netzach","floor":51,"turns":5},{"damage":15,"enemies":"Chesed","floor":51,"turns":5},{"damage":30,"enemies":"Binah","floor":51,"turns":17}],"seed_played":"855682888319956174","potions_obtained":[{"floor":1,"key":"Weak Potion"},{"floor":13,"key":"Explosive Potion"},{"floor":14,"key":"DuplicationPotion"},{"floor":14,"key":"Languid Potion"}],"is_trial":true,"path_per_floor":["M","?","?","?","$","R","E","E","T","R","R","M","M","?","R","B",null,"?","T","?","T","?","E","T","?","T","?","E","T","T","T","T","B",null,"?","?","T","?","?","T","E","E","T","?","?","T","?","T","T","B",null],"character_chosen":"PRAEFECT","items_purchased":["rmod:salvage","Orrery","rmod:fletcherpendant","Membership Card"],"campfire_rested":0,"item_purchase_floors":[5,19,31,48],"current_hp_per_floor":[64,64,64,49,49,49,47,47,47,47,47,45,43,43,43,28,75,75,75,75,75,75,64,64,64,64,66,59,59,59,59,59,57,75,75,75,75,75,82,82,82,82,82,82,82,82,68,68,82,61],"gold":36,"neow_bonus":"","is_daily":false,"chose_seed":false,"campfire_upgraded":8,"win_rate":0.0,"timestamp":1610205235,"path_taken":["M","?","?","?","?","R","?","E","T","R","R","M","?","?","R","BOSS","?","T","?","T","?","E","T","?","T","?","E","T","T","T","T","BOSS","?","?","T","?","?","T","E","E","T","?","?","T","?","T","T","BOSS"],"items_purchased_type":["Card","Relic","Card","Relic"],"build_version":"2020-12-22","purchased_purges":4,"victory":true,"max_hp_per_floor":[75,75,75,75,75,75,75,75,75,75,75,75,75,75,75,75,75,75,75,75,75,75,75,75,75,75,75,75,75,75,75,75,75,75,75,75,75,75,82,82,82,82,82,82,82,82,82,82,82,82],"card_choices":[{"not_picked":["rmod:circuitoustactics","rmod:aviationdawn"],"picked":"rmod:lonelyqueen","floor":0},{"not_picked":["rmod:supportescort","rmod:overbreakdown"],"picked":"rmod:firesupport","floor":0},{"not_picked":["rmod:luckystar","rmod:steelsupply"],"picked":"rmod:diamondstrike","floor":0},{"not_picked":["rmod:firesupport","rmod:slowdown"],"picked":"rmod:maintain","floor":0},{"not_picked":["rmod:aviationdawn","rmod:overbreakdown"],"picked":"rmod:tearstotiara","floor":0},{"not_picked":["rmod:steelsupply","rmod:wife"],"picked":"rmod:royalracing","floor":0},{"not_picked":["rmod:aviationdawn","rmod:circuitoustactics"],"picked":"rmod:fuelsupply","floor":0},{"not_picked":["rmod:combined","rmod:unsinkable"],"picked":"rmod:lonelyqueen","floor":0},{"not_picked":["rmod:aluminumsupply","rmod:ammunitionsupply"],"picked":"rmod:circuitoustactics","floor":0},{"not_picked":["rmod:supportescort","rmod:punchline"],"picked":"rmod:combined","floor":0},{"not_picked":["rmod:circuitoustactics","rmod:ammunitionsupply"],"picked":"rmod:luckystar","floor":0},{"not_picked":["rmod:spoils","rmod:luckystar"],"picked":"rmod:goodfighter","floor":0},{"not_picked":["rmod:unsinkable","rmod:slowdown"],"picked":"rmod:intelligenceanalysis","floor":0},{"not_picked":["rmod:rockthrower","rmod:advancebysurprise"],"picked":"rmod:unsinkable","floor":0},{"not_picked":["rmod:guardianhero","rmod:steelsupply"],"picked":"rmod:victimresponsibility","floor":0},{"not_picked":["rmod:auspiciousomen","rmod:secretscript"],"picked":"rmod:highspeedmaneuver","floor":7},{"not_picked":["rmod:lastglory","rmod:u235"],"picked":"rmod:expeditionaryescort","floor":8},{"not_picked":["rmod:u235","rmod:auspiciousomen"],"picked":"rmod:highspeedmaneuver","floor":16},{"not_picked":["rmod:fuelsupply+1","rmod:wolves"],"picked":"rmod:fletcherpendant+1","floor":19},{"not_picked":["rmod:tearstotiara+1","rmod:intelligenceanalysis"],"picked":"rmod:maintain+1","floor":19},{"not_picked":["rmod:rockthrower","rmod:aviationdawn+1"],"picked":"rmod:stealaluminum","floor":19},{"not_picked":["rmod:expeditionaryescort","rmod:desperatesituation","rmod:auspiciousomen","rmod:seals"],"picked":"SKIP","floor":23},{"not_picked":["rmod:u235","rmod:lastglory","rmod:saltedfish","rmod:highspeedmaneuver"],"picked":"SKIP","floor":28},{"not_picked":["rmod:expeditionaryescort","rmod:saltedfish","rmod:lastglory"],"picked":"rmod:ridicule","floor":33},{"not_picked":["rmod:expeditionaryescort","rmod:timeschanged","rmod:auspiciousomen"],"picked":"rmod:abidefaith","floor":41},{"not_picked":["rmod:highspeedmaneuver","rmod:saltedfish","rmod:timeschanged"],"picked":"rmod:fletcher","floor":42}],"player_experience":820345,"relics_obtained":[{"floor":1,"key":"Golden Egg"},{"floor":7,"key":"HollowMod:StagPassRelic"},{"floor":8,"key":"Centennial Puzzle"},{"floor":9,"key":"The Courier"},{"floor":12,"key":"Replay:Accelerometer"},{"floor":13,"key":"DemoMod:GundromedaStrain"},{"floor":18,"key":"Replay:Wax Seal"},{"floor":20,"key":"Question Card"},{"floor":22,"key":"Dream Catcher"},{"floor":23,"key":"DemoMod:WhiteGuonStone"},{"floor":25,"key":"Bird Faced Urn"},{"floor":27,"key":"Letter Opener"},{"floor":28,"key":"rmod:quickrepair"},{"floor":32,"key":"DemoMod:ChaffGrenade"},{"floor":35,"key":"Mirror"},{"floor":36,"key":"Runesmith:Locket"},{"floor":39,"key":"Strawberry"},{"floor":41,"key":"ReplayTheSpireMod:Lightbulb"},{"floor":42,"key":"DemoMod:MemoryAlloy"},{"floor":43,"key":"InkBottle"},{"floor":44,"key":"Nunchaku"},{"floor":45,"key":"Eternal Feather"},{"floor":47,"key":"Replay:Ringing Soul"}],"event_choices":[{"cards_removed":["rmod:fuelsupply"],"damage_healed":0,"gold_gain":0,"player_choice":"Card Removal","damage_taken":0,"max_hp_gain":0,"max_hp_loss":0,"event_name":"The Cleric","floor":2,"gold_loss":50},{"damage_healed":0,"gold_gain":0,"player_choice":"Entered Light","damage_taken":15,"max_hp_gain":0,"max_hp_loss":0,"event_name":"Shining Light","floor":4,"gold_loss":0,"cards_upgraded":["rmod:lonelyqueen","rmod:diamondstrike"]},{"damage_healed":0,"gold_gain":0,"player_choice":"Got Potions","damage_taken":0,"max_hp_gain":0,"max_hp_loss":0,"event_name":"Lab","floor":14,"gold_loss":0},{"damage_healed":0,"gold_gain":0,"player_choice":"Fight","damage_taken":0,"max_hp_gain":0,"max_hp_loss":0,"event_name":"MindBloom","floor":36,"gold_loss":0},{"cards_removed":["rmod:luckystar"],"damage_healed":0,"gold_gain":0,"player_choice":"Purged","damage_taken":0,"max_hp_gain":0,"max_hp_loss":0,"event_name":"Purifier","floor":38,"gold_loss":0},{"damage_healed":0,"gold_gain":0,"player_choice":"0 cards matched","damage_taken":0,"max_hp_gain":0,"max_hp_loss":0,"event_name":"Match and Keep!","floor":49,"gold_loss":0,"cards_obtained":[]}],"is_beta":false,"boss_relics":[{"not_picked":["DemoMod:WaxWing","Coffee Dripper"],"picked":"Painkiller Herb"},{"not_picked":["Honey Jar","Runic Pyramid"],"picked":"Sozu"}],"items_purged_floors":[19,31,37,48],"is_endless":false,"potions_floor_spawned":[1,13,18,22,23,36,39,41,45],"ascension_level":0}}