{"host":"y89x8uui45kcjy42","time":1610164597,"event":{"mods":["2.2 Compatiblity","BaseMod","CapriCore","Colored Map","Colored Powertips","Custom Start","Friendly Minions","Keyboard Shortcuts","Minty Spire (QoL Compilation)","Relic Stats","Slay the Relics Exporter","StSLib","SuperFastMode","Uncapped"],"gold_per_floor":[118,136,136,136,150,150,163,163,238,271,271,282,308,323,323,395,395,395,315,240,240,240],"floor_reached":21,"playtime":717,"items_purged":["Strike_B"],"score":382,"play_id":"6573dd9a-a187-4703-b89e-5f629497e71a","local_time":"20210109125637","is_ascension_mode":true,"campfire_choices":[{"data":"Beam Cell","floor":6,"key":"SMITH"},{"floor":8,"key":"REST"},{"floor":11,"key":"RECALL"},{"floor":15,"key":"REST"}],"circlet_count":0,"master_deck":["AscendersBane","Strike_B","Strike_B","Defend_B","Defend_B","Defend_B","Defend_B","Reprogram","Reprogram","Apotheosis+1","Undo","Rebound","Beam Cell+1","Leap","Hologram","Steam","Rip and Tear","Core Surge"],"relics":["Eternal Feather","Blood Vial","Mummified Hand","Ectoplasm"],"acts_visited":["Exordium","TheCity"],"potions_floor_usage":[],"damage_taken":[{"damage":10,"enemies":"2 Louse","floor":1,"turns":4},{"damage":4,"enemies":"Jaw Worm","floor":2,"turns":4},{"damage":3,"enemies":"Cultist","floor":5,"turns":6},{"damage":20,"enemies":"Gremlin Gang","floor":7,"turns":7},{"damage":2,"enemies":"Lagavulin","floor":10,"turns":8},{"damage":20,"enemies":"Lots of Slimes","floor":12,"turns":6},{"damage":20,"enemies":"3 Sentries","floor":13,"turns":10},{"damage":2,"enemies":"Exordium Thugs","floor":14,"turns":5},{"damage":37,"enemies":"Hexaghost","floor":16,"turns":11},{"damage":19,"enemies":"Chosen","floor":18,"turns":4},{"damage":15,"enemies":"2 Thieves","floor":19,"turns":4},{"damage":23,"enemies":"Snecko","floor":21,"turns":5}],"seed_played":"3952962687615317055","potions_obtained":[{"floor":5,"key":"Ancient Potion"},{"floor":10,"key":"FocusPotion"},{"floor":14,"key":"EssenceOfSteel"},{"floor":16,"key":"SteroidPotion"}],"is_trial":false,"path_per_floor":["M","M","?","?","M","R","M","R","T","E","R","M","E","M","R","B",null,"M","M","$","M"],"character_chosen":"DEFECT","items_purchased":[],"campfire_rested":2,"item_purchase_floors":[],"current_hp_per_floor":[54,50,43,43,40,40,20,39,39,37,46,28,10,10,38,3,49,32,19,19,0,0],"gold":240,"neow_bonus":"RANDOM_COLORLESS_2","is_daily":false,"chose_seed":false,"campfire_upgraded":1,"win_rate":0.0,"timestamp":1610164597,"path_taken":["M","M","?","?","M","R","M","R","T","E","R","M","E","?","R","BOSS","M","?","$","M"],"items_purchased_type":[],"build_version":"2020-12-22","purchased_purges":1,"victory":false,"max_hp_per_floor":[64,64,64,64,64,64,64,64,64,64,64,64,64,64,64,64,64,64,64,64,64,64],"relic_stats":{"Blood Vial":14,"counters":[12,74],"Mummified Hand":[0],"Eternal Feather":18,"Ectoplasm":68,"obtain_stats":[{"Blood Vial":10,"Mummified Hand":13,"Eternal Feather":9,"Ectoplasm":17,"Cracked Core":0},{"Blood Vial":5,"Mummified Hand":7,"Eternal Feather":4,"Ectoplasm":9,"Cracked Core":0},{"Blood Vial":29,"Mummified Hand":45,"Eternal Feather":21,"Ectoplasm":61,"Cracked Core":0}]},"card_choices":[{"not_picked":["Transmutation","The Bomb"],"picked":"Apotheosis","floor":0},{"not_picked":["Cold Snap","Sunder"],"picked":"Undo","floor":1},{"not_picked":["Blizzard","Cold Snap"],"picked":"Rebound","floor":2},{"not_picked":["Stack","Conserve Battery"],"picked":"Beam Cell","floor":5},{"not_picked":["Beam Cell","Cold Snap","Blizzard"],"picked":"SKIP","floor":7},{"not_picked":["Turbo","Stack"],"picked":"Leap","floor":10},{"not_picked":["Static Discharge","BootSequence"],"picked":"Hologram","floor":12},{"not_picked":["Barrage","Cold Snap"],"picked":"Steam","floor":13},{"not_picked":["Fission","Storm"],"picked":"Rip and Tear","floor":14},{"not_picked":["Creative AI","Multi-Cast"],"picked":"Core Surge","floor":16},{"not_picked":["Coolheaded","Hologram+1","Loop"],"picked":"SKIP","floor":18},{"not_picked":["Aggregate","Streamline","Rip and Tear"],"picked":"SKIP","floor":19}],"player_experience":582807,"relics_obtained":[{"floor":9,"key":"Eternal Feather"},{"floor":10,"key":"Blood Vial"},{"floor":13,"key":"Mummified Hand"}],"event_choices":[{"cards_removed":["Strike_B"],"damage_healed":0,"gold_gain":0,"player_choice":"Card Removal","damage_taken":7,"max_hp_gain":0,"max_hp_loss":0,"event_name":"Golden Wing","floor":3,"gold_loss":0},{"damage_healed":0,"gold_gain":0,"player_choice":"Forge","damage_taken":0,"max_hp_gain":0,"max_hp_loss":0,"event_name":"Accursed Blacksmith","floor":4,"gold_loss":0,"cards_upgraded":["Apotheosis"]}],"is_beta":false,"boss_relics":[{"not_picked":["Snecko Eye","Philosopher\u0027s Stone"],"picked":"Ectoplasm"}],"items_purged_floors":[20],"is_endless":false,"potions_floor_spawned":[5,10,14,16],"killed_by":"Snecko","ascension_level":20}}