{"host":"ta9mufxydm4vkknf","time":1610200793,"event":{"mods":["AchievementEnabler","BaseMod","Minty Spire (QoL Compilation)","Quick Restart"],"gold_per_floor":[116,133,133,133,158,158,199,199,244,271,283,313,325,380,392,527,602,633,645,671,694,706,718,750,762,762],"floor_reached":25,"playtime":1100,"items_purged":[],"score":316,"play_id":"c66bada4-17e4-44e4-80e9-c9e3451127a8","local_time":"20210109145953","is_ascension_mode":true,"campfire_choices":[{"data":"Spot Weakness","floor":6,"key":"SMITH"},{"data":"Thunderclap","floor":8,"key":"SMITH"},{"floor":11,"key":"REST"},{"floor":15,"key":"REST"},{"data":"Armaments","floor":23,"key":"SMITH"}],"circlet_count":0,"master_deck":["Strike_R","Strike_R","Strike_R+1","Strike_R+1","Strike_R+1","Defend_R","Defend_R","Defend_R","Defend_R","Bash","Spot Weakness+1","Anger","Burning Pact","Thunderclap+1","Pommel Strike","Armaments+1","Fiend Fire","Shrug It Off","Shrug It Off","Whirlwind","Dark Embrace+1","Shrug It Off"],"relics":["Sozu","Red Skull","MawBank","Boot","Tiny House","Nloth\u0027s Gift","Unceasing Top"],"acts_visited":["Exordium","TheCity"],"potions_floor_usage":[],"damage_taken":[{"damage":2,"enemies":"Jaw Worm","floor":1,"turns":3},{"damage":0,"enemies":"2 Louse","floor":2,"turns":3},{"damage":1,"enemies":"Small Slimes","floor":5,"turns":3},{"damage":40,"enemies":"Gremlin Nob","floor":7,"turns":4},{"damage":7,"enemies":"Exordium Wildlife","floor":10,"turns":2},{"damage":7,"enemies":"Lots of Slimes","floor":12,"turns":3},{"damage":30,"enemies":"Lagavulin","floor":14,"turns":4},{"damage":0,"enemies":"Slime Boss","floor":16,"turns":6},{"damage":10,"enemies":"Shell Parasite","floor":18,"turns":5},{"damage":12,"enemies":"2 Thieves","floor":20,"turns":4},{"damage":12,"enemies":"Cultist and Chosen","floor":21,"turns":5},{"damage":28,"enemies":"3 Cultists","floor":24,"turns":5},{"damage":25,"enemies":"Slavers","floor":25,"turns":2}],"seed_played":"-489485361422042622","potions_obtained":[],"is_trial":false,"path_per_floor":["M","M","?","?","M","R","E","R","T","M","R","M","?","E","R","B",null,"M","?","M","M","T","R","M","E"],"character_chosen":"IRONCLAD","items_purchased":[],"campfire_rested":2,"item_purchase_floors":[],"current_hp_per_floor":[78,78,83,79,78,78,38,38,38,31,54,47,31,1,24,24,84,74,74,62,50,50,50,22,0,0],"gold":762,"neow_bonus":"BOSS_RELIC","is_daily":false,"chose_seed":false,"campfire_upgraded":3,"win_rate":0.0,"timestamp":1610200793,"path_taken":["M","M","?","?","M","R","E","R","T","M","R","M","?","E","R","BOSS","M","?","M","?","?","R","M","E"],"items_purchased_type":[],"build_version":"2020-12-22","purchased_purges":0,"victory":false,"max_hp_per_floor":[80,80,85,79,79,79,79,79,79,79,79,79,79,79,79,79,84,84,84,84,84,84,84,84,84,84],"card_choices":[{"not_picked":["Battle Trance","Havoc"],"picked":"Spot Weakness","floor":1},{"not_picked":["Wild Strike","Headbutt"],"picked":"Anger","floor":2},{"not_picked":["Rage","Sword Boomerang"],"picked":"Burning Pact","floor":5},{"not_picked":["Twin Strike","Rampage"],"picked":"Thunderclap","floor":7},{"not_picked":["Body Slam","Havoc"],"picked":"Pommel Strike","floor":10},{"not_picked":["Power Through","Brutality","Rupture"],"picked":"SKIP","floor":12},{"not_picked":["Burning Pact","Thunderclap"],"picked":"Armaments","floor":14},{"not_picked":["Impervious","Barricade"],"picked":"Fiend Fire","floor":16},{"not_picked":["Body Slam","Metallicize"],"picked":"Shrug It Off","floor":17},{"not_picked":["Flame Barrier","Fire Breathing"],"picked":"Shrug It Off","floor":18},{"not_picked":["Berserk","Iron Wave"],"picked":"Whirlwind","floor":20},{"not_picked":["Rupture","Power Through"],"picked":"Dark Embrace+1","floor":21},{"not_picked":["Heavy Blade","Havoc+1"],"picked":"Shrug It Off","floor":24}],"player_experience":248760,"relics_obtained":[{"floor":7,"key":"Red Skull"},{"floor":9,"key":"MawBank"},{"floor":14,"key":"Boot"},{"floor":22,"key":"Unceasing Top"}],"event_choices":[{"damage_healed":0,"gold_gain":0,"player_choice":"Donut","damage_taken":0,"max_hp_gain":5,"max_hp_loss":0,"event_name":"Big Fish","floor":3,"gold_loss":0},{"damage_healed":0,"gold_gain":0,"player_choice":"Lose Max HP","damage_taken":0,"relics_obtained":["Golden Idol"],"max_hp_gain":0,"max_hp_loss":6,"event_name":"Golden Idol","floor":4,"gold_loss":0},{"damage_healed":0,"gold_gain":0,"player_choice":"Entered Light","damage_taken":16,"max_hp_gain":0,"max_hp_loss":0,"event_name":"Shining Light","floor":13,"gold_loss":0,"cards_upgraded":["Strike_R","Strike_R"]},{"damage_healed":0,"gold_gain":0,"player_choice":"Traded Relic","damage_taken":0,"relics_obtained":["Nloth\u0027s Gift"],"max_hp_gain":0,"max_hp_loss":0,"event_name":"N\u0027loth","floor":19,"relics_lost":["Golden Idol"],"gold_loss":0}],"is_beta":false,"boss_relics":[{"not_picked":["Runic Dome","Velvet Choker"],"picked":"Tiny House"}],"items_purged_floors":[],"is_endless":false,"potions_floor_spawned":[1,2,5,10,18,20,21],"killed_by":"Slavers","ascension_level":4}}