{"host":"6pgtslebjnyv5xmi","time":1610210373,"event":{"mods":["AchievementEnabler","BaseMod","Colored Map","Minty Spire (QoL Compilation)","Rare Cards Sparkle","StSLib","SuperFastMode","The Hierophant","everything is the same but u backflip on backflip"],"gold_per_floor":[111,111,130,2,2,33,33,33,58,71,88,88,109,59,59,155,155,165,165,180,180,105,105,136,136,207,207,207,227,227,240,240,337,337,351,369,369,369,62,62,77,96,96,121,121,140,167,167,167,167,167],"floor_reached":50,"playtime":2551,"items_purged":["Strike_G"],"score":883,"play_id":"2879a7c7-fa4f-4954-b075-f70ad5995384","local_time":"20210110013933","is_ascension_mode":true,"campfire_choices":[{"data":"Bandage Up","floor":8,"key":"SMITH"},{"data":"Catalyst","floor":12,"key":"SMITH"},{"data":"Deadly Poison","floor":15,"key":"SMITH"},{"data":"Venomology","floor":23,"key":"SMITH"},{"data":"Footwork","floor":25,"key":"SMITH"},{"data":"Neutralize","floor":27,"key":"SMITH"},{"data":"Bouncing Flask","floor":30,"key":"SMITH"},{"data":"Bouncing Flask","floor":32,"key":"SMITH"},{"data":"Burst","floor":40,"key":"SMITH"},{"floor":45,"key":"REST"},{"floor":49,"key":"REST"}],"circlet_count":0,"master_deck":["AscendersBane","Strike_G+1","Defend_G+1","Defend_G+1","Survivor","Neutralize+1","Backflip+1","Noxious Fumes+1","Bandage Up+1","Footwork+1","Catalyst+1","Deadly Poison+1","Venomology+1","Bouncing Flask+1","Bouncing Flask+1","Burst+1","Heel Hook+1","Well Laid Plans+1","Concentrate+1","Flash of Steel"],"relics":["Ring of the Snake","NeowsBlessing","War Paint","Omamori","Odd Mushroom","Empty Cage","Potion Belt","Darkstone Periapt","Mummified Hand","Astrolabe","Bird Faced Urn","HornCleat","Bronze Scales","Meat on the Bone"],"acts_visited":["Exordium","TheCity","TheBeyond"],"potions_floor_usage":[11,13,16,18,24,24,24,24,24,29,33,33,35,35,36,41,42,42,42,42,46,46,47,50,50,50],"damage_taken":[{"damage":0,"enemies":"Small Slimes","floor":1,"turns":1},{"damage":0,"enemies":"2 Louse","floor":3,"turns":1},{"damage":0,"enemies":"Lagavulin","floor":6,"turns":1},{"damage":6,"enemies":"Jaw Worm","floor":10,"turns":5},{"damage":6,"enemies":"Exordium Thugs","floor":11,"turns":5},{"damage":9,"enemies":"The Mushroom Lair","floor":13,"turns":5},{"damage":15,"enemies":"Slime Boss","floor":16,"turns":12},{"damage":11,"enemies":"Spheric Guardian","floor":18,"turns":5},{"damage":0,"enemies":"Shell Parasite","floor":20,"turns":6},{"damage":4,"enemies":"Gremlin Leader","floor":24,"turns":8},{"damage":2,"enemies":"Snake Plant","floor":29,"turns":4},{"damage":6,"enemies":"Snecko","floor":31,"turns":6},{"damage":4,"enemies":"Automaton","floor":33,"turns":5},{"damage":34,"enemies":"3 Darklings","floor":35,"turns":6},{"damage":0,"enemies":"3 Shapes","floor":36,"turns":5},{"damage":36,"enemies":"3 Darklings","floor":41,"turns":6},{"damage":1,"enemies":"Writhing Mass","floor":42,"turns":4},{"damage":16,"enemies":"Jaw Worm Horde","floor":46,"turns":5},{"damage":53,"enemies":"Giant Head","floor":47,"turns":7},{"damage":60,"enemies":"Donu and Deca","floor":50,"turns":4}],"seed_played":"-6716954871846541860","potions_obtained":[{"floor":1,"key":"SpeedPotion"},{"floor":3,"key":"Fire Potion"},{"floor":13,"key":"ColorlessPotion"},{"floor":31,"key":"DistilledChaos"},{"floor":33,"key":"Dexterity Potion"},{"floor":41,"key":"GhostInAJar"},{"floor":42,"key":"SpeedPotion"},{"floor":47,"key":"SneckoOil"}],"is_trial":false,"path_per_floor":["M","?","M","$","?","E","?","R","T","M","M","R","?","?","R","B",null,"M","?","M","?","$","R","E","R","T","R","?","M","R","M","R","B",null,"M","M","?","?","$","R","M","M","T","T","R","M","E","?","R","B"],"character_chosen":"THE_SILENT","items_purchased":["Noxious Fumes","Bandage Up","Bird Faced Urn"],"campfire_rested":2,"item_purchase_floors":[4,4,39],"current_hp_per_floor":[63,49,49,49,70,70,70,70,70,70,70,70,61,61,61,52,66,55,55,61,48,48,48,50,50,50,50,50,54,54,54,54,56,70,41,47,47,47,47,47,23,34,34,34,55,51,10,10,31,0,0],"gold":167,"neow_bonus":"THREE_ENEMY_KILL","is_daily":false,"chose_seed":false,"campfire_upgraded":9,"win_rate":0.0,"timestamp":1610210373,"path_taken":["M","?","M","$","?","E","?","R","T","?","M","R","?","?","R","BOSS","M","?","M","?","$","R","E","R","T","R","?","M","R","M","R","BOSS","M","M","?","?","?","R","M","M","T","?","R","?","E","?","R","BOSS"],"items_purchased_type":["Card","Card","Relic"],"build_version":"2020-12-22","purchased_purges":1,"victory":false,"max_hp_per_floor":[70,70,70,70,70,70,70,70,70,70,70,70,70,70,70,70,70,70,70,70,75,75,75,75,75,75,75,75,75,75,75,75,75,75,75,75,75,71,71,71,71,71,71,71,71,71,71,71,71,71,71],"card_choices":[{"not_picked":["Setup","Dagger Throw"],"picked":"Backflip","floor":1},{"not_picked":["Deflect","Underhanded Strike","Poisoned Stab"],"picked":"SKIP","floor":3},{"not_picked":["Calculated Gamble","Underhanded Strike","Dagger Throw"],"picked":"SKIP","floor":6},{"not_picked":["Concentrate","Sucker Punch"],"picked":"Footwork","floor":10},{"not_picked":["Acrobatics","Malaise"],"picked":"Catalyst","floor":11},{"not_picked":["Deflect","Prepared"],"picked":"Deadly Poison","floor":13},{"not_picked":["Envenom","Unload"],"picked":"Venomology","floor":16},{"not_picked":["Endless Agony","Distraction","Bane"],"picked":"SKIP","floor":18},{"not_picked":["Sucker Punch","Poisoned Stab","Slice"],"picked":"SKIP","floor":20},{"not_picked":["Bane","Setup","Calculated Gamble"],"picked":"SKIP","floor":24},{"not_picked":["Cloak And Dagger","Dagger Throw"],"picked":"Bouncing Flask","floor":29},{"not_picked":["Riddle With Holes+1","Sucker Punch"],"picked":"Bouncing Flask","floor":31},{"not_picked":["Wraith Form v2","Storm of Steel"],"picked":"Burst","floor":33},{"not_picked":["Deadly Poison","Distraction+1","Flying Knee"],"picked":"SKIP","floor":35},{"not_picked":["Backflip","Heel Hook","Deflect"],"picked":"SKIP","floor":36},{"not_picked":["Blade Dance","Backstab"],"picked":"Concentrate+1","floor":41},{"not_picked":["Dagger Throw","Heel Hook","Dodge and Roll"],"picked":"SKIP","floor":42},{"not_picked":["Dagger Throw","Skewer","Poisoned Stab"],"picked":"SKIP","floor":46},{"not_picked":["Accuracy","Reflex","Deflect+1"],"picked":"SKIP","floor":47},{"not_picked":["HandOfGreed","Mind Blast"],"picked":"Flash of Steel","floor":48}],"player_experience":932630,"relics_obtained":[{"floor":6,"key":"War Paint"},{"floor":9,"key":"Omamori"},{"floor":13,"key":"Odd Mushroom"},{"floor":24,"key":"Darkstone Periapt"},{"floor":26,"key":"Mummified Hand"},{"floor":43,"key":"HornCleat"},{"floor":44,"key":"Bronze Scales"},{"floor":47,"key":"Meat on the Bone"}],"event_choices":[{"damage_healed":0,"gold_gain":0,"player_choice":"Entered Light","damage_taken":14,"max_hp_gain":0,"max_hp_loss":0,"event_name":"Shining Light","floor":2,"gold_loss":0,"cards_upgraded":["Defend_G","Strike_G"]},{"damage_healed":23,"gold_gain":0,"player_choice":"Banana","damage_taken":0,"max_hp_gain":0,"max_hp_loss":0,"event_name":"Big Fish","floor":5,"gold_loss":0},{"damage_healed":0,"gold_gain":0,"player_choice":"Grow","damage_taken":0,"max_hp_gain":0,"max_hp_loss":0,"event_name":"Living Wall","floor":7,"gold_loss":0,"cards_upgraded":["Noxious Fumes"]},{"damage_healed":0,"gold_gain":0,"player_choice":"Fought Mushrooms","damage_taken":0,"max_hp_gain":0,"max_hp_loss":0,"event_name":"Mushrooms","floor":13,"gold_loss":0},{"cards_removed":["Strike_G"],"damage_healed":0,"gold_gain":0,"player_choice":"Card Removal","damage_taken":0,"max_hp_gain":0,"max_hp_loss":0,"event_name":"The Cleric","floor":14,"gold_loss":50},{"damage_healed":0,"gold_gain":0,"player_choice":"Opened","damage_taken":0,"relics_obtained":["Potion Belt"],"max_hp_gain":0,"max_hp_loss":0,"event_name":"The Mausoleum","floor":19,"gold_loss":0},{"damage_healed":0,"gold_gain":0,"player_choice":"Shed Blood","damage_taken":18,"max_hp_gain":5,"max_hp_loss":0,"event_name":"Forgotten Altar","floor":21,"gold_loss":0},{"damage_healed":0,"gold_gain":0,"player_choice":"Ignored","damage_taken":0,"max_hp_gain":0,"max_hp_loss":0,"event_name":"Ghosts","floor":28,"gold_loss":0},{"cards_removed":["Grand Finale"],"damage_healed":0,"gold_gain":0,"player_choice":"Removed Attack","damage_taken":0,"max_hp_gain":0,"max_hp_loss":0,"event_name":"Falling","floor":37,"gold_loss":0},{"damage_healed":0,"gold_gain":0,"player_choice":"Max HP","damage_taken":0,"max_hp_gain":0,"max_hp_loss":4,"event_name":"Winding Halls","floor":38,"gold_loss":0},{"damage_healed":0,"gold_gain":0,"player_choice":"Memory 1","damage_taken":0,"max_hp_gain":0,"max_hp_loss":0,"event_name":"SensoryStone","floor":48,"gold_loss":0}],"is_beta":false,"boss_relics":[{"not_picked":["Calling Bell","SacredBark"],"picked":"Empty Cage"},{"not_picked":["Philosopher\u0027s Stone","Runic Dome"],"picked":"Astrolabe"}],"items_purged_floors":[22],"is_endless":false,"potions_floor_spawned":[1,3,13,31,33,41,42,47],"killed_by":"Donu and Deca","ascension_level":12}}