{"host":"sxuxxxc6yxgqlsd9","time":1610178618,"event":{"mods":["BaseMod","Minty Spire (QoL Compilation)","Shop Mod","StSLib"],"gold_per_floor":[110,121,133,93,103,132,148,161,239,257,257,257],"floor_reached":11,"playtime":1021,"items_purged":[],"score":104,"play_id":"441d2d46-5272-4ceb-8418-6cc84f1cc3de","local_time":"20210109155018","is_ascension_mode":false,"campfire_choices":[],"circlet_count":0,"master_deck":["Strike_B","Strike_B","Strike_B","Strike_B","Defend_B","Defend_B","Defend_B","Defend_B","Zap","Dualcast","Rainbow","Go for the Eyes","Ball Lightning","Conserve Battery","Static Discharge","Ball Lightning","Creative AI","Conserve Battery"],"relics":["Cracked Core","Mango","Eternal Feather"],"acts_visited":["Exordium"],"potions_floor_usage":[3,4,7,7,7,8],"damage_taken":[{"damage":0,"enemies":"Small Slimes","floor":1,"turns":4},{"damage":0,"enemies":"Cultist","floor":2,"turns":3},{"damage":0,"enemies":"2 Louse","floor":3,"turns":2},{"damage":5,"enemies":"Exordium Thugs","floor":5,"turns":4},{"damage":7,"enemies":"Lagavulin","floor":6,"turns":6},{"damage":13,"enemies":"Large Slime","floor":7,"turns":5},{"damage":2,"enemies":"3 Louse","floor":8,"turns":3},{"damage":53,"enemies":"Gremlin Gang","floor":10,"turns":6},{"damage":47,"enemies":"Gremlin Nob","floor":11,"turns":4}],"seed_played":"-8644130382096001361","potions_obtained":[{"floor":3,"key":"Fruit Juice"},{"floor":4,"key":"Regen Potion"},{"floor":4,"key":"Fruit Juice"},{"floor":4,"key":"EssenceOfSteel"},{"floor":6,"key":"EntropicBrew"},{"floor":8,"key":"EssenceOfSteel"}],"is_trial":false,"path_per_floor":["M","M","M","?","M","E","M","M","T","M","E"],"character_chosen":"DEFECT","items_purchased":[],"campfire_rested":0,"item_purchase_floors":[],"current_hp_per_floor":[75,75,80,85,80,87,88,86,86,33,0,0],"gold":257,"neow_bonus":"ONE_RANDOM_RARE_CARD","is_daily":false,"chose_seed":false,"campfire_upgraded":0,"win_rate":0.0,"timestamp":1610178618,"path_taken":["M","M","M","?","M","E","M","M","T","M","E"],"items_purchased_type":[],"build_version":"2020-12-22","purchased_purges":0,"victory":false,"max_hp_per_floor":[75,75,80,85,85,99,99,99,99,99,99,99],"card_choices":[{"not_picked":["Compile Driver","Redo"],"picked":"Go for the Eyes","floor":1},{"not_picked":["Steam","Beam Cell"],"picked":"Ball Lightning","floor":2},{"not_picked":["Go for the Eyes","Streamline"],"picked":"Conserve Battery","floor":3},{"not_picked":["Tempest","Barrage"],"picked":"Static Discharge","floor":5},{"not_picked":["Compile Driver","Barrage"],"picked":"Ball Lightning","floor":6},{"not_picked":["Double Energy","Redo","Compile Driver"],"picked":"SKIP","floor":7},{"not_picked":["Ball Lightning","Chill"],"picked":"Creative AI","floor":8},{"not_picked":["Heatsinks","Turbo"],"picked":"Conserve Battery","floor":10}],"player_experience":107661,"relics_obtained":[{"floor":6,"key":"Mango"},{"floor":9,"key":"Eternal Feather"}],"event_choices":[{"damage_healed":0,"gold_gain":0,"player_choice":"Bought 3 Potions","damage_taken":0,"max_hp_gain":0,"max_hp_loss":0,"event_name":"The Woman in Blue","floor":4,"gold_loss":0}],"is_beta":false,"boss_relics":[],"items_purged_floors":[],"is_endless":false,"potions_floor_spawned":[3,6,7,8],"killed_by":"Gremlin Nob","ascension_level":0}}