{"host":"cr892wvdvh6p7gzy","time":1610234890,"event":{"mods":["A Magickal Journey","BaseMod","BetterRewards","Downfall","GifTheSpireLib","Hubris","Infinite Spire","Minty Spire (QoL Compilation)","READ ME - Guardian Mod","Replay The Spire","SOS???????","StSLib","The Bug Knight","The Dragon Tamer","The Necromancer","???Mod??????Boss"],"gold_per_floor":[210,210,58,58,73,106,106,106,106,66,179,179,111,122,122,220,220,237,249,263,263,282,302,302,319,319,319,337,349,349,367,367,367,367],"floor_reached":33,"playtime":1618,"items_purged":[],"score":356,"play_id":"41f18b9c-0026-49e0-a5ba-97cad8aa8715","local_time":"20210110002810","is_ascension_mode":true,"campfire_choices":[{"data":"Bash","floor":7,"key":"SMITH"},{"data":"ReplayTheSpireMod:Limb From Limb","floor":12,"key":"SMITH"},{"data":"Whirlwind","floor":15,"key":"SMITH"},{"floor":24,"key":"REST"},{"floor":27,"key":"REST"},{"floor":30,"key":"REST"},{"data":"Bludgeon","floor":32,"key":"SMITH"}],"circlet_count":0,"master_deck":["Strike_R","Strike_R","Strike_R","Strike_R","Strike_R","Defend_R","Defend_R","Defend_R","Defend_R","Bash+1","ReplayTheSpireMod:Limb From Limb+1","Feed","Flex+1","Whirlwind+1","Bludgeon+1","Impervious","Flex"],"relics":["Burning Blood","hubris:Icosahedron","hubris:Towel","hubris:64BitClover","Quantum Egg","Philosopher\u0027s Stone","hubris:SlimyHat","Replay:Bottled Steam"],"acts_visited":["Exordium","TheCity"],"potions_floor_usage":[14,20,22,25,28,33],"damage_taken":[{"damage":0,"enemies":"Small Slimes","floor":1,"turns":3},{"damage":8,"enemies":"2 Louse","floor":5,"turns":2},{"damage":41,"enemies":"Gremlin Nob","floor":6,"turns":5},{"damage":1,"enemies":"Cultist","floor":11,"turns":3},{"damage":9,"enemies":"Red Slaver","floor":14,"turns":4},{"damage":0,"enemies":"Slime Boss","floor":16,"turns":5},{"damage":4,"enemies":"Chosen","floor":18,"turns":3},{"damage":21,"enemies":"2 Thieves","floor":19,"turns":3},{"damage":15,"enemies":"Centurion and Healer","floor":20,"turns":2},{"damage":42,"enemies":"Chosen and Byrds","floor":22,"turns":6},{"damage":14,"enemies":"Snecko","floor":23,"turns":3},{"damage":8,"enemies":"Snake Plant","floor":25,"turns":3},{"damage":24,"enemies":"3 Cultists","floor":28,"turns":5},{"damage":11,"enemies":"Snecko","floor":29,"turns":3},{"damage":22,"enemies":"Sentry and Sphere","floor":31,"turns":3},{"damage":85,"enemies":"Automaton","floor":33,"turns":10}],"seed_played":"-5899441325015363176","potions_obtained":[{"floor":8,"key":"Energy Potion"},{"floor":8,"key":"Guardian:BlockOnCardUsePotion"},{"floor":8,"key":"Languid Potion"},{"floor":14,"key":"champ:CounterPotion"},{"floor":18,"key":"Fruit Juice"},{"floor":25,"key":"LifebloodPotion"},{"floor":28,"key":"Flashbang"}],"is_trial":false,"path_per_floor":["M","?","$","?","M","E","R","?","T","$","M","R","$","M","R","B",null,"M","M","M","?","M","M","R","M","T","R","M","M","R","M","R","B"],"character_chosen":"IRONCLAD","items_purchased":["Feed","Flex+1","Whirlwind"],"campfire_rested":3,"item_purchase_floors":[3,10,13],"current_hp_per_floor":[80,80,80,80,81,46,46,46,46,46,51,51,51,48,48,54,83,83,71,65,65,34,26,54,52,52,80,62,57,85,72,72,17,17],"gold":367,"neow_bonus":"HUNDRED_GOLD","is_daily":false,"chose_seed":false,"campfire_upgraded":4,"win_rate":0.0,"timestamp":1610234890,"path_taken":["M","?","$","?","M","E","R","?","T","$","?","R","?","M","R","BOSS","M","?","M","?","?","M","R","M","T","R","M","M","R","?","R","BOSS"],"items_purchased_type":["Card","Card","Card"],"build_version":"2020-12-22","purchased_purges":0,"victory":false,"max_hp_per_floor":[80,80,80,80,83,83,83,83,83,83,83,83,83,83,83,83,83,83,86,89,89,94,94,94,94,94,94,94,94,94,97,97,97,97],"card_choices":[{"not_picked":["Replay:Undeath\u0027s Touch","Abandon"],"picked":"ReplayTheSpireMod:Limb From Limb","floor":1},{"not_picked":["Shockwave","Seeing Red","ReplayTheSpireMod:Limb From Limb"],"picked":"SKIP","floor":5},{"not_picked":["Offering","Sword Boomerang","Shockwave"],"picked":"SKIP","floor":6},{"not_picked":["Hemokinesis","infinitespire:OneForAll","Sword Boomerang"],"picked":"SKIP","floor":11},{"not_picked":["Clash","Thunderclap","Replay:Undeath\u0027s Touch"],"picked":"SKIP","floor":14},{"not_picked":["hubris:StunningStrike","Hemogenesis"],"picked":"Bludgeon","floor":16},{"not_picked":["Seeing Red","Cleave","Pommel Strike"],"picked":"SKIP","floor":18},{"not_picked":["Seeing Red","Cleave","Pommel Strike"],"picked":"SKIP","floor":18},{"not_picked":["Iron Wave","Searing Blow","Combust"],"picked":"SKIP","floor":19},{"not_picked":["hubris:SharpeningStone","Thunderclap+1"],"picked":"Impervious","floor":20},{"not_picked":["Heavy Blade+1","Sword Boomerang+1"],"picked":"Flex","floor":22},{"not_picked":["Iron Wave","Flex","Defy Death"],"picked":"SKIP","floor":23},{"not_picked":["Perfected Strike","Headbutt","hubris:ReadiedAction"],"picked":"SKIP","floor":25},{"not_picked":["Iron Wave","Wild Strike","Headbutt"],"picked":"SKIP","floor":28},{"not_picked":["Brutality","Sword Boomerang+1","ReplayTheSpireMod:Limb From Limb"],"picked":"SKIP","floor":29},{"not_picked":["Iron Wave+1","Cleave","Run Through+1"],"picked":"SKIP","floor":31}],"player_experience":468783,"relics_obtained":[{"floor":6,"key":"hubris:64BitClover"},{"floor":9,"key":"Quantum Egg"},{"floor":22,"key":"hubris:SlimyHat"},{"floor":26,"key":"Replay:Bottled Steam"}],"event_choices":[{"damage_healed":0,"gold_gain":0,"player_choice":"Got Potions","damage_taken":0,"max_hp_gain":0,"max_hp_loss":0,"event_name":"Lab","floor":8,"gold_loss":0},{"damage_healed":0,"gold_gain":0,"player_choice":"Ignored","damage_taken":0,"max_hp_gain":0,"max_hp_loss":0,"event_name":"Purifier","floor":21,"gold_loss":0}],"is_beta":false,"boss_relics":[{"not_picked":["Ooze Armor","hubris:BlackHole"],"picked":"Philosopher\u0027s Stone"}],"items_purged_floors":[],"is_endless":false,"potions_floor_spawned":[6,14,18,25,28],"killed_by":"Automaton","ascension_level":2}}