{"host":"7xbu8gt067z192g2","time":1610230808,"event":{"mods":["BaseMod","Better Note","Colored Map","Colored Powertips","Googly Eyes","Highlight Path","Minty Spire (QoL Compilation)","Rare Cards Sparkle","Replay The Spire","StSLib","The Bladedancer","The Cursed","The Hierophant","The Valiant","The Wild Card"],"gold_per_floor":[114,189,189,214,214,214,214],"floor_reached":6,"playtime":299,"items_purged":[],"score":36,"play_id":"3067815c-929a-40e7-91ba-65f3fb72d985","local_time":"20210109172008","is_ascension_mode":true,"campfire_choices":[],"circlet_count":0,"master_deck":["Strike_G","Strike_G","Strike_G","Strike_G","Strike_G","Defend_G","Defend_G","Defend_G","Defend_G","Defend_G","Survivor","Neutralize","Crippling Poison","Sucker Punch"],"relics":["Coffee Dripper","Golden Idol"],"acts_visited":["Exordium"],"potions_floor_usage":[6],"damage_taken":[{"damage":0,"enemies":"Cultist","floor":1,"turns":4},{"damage":3,"enemies":"Jaw Worm","floor":4,"turns":4},{"damage":59,"enemies":"Gremlin Nob","floor":6,"turns":6}],"seed_played":"-9026367759695070647","potions_obtained":[{"floor":1,"key":"LiquidBronze"}],"is_trial":false,"path_per_floor":["M","?","?","M","?","E"],"character_chosen":"THE_SILENT","items_purchased":[],"campfire_rested":0,"item_purchase_floors":[],"current_hp_per_floor":[70,59,59,56,56,0,0],"gold":214,"neow_bonus":"BOSS_RELIC","is_daily":false,"chose_seed":false,"campfire_upgraded":0,"win_rate":0.0,"timestamp":1610230808,"path_taken":["M","?","?","M","?","E"],"items_purchased_type":[],"build_version":"2020-12-22","purchased_purges":0,"victory":false,"max_hp_per_floor":[70,70,70,70,70,70,70],"card_choices":[{"not_picked":["Predator","Cloak And Dagger"],"picked":"Crippling Poison","floor":1},{"not_picked":["ReplayTheSpireMod:Shiv Toss","Hidden Blade"],"picked":"Sucker Punch","floor":4}],"player_experience":164170,"relics_obtained":[],"event_choices":[{"damage_healed":0,"gold_gain":75,"player_choice":"Gather Gold","damage_taken":11,"max_hp_gain":0,"max_hp_loss":0,"event_name":"World of Goop","floor":2,"gold_loss":0},{"damage_healed":0,"gold_gain":0,"player_choice":"Take Wound","damage_taken":0,"relics_obtained":["Golden Idol"],"max_hp_gain":0,"max_hp_loss":0,"event_name":"Golden Idol","floor":3,"gold_loss":0,"cards_obtained":["Injury"]},{"cards_removed":["Injury"],"damage_healed":0,"gold_gain":0,"player_choice":"Forget","damage_taken":0,"max_hp_gain":0,"max_hp_loss":0,"event_name":"Living Wall","floor":5,"gold_loss":0}],"is_beta":false,"boss_relics":[],"items_purged_floors":[],"is_endless":false,"potions_floor_spawned":[1],"killed_by":"Gremlin Nob","ascension_level":1}}