{"host":"y89x8uui45kcjy42","time":1610156242,"event":{"mods":["2.2 Compatiblity","BaseMod","CapriCore","Colored Map","Colored Powertips","Custom Start","Friendly Minions","Keyboard Shortcuts","Minty Spire (QoL Compilation)","Relic Stats","Slay the Relics Exporter","StSLib","SuperFastMode","Uncapped"],"gold_per_floor":[117,130,55,75,91,91,119,119,119,119,40,40,40,109,109,194,194,218,218,199,221,77,77,77,77],"floor_reached":24,"playtime":673,"items_purged":["Strike_P","Strike_P","Strike_P"],"score":409,"play_id":"b8f72fc9-f7a2-4786-a6ce-0dc23f853bc7","local_time":"20210109103722","is_ascension_mode":true,"campfire_choices":[{"data":"Eruption","floor":6,"key":"SMITH"},{"data":"Vigilance","floor":8,"key":"SMITH"},{"floor":10,"key":"RECALL"},{"data":"Study","floor":12,"key":"SMITH"},{"data":"DeceiveReality","floor":15,"key":"SMITH"},{"data":"MasterReality","floor":23,"key":"SMITH"}],"circlet_count":0,"master_deck":["Strike_P","Eruption+1","Vigilance+1","After Image","After Image","After Image","After Image","After Image","Establishment","Study+1","DeceiveReality+1","MasterReality+1","CrushJoints+1","SignatureMove"],"relics":["Coffee Dripper","Bag of Preparation","Anchor","CeramicFish","TeardropLocket","VioletLotus","WingedGreaves","WarpedTongs","Membership Card","Boot"],"acts_visited":["Exordium","TheCity"],"potions_floor_usage":[5,7,21,24],"damage_taken":[{"damage":9,"enemies":"2 Louse","floor":1,"turns":3},{"damage":6,"enemies":"Jaw Worm","floor":2,"turns":4},{"damage":0,"enemies":"Small Slimes","floor":4,"turns":4},{"damage":15,"enemies":"Exordium Thugs","floor":5,"turns":4},{"damage":20,"enemies":"Lagavulin","floor":7,"turns":5},{"damage":15,"enemies":"3 Sentries","floor":14,"turns":10},{"damage":4,"enemies":"Hexaghost","floor":16,"turns":9},{"damage":12,"enemies":"3 Byrds","floor":18,"turns":7},{"damage":4,"enemies":"Shell Parasite","floor":21,"turns":4},{"damage":61,"enemies":"Slavers","floor":24,"turns":8}],"seed_played":"8992829858014213195","potions_obtained":[{"floor":2,"key":"DistilledChaos"},{"floor":5,"key":"Fire Potion"},{"floor":7,"key":"BottledMiracle"},{"floor":18,"key":"Energy Potion"}],"is_trial":false,"path_per_floor":["M","M","$","M","M","R","E","R","T","R","$","R","?","?","R","B",null,"M","?","$","M","$","R","E"],"character_chosen":"WATCHER","items_purchased":["Study","Membership Card","Boot"],"campfire_rested":0,"item_purchase_floors":[11,20,22],"current_hp_per_floor":[52,46,46,46,31,31,11,11,11,11,11,11,11,53,53,49,63,51,51,51,47,47,47,0,0],"gold":77,"neow_bonus":"ONE_RANDOM_RARE_CARD","is_daily":false,"chose_seed":false,"campfire_upgraded":5,"win_rate":0.0,"timestamp":1610156242,"path_taken":["M","M","$","M","M","R","E","R","T","R","$","R","?","?","R","BOSS","M","?","$","?","$","R","E"],"items_purchased_type":["Card","Relic","Relic"],"build_version":"2020-12-22","purchased_purges":3,"victory":false,"max_hp_per_floor":[68,68,68,68,68,68,68,68,68,68,68,68,68,68,68,68,68,68,68,68,68,68,68,68,68],"relic_stats":{"counters":[10,58],"CeramicFish":45,"VioletLotus":[8],"Bag of Preparation":[18],"Boot":[0],"obtain_stats":[{"CeramicFish":7,"Bag of Preparation":1,"Omamori":19,"TeardropLocket":14,"Boot":22,"WarpedTongs":19,"Anchor":2,"WingedGreaves":7,"VioletLotus":17,"Coffee Dripper":0,"Bag of Marbles":1,"Membership Card":20,"PureWater":0},{"CeramicFish":5,"Bag of Preparation":1,"Omamori":8,"TeardropLocket":6,"Boot":9,"WarpedTongs":8,"Anchor":2,"WingedGreaves":5,"VioletLotus":7,"Coffee Dripper":0,"Bag of Marbles":1,"Membership Card":8,"PureWater":0},{"CeramicFish":20,"Bag of Preparation":3,"Omamori":46,"TeardropLocket":30,"Boot":50,"WarpedTongs":46,"Anchor":5,"WingedGreaves":20,"VioletLotus":39,"Coffee Dripper":0,"Bag of Marbles":3,"Membership Card":46,"PureWater":0}],"WarpedTongs":[7]},"card_choices":[{"not_picked":["BowlingBash","FlurryOfBlows","Wireheading"],"picked":"SKIP","floor":1},{"not_picked":["Vengeance","BowlingBash","EmptyBody"],"picked":"SKIP","floor":2},{"not_picked":["Meditate","Evaluate","ThirdEye"],"picked":"SKIP","floor":4},{"not_picked":["FollowUp","Wireheading","CutThroughFate"],"picked":"SKIP","floor":5},{"not_picked":["SashWhip","PathToVictory","Crescendo"],"picked":"SKIP","floor":7},{"not_picked":["BowlingBash","CutThroughFate"],"picked":"DeceiveReality","floor":14},{"not_picked":["Brilliance","Devotion"],"picked":"MasterReality","floor":16},{"not_picked":["Halt+1","EmptyFist"],"picked":"CrushJoints+1","floor":18},{"not_picked":["BowlingBash","Swivel"],"picked":"SignatureMove","floor":21}],"player_experience":582134,"relics_obtained":[{"floor":7,"key":"CeramicFish"},{"floor":14,"key":"TeardropLocket"}],"event_choices":[{"damage_healed":0,"gold_gain":0,"player_choice":"Ignored","damage_taken":0,"max_hp_gain":0,"max_hp_loss":0,"event_name":"Shining Light","floor":13,"gold_loss":0},{"damage_healed":0,"gold_gain":0,"player_choice":"Searched \u00271\u0027 times","damage_taken":0,"max_hp_gain":0,"max_hp_loss":0,"event_name":"Dead Adventurer","floor":14,"gold_loss":0},{"damage_healed":0,"gold_gain":0,"player_choice":"Rummage","damage_taken":0,"relics_obtained":["WarpedTongs"],"max_hp_gain":0,"max_hp_loss":0,"event_name":"Accursed Blacksmith","floor":19,"gold_loss":0,"cards_obtained":["Pain"]}],"is_beta":false,"boss_relics":[{"not_picked":["Philosopher\u0027s Stone","Calling Bell","Ectoplasm"]}],"items_purged_floors":[3,20,22],"is_endless":false,"potions_floor_spawned":[2,5,7,18],"killed_by":"Slavers","ascension_level":20}}