{"host":"wwpfn8dnr1liindi","time":1610200296,"event":{"mods":["BaseMod","Minty Spire (QoL Compilation)","Permanent Neow","[IsaacMod]ÒÔÈö¼âËþ"],"gold_per_floor":[110,120,130,141,316,350,364,393,440,440,454,454,454,469,469,566,566,580,593,605,605,605],"floor_reached":21,"playtime":965,"items_purged":[],"score":195,"play_id":"b039e2e3-d5c5-4ddb-97ef-a1feb6cf30f2","local_time":"20210109215136","daily_mods":["Heirloom","Time Dilation","Flight"],"is_ascension_mode":false,"campfire_choices":[{"floor":10,"key":"REST"},{"data":"Armaments","floor":12,"key":"SMITH"},{"floor":15,"key":"REST"}],"circlet_count":0,"master_deck":["Strike_R","Strike_R","Strike_R","Strike_R","Strike_R","Defend_R","Defend_R","Defend_R","Defend_R","Bash","BloodyBrimstone","Ghostly Armor","Flex","Sword Boomerang","Doubt","Berserk","Burning Pact","Armaments+1","Regret","Burning Pact","Immolate","Inflame","Second Wind+1","Warcry"],"relics":["Burning Blood","HushsDoor","Lizard Tail","PokeGo","Blue Candle","Bottled Lightning","BookOfRevelations","HowToJump","Runic Cube"],"acts_visited":["Exordium","TheCity"],"potions_floor_usage":[8,19,21],"damage_taken":[{"damage":5,"enemies":"Small Slimes","floor":1,"turns":3},{"damage":10,"enemies":"Cultist","floor":2,"turns":4},{"damage":5,"enemies":"2 Louse","floor":3,"turns":3},{"damage":8,"enemies":"Exordium Wildlife","floor":4,"turns":4},{"damage":9,"enemies":"3 Sentries","floor":6,"turns":2},{"damage":10,"enemies":"2 Fungi Beasts","floor":7,"turns":5},{"damage":49,"enemies":"Lagavulin","floor":8,"turns":7},{"damage":0,"enemies":"Red Slaver","floor":11,"turns":3},{"damage":2,"enemies":"Lots of Slimes","floor":14,"turns":5},{"damage":33,"enemies":"Hexaghost","floor":16,"turns":13},{"damage":19,"enemies":"2 Thieves","floor":18,"turns":3},{"damage":19,"enemies":"Shell Parasite","floor":19,"turns":5},{"damage":86,"enemies":"Centurion and Healer","floor":20,"turns":7},{"damage":25,"enemies":"Hiden Room Battle","floor":21,"turns":2}],"seed_played":"-7268899313780697337","potions_obtained":[{"floor":2,"key":"Swift Potion"},{"floor":4,"key":"DuplicationPotion"},{"floor":8,"key":"SpeedPotion"},{"floor":16,"key":"Strength Potion"},{"floor":19,"key":"Fruit Juice"}],"is_trial":true,"path_per_floor":["M","M","M","M","?","E","M","E","T","R","M","R","?","M","R","B",null,"M","M","M","?"],"character_chosen":"IRONCLAD","items_purchased":[],"campfire_rested":2,"item_purchase_floors":[],"current_hp_per_floor":[80,76,77,75,75,72,68,25,25,49,55,55,55,59,80,53,80,67,59,21,0,0],"gold":605,"neow_bonus":"","is_daily":false,"chose_seed":false,"campfire_upgraded":1,"win_rate":0.0,"timestamp":1610200296,"path_taken":["M","M","M","M","?","E","?","E","T","R","M","R","?","M","R","BOSS","M","M","M","?"],"items_purchased_type":[],"build_version":"2020-12-22","purchased_purges":0,"victory":false,"max_hp_per_floor":[80,80,80,80,80,80,80,80,80,80,80,80,80,80,80,80,80,80,85,85,85,85],"card_choices":[{"not_picked":[],"picked":"BloodyBrimstone","floor":0},{"not_picked":["Reckless Charge","Clothesline"],"picked":"Ghostly Armor","floor":1},{"not_picked":["Headbutt","Thunderclap"],"picked":"Flex","floor":2},{"not_picked":["Headbutt","Perfected Strike"],"picked":"Sword Boomerang","floor":3},{"not_picked":["Shrug It Off","Havoc"],"picked":"Bomb","floor":4},{"not_picked":["Clash","Dark Embrace"],"picked":"Berserk","floor":6},{"not_picked":["Pommel Strike","Sentinel"],"picked":"Bomb","floor":7},{"not_picked":["Twin Strike","Iron Wave"],"picked":"Burning Pact","floor":8},{"not_picked":["Iron Wave","Dropkick"],"picked":"Armaments","floor":11},{"not_picked":["Pommel Strike","Sword Boomerang"],"picked":"Burning Pact","floor":14},{"not_picked":["Corruption","Fiend Fire"],"picked":"Immolate","floor":16},{"not_picked":["Second Wind","Body Slam"],"picked":"Inflame","floor":18},{"not_picked":["Body Slam+1","Twin Strike"],"picked":"Second Wind+1","floor":19},{"not_picked":["Clothesline","Perfected Strike"],"picked":"Warcry","floor":20}],"player_experience":76019,"relics_obtained":[{"floor":6,"key":"Blue Candle"},{"floor":8,"key":"Bottled Lightning"},{"floor":9,"key":"BookOfRevelations"}],"event_choices":[{"damage_healed":0,"gold_gain":175,"player_choice":"AGREE","damage_taken":0,"max_hp_gain":0,"max_hp_loss":0,"event_name":"Liars Game","floor":5,"gold_loss":0,"cards_obtained":["Doubt"]},{"damage_healed":0,"gold_gain":0,"player_choice":"Box","damage_taken":0,"relics_obtained":["HowToJump"],"max_hp_gain":0,"max_hp_loss":0,"event_name":"Big Fish","floor":13,"gold_loss":0,"cards_obtained":["Regret"]},{"damage_healed":0,"gold_gain":0,"player_choice":"Fight","damage_taken":0,"max_hp_gain":0,"max_hp_loss":0,"event_name":"HidenRoomEvent","floor":21,"gold_loss":0}],"is_beta":false,"boss_relics":[{"not_picked":["ChampionBelt","SacredBark"],"picked":"Runic Cube"},{"not_picked":[]}],"items_purged_floors":[],"is_endless":false,"potions_floor_spawned":[2,4,8,16,19],"killed_by":"Hiden Room Battle","ascension_level":0}}