{"host":"2lo6hma6kymb0g9i","time":1610163090,"event":{"mods":["BaseMod","Colored Map","DeckTracker","Minty Spire (QoL Compilation)"],"gold_per_floor":[110,110,110,35,35,35,51,51,97,131,131,165,90,108,108,108,108],"floor_reached":16,"playtime":417,"items_purged":["Zap"],"score":170,"play_id":"c0f2d36c-32ee-43a0-b63d-8d2543b910d0","local_time":"20210109123130","is_ascension_mode":true,"campfire_choices":[{"data":"Reprogram","floor":6.0,"key":"SMITH"},{"data":"Go for the Eyes","floor":8,"key":"SMITH"},{"floor":11,"key":"REST"},{"data":"Streamline","floor":15,"key":"SMITH"}],"circlet_count":0,"master_deck":["Strike_B","Strike_B","Strike_B","Strike_B","Defend_B","Defend_B","Defend_B","Defend_B","Reprogram+1","Darkness","Go for the Eyes+1","Beam Cell","All For One","Streamline+1"],"relics":["Cracked Core","NeowsBlessing","Golden Idol","Omamori","Juzu Bracelet","Centennial Puzzle"],"acts_visited":["Exordium"],"potions_floor_usage":[12,16],"damage_taken":[{"damage":0.0,"enemies":"Jaw Worm","floor":1.0,"turns":1.0},{"damage":0,"enemies":"Small Slimes","floor":7,"turns":1},{"damage":0,"enemies":"3 Sentries","floor":10,"turns":2},{"damage":41,"enemies":"Gremlin Nob","floor":12,"turns":5},{"damage":0,"enemies":"Cultist","floor":14,"turns":3},{"damage":45,"enemies":"The Guardian","floor":16,"turns":5}],"seed_played":"-7103258276206330181","potions_obtained":[{"floor":7,"key":"Swift Potion"},{"floor":14,"key":"EssenceOfSteel"}],"is_trial":false,"path_per_floor":["M","?","?","$","?","R","M","R","T","E","R","E","$","M","R","B"],"character_chosen":"DEFECT","items_purchased":["All For One"],"campfire_rested":1,"item_purchase_floors":[13],"current_hp_per_floor":[68,50,55,55,55,55,55,55,55,55,79,38,38,38,38,0,0],"gold":108,"neow_bonus":"THREE_ENEMY_KILL","is_daily":false,"chose_seed":false,"campfire_upgraded":3,"win_rate":0.0,"timestamp":1610163090,"path_taken":["M","?","?","?","?","R","?","R","T","E","R","E","$","M","R","BOSS"],"items_purchased_type":["Card"],"build_version":"2020-12-22","purchased_purges":1,"victory":false,"max_hp_per_floor":[75,75,80,80,80,80,80,80,80,80,80,80,80,80,80,80,80],"card_choices":[{"not_picked":["Coolheaded","Stack"],"picked":"Reprogram","floor":1.0},{"not_picked":["Beam Cell","Steam"],"picked":"Go for the Eyes","floor":7},{"not_picked":["Turbo","Go for the Eyes","Heatsinks"],"picked":"SKIP","floor":10},{"not_picked":["Turbo","Storm"],"picked":"Beam Cell","floor":12},{"not_picked":["Hologram","Conserve Battery"],"picked":"Streamline","floor":14}],"player_experience":980793,"relics_obtained":[{"floor":9,"key":"Omamori"},{"floor":10,"key":"Juzu Bracelet"},{"floor":12,"key":"Centennial Puzzle"}],"event_choices":[{"damage_healed":0.0,"max_hp_gain":0.0,"max_hp_loss":0.0,"gold_gain":0.0,"event_name":"Golden Idol","player_choice":"Take Damage","floor":2.0,"gold_loss":0.0,"damage_taken":18.0,"relics_obtained":["Golden Idol"]},{"damage_healed":0.0,"max_hp_gain":5.0,"max_hp_loss":0.0,"gold_gain":0.0,"event_name":"Big Fish","player_choice":"Donut","floor":3.0,"gold_loss":0.0,"damage_taken":0.0},{"damage_healed":0.0,"max_hp_gain":0.0,"max_hp_loss":0.0,"gold_gain":0.0,"cards_transformed":["Dualcast"],"event_name":"Transmorgrifier","player_choice":"Transformed","floor":5.0,"gold_loss":0.0,"damage_taken":0.0,"cards_obtained":["Darkness"]}],"is_beta":false,"boss_relics":[],"items_purged_floors":[4],"is_endless":false,"potions_floor_spawned":[7,14],"killed_by":"The Guardian","ascension_level":6}}