{"host":"0vlubjftylzdr3ny","time":1610235782,"event":{"mods":["Always Whale","BaseMod","GifTheSpireLib","Minty Spire (QoL Compilation)","Relic Filter","StSLib","Stuff the Spire"],"gold_per_floor":[113,113,288,7,27,27,42,85,85,85,128,128,144,160,160,160,160],"floor_reached":16,"playtime":797,"items_purged":["Strike_G"],"score":110,"play_id":"4c904a7c-2b07-4c22-b516-ddf5a05634e4","local_time":"20210110004302","is_ascension_mode":false,"campfire_choices":[{"data":"Neutralize","floor":6,"key":"SMITH"},{"data":"Blur","floor":12,"key":"SMITH"},{"data":"Dagger Throw","floor":15,"key":"SMITH"}],"circlet_count":0,"master_deck":["Strike_G","Strike_G","Strike_G","Strike_G","Defend_G","Defend_G","Defend_G","Defend_G","Defend_G","Survivor","Neutralize+1","Dagger Throw","Doubt","Dagger Throw+1","Eviscerate","Blur+1","Blur","Eviscerate"],"relics":["Ring of the Snake","Du-Vu Doll","Golden Idol","Sling","Frozen Egg 2","Calipers","Orichalcum"],"acts_visited":["Exordium"],"potions_floor_usage":[8,16,16],"damage_taken":[{"damage":0,"enemies":"2 Louse","floor":1,"turns":3},{"damage":0,"enemies":"Jaw Worm","floor":5,"turns":4},{"damage":0,"enemies":"Small Slimes","floor":7,"turns":4},{"damage":12,"enemies":"Lagavulin","floor":8,"turns":7},{"damage":5,"enemies":"3 Sentries","floor":11,"turns":7},{"damage":0,"enemies":"2 Fungi Beasts","floor":13,"turns":3},{"damage":9,"enemies":"Exordium Wildlife","floor":14,"turns":4},{"damage":24,"enemies":"Hexaghost","floor":16,"turns":11}],"seed_played":"-3998404939868131944","potions_obtained":[{"floor":5,"key":"ColorlessPotion"},{"floor":7,"key":"SpeedPotion"},{"floor":14,"key":"Poison Potion"}],"is_trial":false,"path_per_floor":["M","?","?","$","M","R","M","E","T","$","E","R","M","M","R","B"],"character_chosen":"THE_SILENT","items_purchased":["Sling","Dagger Throw"],"campfire_rested":0,"item_purchase_floors":[4,4],"current_hp_per_floor":[63,48,48,48,48,48,48,36,36,36,31,31,31,22,22,0,0],"gold":160,"neow_bonus":"ONE_RARE_RELIC","is_daily":false,"chose_seed":false,"campfire_upgraded":3,"win_rate":0.0,"timestamp":1610235782,"path_taken":["M","?","?","$","M","R","M","E","T","?","E","R","?","M","R","BOSS"],"items_purchased_type":["Relic","Card"],"build_version":"2020-12-22","purchased_purges":1,"victory":false,"max_hp_per_floor":[63,63,63,63,63,63,63,63,63,63,63,63,63,63,63,63,63],"card_choices":[{"not_picked":["StuffTheSpire:ClusterCrunch","Eviscerate"],"picked":"Dagger Throw","floor":1},{"not_picked":["Setup","Concentrate","Outmaneuver"],"picked":"SKIP","floor":5},{"not_picked":["StuffTheSpire:BumpUp","StuffTheSpire:Injection"],"picked":"Eviscerate","floor":7},{"not_picked":["Predator","PiercingWail"],"picked":"Blur","floor":8},{"not_picked":["Crippling Poison","Blade Dance","Flying Knee"],"picked":"SKIP","floor":11},{"not_picked":["Blade Dance","Distraction"],"picked":"Blur","floor":13},{"not_picked":["Glass Knife","Underhanded Strike"],"picked":"Eviscerate","floor":14}],"player_experience":801903,"relics_obtained":[{"floor":8,"key":"Frozen Egg 2"},{"floor":9,"key":"Calipers"},{"floor":11,"key":"Orichalcum"}],"event_choices":[{"damage_healed":0,"gold_gain":0,"player_choice":"Take Damage","damage_taken":15,"relics_obtained":["Golden Idol"],"max_hp_gain":0,"max_hp_loss":0,"event_name":"Golden Idol","floor":2,"gold_loss":0},{"damage_healed":0,"gold_gain":175,"player_choice":"AGREE","damage_taken":0,"max_hp_gain":0,"max_hp_loss":0,"event_name":"Liars Game","floor":3,"gold_loss":0,"cards_obtained":["Doubt"]}],"is_beta":false,"boss_relics":[],"items_purged_floors":[4],"is_endless":false,"potions_floor_spawned":[5,7,14],"killed_by":"Hexaghost","ascension_level":0}}