{"host":"4328iixd8pca51w5","time":1610184919,"event":{"mods":["2.2 Compatiblity","BaseMod","CapriCore","KOR Keyword Fix","Minty Spire (QoL Compilation)","StSLib","The Immortal"],"gold_per_floor":[117,136,411,189,206,36,65,77,104,67,84,84,114,114,114,215,215,233,244,46,46,46,46,79,79,79,105,105,105,125,125,125,225,225,243,93,119,0,0,0,16,16,65,65,65,65,65,65,65,65],"floor_reached":48,"playtime":2393,"items_purged":["Regret","MokouMod:Defend","MokouMod:Strike","MokouMod:Defend"],"score":519,"play_id":"481ab779-339d-4c35-917b-1d6d885ea140","local_time":"20210109183519","is_ascension_mode":true,"campfire_choices":[{"floor":12,"key":"REST"},{"data":"MokouMod:ResonanceReactor","floor":15,"key":"SMITH"},{"data":"MokouMod:Refresh","floor":23,"key":"SMITH"},{"floor":25,"key":"REST"},{"floor":32,"key":"REST"},{"data":"MokouMod:FujiyamaVolcano","floor":40,"key":"SMITH"},{"data":"MokouMod:Wildfire","floor":42,"key":"SMITH"},{"data":"MokouMod:SearingShot","floor":45,"key":"SMITH"},{"data":"MokouMod:ScorchedEarth","floor":47,"key":"SMITH"}],"circlet_count":0,"master_deck":["MokouMod:Strike","MokouMod:Defend","MokouMod:Defend","MokouMod:HeatSpark","MokouMod:SearingShot+1","MokouMod:Wildfire+1","MokouMod:BurningDraft","MokouMod:ResonanceReactor+1","MokouMod:ScorchingColumn","MokouMod:ScorchingColumn","MokouMod:ScorchedEarth+1","MokouMod:HeatCyclone","MokouMod:FujiyamaVolcano+1","MokouMod:RadiantBlade","MokouMod:HeatTransfer+1","MokouMod:BurningDraft+1","MokouMod:IgnitionBlast+1","MokouMod:Refresh+1","MokouMod:SubterraneanCore+1","MokouMod:ResonanceReactor","MokouMod:CrimsonArmoury+1","MokouMod:CrimsonArmoury+1","Ghostly","Ghostly","Ghostly","Ghostly","Ghostly","Necronomicurse","MokouMod:ThermalPressure","MokouMod:Rekindle","MokouMod:IgnitionBarrier+1","MokouMod:Sear+1"],"relics":["MokouMod:PhoenixFeather","Omamori","Strawberry","Regal Pillow","Nunchaku","Mercury Hourglass","Astrolabe","Tiny Chest","Bag of Preparation","Question Card","Lantern","Necronomicon","Happy Flower","Velvet Choker","Juzu Bracelet","Red Mask","Dream Catcher","Mummified Hand"],"acts_visited":["Exordium","TheCity","TheBeyond"],"potions_floor_usage":[24,27,33],"damage_taken":[{"damage":0,"enemies":"Small Slimes","floor":1,"turns":3},{"damage":1,"enemies":"Cultist","floor":2,"turns":3},{"damage":10,"enemies":"Jaw Worm","floor":5,"turns":4},{"damage":60,"enemies":"Lagavulin","floor":7,"turns":11},{"damage":5,"enemies":"3 Louse","floor":8,"turns":2},{"damage":3,"enemies":"2 Fungi Beasts","floor":11,"turns":2},{"damage":33,"enemies":"Gremlin Nob","floor":13,"turns":4},{"damage":30,"enemies":"Slime Boss","floor":16,"turns":9},{"damage":10,"enemies":"Shell Parasite","floor":18,"turns":3},{"damage":35,"enemies":"2 Thieves","floor":19,"turns":3},{"damage":20,"enemies":"Gremlin Leader","floor":24,"turns":5},{"damage":26,"enemies":"Book of Stabbing","floor":27,"turns":5},{"damage":21,"enemies":"Snake Plant","floor":30,"turns":5},{"damage":43,"enemies":"Automaton","floor":33,"turns":8},{"damage":6,"enemies":"3 Shapes","floor":35,"turns":3},{"damage":7,"enemies":"3 Darklings","floor":41,"turns":5},{"damage":43,"enemies":"Nemesis","floor":48,"turns":2}],"seed_played":"1397822046438759921","potions_obtained":[{"floor":5,"key":"PowerPotion"},{"floor":11,"key":"LiquidBronze"},{"floor":18,"key":"SkillPotion"},{"floor":33,"key":"Explosive Potion"},{"floor":41,"key":"BlessingOfTheForge"}],"is_trial":false,"path_per_floor":["M","M","?","$","M","$","E","M","T","$","M","R","E","?","R","B",null,"M","M","$","?","?","R","E","R","T","E","?","?","M","T","R","B",null,"M","$","T","?","$","R","M","R","T","?","R","T","R","E"],"character_chosen":"MKU","items_purchased":["Omamori","MokouMod:ResonanceReactor","MokouMod:ScorchedEarth","MokouMod:ResonanceReactor"],"campfire_rested":3,"item_purchase_floors":[4,6,10,20],"current_hp_per_floor":[82,81,81,81,71,71,18,13,13,13,10,51,18,18,18,22,89,79,44,44,44,27,27,7,50,50,24,24,8,4,4,33,11,47,41,41,41,41,41,41,34,34,34,34,34,34,34,0,0,0],"gold":65,"neow_bonus":"TEN_PERCENT_HP_BONUS","is_daily":false,"chose_seed":false,"campfire_upgraded":6,"win_rate":0.0,"timestamp":1610184919,"path_taken":["M","M","?","$","?","$","E","M","T","?","?","R","E","?","R","BOSS","M","M","$","?","?","R","E","R","T","E","?","?","M","?","R","BOSS","M","$","?","?","$","R","M","R","T","?","R","?","R","E"],"items_purchased_type":["Relic","Card","Card","Card"],"build_version":"2020-12-22","purchased_purges":4,"victory":false,"max_hp_per_floor":[82,82,82,82,82,82,89,89,89,89,89,89,89,89,89,89,89,89,89,89,89,94,94,94,94,94,94,47,47,47,47,47,47,47,47,47,47,47,47,47,47,47,47,45,45,45,45,45,45,45],"card_choices":[{"not_picked":["MokouMod:FlickeringFlame","MokouMod:CrimsonFlare"],"picked":"MokouMod:SearingShot","floor":1},{"not_picked":["MokouMod:ResoluteFlare","MokouMod:BurningDraft"],"picked":"MokouMod:Wildfire","floor":2},{"not_picked":["MokouMod:FlareStarter","MokouMod:IndiscriminateIgnition"],"picked":"MokouMod:BurningDraft","floor":5},{"not_picked":["MokouMod:SpontaneousHumanCombustion","MokouMod:Rekindle"],"picked":"MokouMod:ScorchingColumn","floor":7},{"not_picked":["MokouMod:AdaptivePyromancy","MokouMod:FlamingFireTalons"],"picked":"MokouMod:ScorchingColumn","floor":8},{"not_picked":["MokouMod:ResoluteFlare","MokouMod:IndiscriminateIgnition"],"picked":"MokouMod:HeatCyclone","floor":11},{"not_picked":["MokouMod:Burn","MokouMod:IcarusDive"],"picked":"MokouMod:FujiyamaVolcano","floor":13},{"not_picked":["MokouMod:ExplosiveFlame","MokouMod:Ventilation"],"picked":"MokouMod:RadiantBlade","floor":16},{"not_picked":["MokouMod:IgnitionBarrier","MokouMod:BlazingComet"],"picked":"MokouMod:Refresh","floor":18},{"not_picked":["MokouMod:ShiftIgnition","MokouMod:Singe"],"picked":"MokouMod:SubterraneanCore+1","floor":19},{"not_picked":["MokouMod:Rekindle","MokouMod:Overheat+1"],"picked":"MokouMod:CrimsonArmoury+1","floor":24},{"not_picked":["MokouMod:BlazingComet","MokouMod:Singe","MokouMod:Stoke+1"],"picked":"MokouMod:CrimsonArmoury+1","floor":27},{"not_picked":["MokouMod:TemporalFireSeal","MokouMod:AdaptivePyromancy","MokouMod:Singe"],"picked":"MokouMod:ThermalPressure","floor":30},{"not_picked":["MokouMod:Geothermal","MokouMod:RadiantBlade","MokouMod:EnchantingBambooForest"],"picked":"MokouMod:Rekindle","floor":33},{"not_picked":["MokouMod:AdaptivePyromancy","MokouMod:CrimsonArmoury","MokouMod:Combust"],"picked":"MokouMod:IgnitionBarrier+1","floor":35},{"not_picked":["MokouMod:IndiscriminateIgnition","MokouMod:Scorch","MokouMod:InfernalWave+1"],"picked":"MokouMod:Sear+1","floor":41}],"player_experience":165896,"relics_obtained":[{"floor":7,"key":"Strawberry"},{"floor":9,"key":"Regal Pillow"},{"floor":13,"key":"Nunchaku"},{"floor":24,"key":"Bag of Preparation"},{"floor":26,"key":"Question Card"},{"floor":27,"key":"Lantern"},{"floor":29,"key":"Necronomicon"},{"floor":31,"key":"Happy Flower"},{"floor":37,"key":"Juzu Bracelet"},{"floor":43,"key":"Dream Catcher"},{"floor":46,"key":"Mummified Hand"}],"event_choices":[{"damage_healed":0,"gold_gain":275,"player_choice":"Desecrate","damage_taken":0,"max_hp_gain":0,"max_hp_loss":0,"event_name":"Golden Shrine","floor":3,"gold_loss":0,"cards_obtained":["Regret"]},{"damage_healed":0,"gold_gain":0,"player_choice":"Box","damage_taken":0,"relics_obtained":["Mercury Hourglass"],"max_hp_gain":0,"max_hp_loss":0,"event_name":"Big Fish","floor":14,"gold_loss":0,"cards_obtained":["Regret"]},{"damage_healed":0,"gold_gain":0,"player_choice":"Stole Relic","damage_taken":0,"relics_obtained":["Tiny Chest"],"max_hp_gain":0,"max_hp_loss":0,"event_name":"Addict","floor":21,"gold_loss":0,"cards_obtained":["Shame"]},{"damage_healed":0,"gold_gain":0,"player_choice":"Shed Blood","damage_taken":22,"max_hp_gain":5,"max_hp_loss":0,"event_name":"Forgotten Altar","floor":22,"gold_loss":0},{"damage_healed":0,"gold_gain":0,"player_choice":"Became a Ghost","damage_taken":0,"max_hp_gain":0,"max_hp_loss":47,"event_name":"Ghosts","floor":28,"gold_loss":0,"cards_obtained":["Ghostly","Ghostly","Ghostly","Ghostly","Ghostly"]},{"damage_healed":0,"gold_gain":0,"player_choice":"Obtained Book","damage_taken":16,"max_hp_gain":0,"max_hp_loss":0,"event_name":"Cursed Tome","floor":29,"gold_loss":0},{"damage_healed":0,"gold_gain":0,"player_choice":"Paid","damage_taken":0,"relics_obtained":["Red Mask"],"max_hp_gain":0,"max_hp_loss":0,"event_name":"Tomb of Lord Red Mask","floor":38,"gold_loss":119},{"damage_healed":0,"gold_gain":0,"player_choice":"Max HP","damage_taken":0,"max_hp_gain":0,"max_hp_loss":2,"event_name":"Winding Halls","floor":44,"gold_loss":0}],"is_beta":false,"boss_relics":[{"not_picked":["Fusion Hammer","Empty Cage"],"picked":"Astrolabe"},{"not_picked":["Runic Dome","Snecko Eye"],"picked":"Velvet Choker"}],"items_purged_floors":[4,6,20,36],"is_endless":false,"potions_floor_spawned":[5,11,18,33,41],"killed_by":"Nemesis","ascension_level":1}}