{"host":"98ajcw3do3zsggh8","time":1610158025,"event":{"mods":["BaseMod","Minty Spire (QoL Compilation)","Replay The Spire","StSLib"],"gold_per_floor":[115,390,407,367,55,84,84,112,112,144,228,42,42,42],"floor_reached":13,"playtime":346,"items_purged":["Regret","Strike_G"],"score":136,"play_id":"a5f07324-236d-4284-a6bc-64aa1ffcc95d","local_time":"20210109030705","is_ascension_mode":true,"campfire_choices":[{"data":"Deadly Poison","floor":7,"key":"SMITH"}],"circlet_count":0,"master_deck":["Strike_G","Strike_G","Strike_G","Strike_G","Defend_G","Defend_G","Defend_G","Defend_G","Defend_G+1","Survivor","Neutralize","Underhanded Strike","Deadly Poison+1","Bandage Up+1","Outmaneuver","Swift Strike"],"relics":["Ring of the Snake","NeowsBlessing","War Paint","Mummified Hand","Unceasing Top","Happy Flower","Sundial","Replay:Mystery Machine"],"acts_visited":["Exordium"],"potions_floor_usage":[8,10,13,13],"damage_taken":[{"damage":0,"enemies":"Small Slimes","floor":1,"turns":1},{"damage":0,"enemies":"Cultist","floor":3,"turns":1},{"damage":0,"enemies":"Gremlin Nob","floor":6,"turns":1},{"damage":23,"enemies":"Lagavulin","floor":8,"turns":6},{"damage":27,"enemies":"Gremlin Nob","floor":10,"turns":5},{"damage":10,"enemies":"3 Sentries","floor":13,"turns":6}],"seed_played":"4003180654713518434","potions_obtained":[{"floor":4,"key":"SmokeBomb"},{"floor":4,"key":"LiquidBronze"},{"floor":4,"key":"SneckoOil"},{"floor":8,"key":"SkillPotion"},{"floor":10,"key":"Fire Potion"}],"is_trial":false,"path_per_floor":["M","?","M","?","$","E","R","E","T","E","?","$","E"],"character_chosen":"THE_SILENT","items_purchased":["Bandage Up","War Paint","Swift Strike"],"campfire_rested":0,"item_purchase_floors":[5,5,12],"current_hp_per_floor":[70,70,70,70,70,70,70,53,53,32,4,4,0,0],"gold":42,"neow_bonus":"THREE_ENEMY_KILL","is_daily":false,"chose_seed":false,"campfire_upgraded":1,"win_rate":0.0,"timestamp":1610158025,"path_taken":["M","?","?","?","?","E","R","E","T","E","?","$","E"],"items_purchased_type":["Card","Relic","Card"],"build_version":"2020-12-22","purchased_purges":2,"victory":false,"max_hp_per_floor":[70,70,70,70,70,70,70,70,70,70,70,70,70,70],"card_choices":[{"not_picked":["Hidden Blade","Fluid Movement"],"picked":"Underhanded Strike","floor":1},{"not_picked":["ReplayTheSpireMod:Tripwire","Escape Plan"],"picked":"Deadly Poison","floor":3},{"not_picked":["ReplayTheSpireMod:Scrap Shanks","Glass Knife"],"picked":"Outmaneuver","floor":6},{"not_picked":["Expertise","Hidden Blade","Eviscerate"],"picked":"SKIP","floor":8},{"not_picked":["Poisoned Stab","Leg Sweep","Heel Hook"],"picked":"SKIP","floor":10}],"player_experience":323520,"relics_obtained":[{"floor":6,"key":"Mummified Hand"},{"floor":8,"key":"Unceasing Top"},{"floor":9,"key":"Happy Flower"},{"floor":10,"key":"Sundial"},{"floor":11,"key":"Replay:Mystery Machine"}],"event_choices":[{"damage_healed":0,"gold_gain":275,"player_choice":"Desecrate","damage_taken":0,"max_hp_gain":0,"max_hp_loss":0,"event_name":"Golden Shrine","floor":2,"gold_loss":0,"cards_obtained":["Regret"]},{"damage_healed":0,"gold_gain":0,"player_choice":"Bought 3 Potions","damage_taken":0,"max_hp_gain":0,"max_hp_loss":0,"event_name":"The Woman in Blue","floor":4,"gold_loss":0}],"is_beta":false,"boss_relics":[],"items_purged_floors":[5,12],"is_endless":false,"potions_floor_spawned":[8,10],"killed_by":"3 Sentries","ascension_level":2}}