{"host":"mytek2nu1hrzdnew","time":1610209269,"event":{"mods":["100% Spire Juice","Aspiration","BaseMod","Conspire","GifTheSpireLib","Gold Saver","Hubris","Minty Spire (QoL Compilation)","Replay The Spire","StSLib","Stuff the Spire","Uncapped"],"gold_per_floor":[222,241,241,252,252,252,252,279,279,293,320,320,0,0,0,99,99,111,124,24,41,20,160,170,298,298,314,333,433,313,313,313,408,408,422,422,422,150,165,281,281,298,377,509,247,260,260,294,294,294],"floor_reached":51,"playtime":2945,"items_purged":["Moonworks:Strike","Moonworks:Strike","Moonworks:Strike","Doubt","Moonworks:Ambush"],"score":833,"play_id":"08b02bc5-364c-485e-a11f-3793257c93de","local_time":"20210109112109","is_ascension_mode":true,"campfire_choices":[{"data":"Moonworks:EvilSpyWorkPreparation","floor":6,"key":"SMITH"},{"floor":15,"key":"REST"},{"floor":30,"key":"REST"},{"data":"Moonworks:Strike","floor":32,"key":"PURGE"},{"data":"Moonworks:WindyEnchantment","floor":41,"key":"SMITH"},{"data":"Replay:Undeath\u0027s Touch","floor":47,"key":"SMITH"},{"floor":49,"key":"REST"}],"circlet_count":0,"master_deck":["Moonworks:Defend","Moonworks:Defend","Moonworks:Defend","Moonworks:Defend","Moonworks:LongDistanceShot+1","Moonworks:MiracleRedBeanIceCream+1","Moonworks:WindyEnchantment+1","Moonworks:EvilSpyWorkPreparation+1","Moonworks:JonathanRush","Moonworks:SakisCookie","Moonworks:Dash+1","Moonworks:JonathanRush","Moonworks:SakisCookie+1","Consecrate","Replay:Undeath\u0027s Touch+1","Apotheosis+1","Moonworks:WeAreWaruda+1","Gash+1","Moonworks:EvilSpyWorkPreparation+1","Panache+1","Evaluate+1","Prepared+1","Gash"],"relics":["Moonworks:SBBomb","Moonworks:Homemark","aspiration:Nostalgia","Sizzling Blood","Bag of Preparation","Frozen Egg 2","Pear","hubris:EvacipatedBox","StuffTheSpire:TintedRock","hubris:FruitBowl","Replay:Wax Seal","PrismaticShard","ReplayTheSpireMod:Ring of Addiction","Potion Belt","SacredBark","hubris:SphereOfDissonance","conspire:BottledYoYo","TungstenRod","Toxic Egg 2","hubris:RunicObelisk","Guide Book","Akabeko","hubris:DisguiseKit","Letter Opener","Moonworks:LittleGull"],"acts_visited":["Exordium","TheCity","TheBeyond"],"potions_floor_usage":[16,16,18,23,23,28,29,35,44,50,50,50,50],"damage_taken":[{"damage":1,"enemies":"2 Louse","floor":1,"turns":2},{"damage":7,"enemies":"Jaw Worm","floor":2,"turns":4},{"damage":0,"enemies":"Small Slimes","floor":4,"turns":2},{"damage":0,"enemies":"Gremlin Nob","floor":8,"turns":2},{"damage":6,"enemies":"Blue Slaver","floor":10,"turns":3},{"damage":9,"enemies":"Lagavulin","floor":11,"turns":7},{"damage":0,"enemies":"The Guardian","floor":16,"turns":9},{"damage":22,"enemies":"2 Thieves","floor":18,"turns":3},{"damage":0,"enemies":"Shell Parasite","floor":19,"turns":3},{"damage":17,"enemies":"Shelled Parasite and Fungi","floor":21,"turns":4},{"damage":0,"enemies":"Book of Stabbing","floor":23,"turns":4},{"damage":3,"enemies":"Chosen and Byrds","floor":24,"turns":4},{"damage":8,"enemies":"Gremlin Leader","floor":25,"turns":4},{"damage":21,"enemies":"Snake Plant","floor":27,"turns":3},{"damage":35,"enemies":"Snecko","floor":28,"turns":5},{"damage":6,"enemies":"Slavers","floor":29,"turns":3},{"damage":7,"enemies":"conspire:MysteriousRune","floor":33,"turns":6},{"damage":0,"enemies":"3 Darklings","floor":35,"turns":2},{"damage":0,"enemies":"Orb Walker","floor":39,"turns":3},{"damage":14,"enemies":"R_Hoarder","floor":40,"turns":5},{"damage":17,"enemies":"4 Shapes","floor":42,"turns":2},{"damage":6,"enemies":"Nemesis","floor":44,"turns":5},{"damage":15,"enemies":"Jaw Worm Horde","floor":46,"turns":2},{"damage":0,"enemies":"Replay:Hell Engine","floor":50,"turns":3}],"seed_played":"-3348963609548085089","potions_obtained":[{"floor":2,"key":"LifebloodPotion"},{"floor":10,"key":"Block Potion"},{"floor":14,"key":"Block Potion"},{"floor":14,"key":"PowerPotion"},{"floor":14,"key":"FearPotion"},{"floor":18,"key":"Adrenaline Potion"},{"floor":27,"key":"Block Potion"},{"floor":28,"key":"PowerPotion"},{"floor":33,"key":"LifebloodPotion"},{"floor":42,"key":"Reflective Coating"},{"floor":44,"key":"FairyPotion"},{"floor":48,"key":"Adrenaline Potion"},{"floor":48,"key":"Adrenaline Potion"},{"floor":48,"key":"Adrenaline Potion"}],"is_trial":false,"path_per_floor":["M","M","?","M","?","R","?","E","T","M","E","$","$","?","R","B",null,"M","M","$","M","?","E","M","E","T","M","M","E","R","?","R","B",null,"M","?","?","$","M","E","R","M","T","E","$","M","R","?","R","B",null],"character_chosen":"THE_STARBREAKER","items_purchased":["hubris:EvacipatedBox","StuffTheSpire:TintedRock","hubris:FruitBowl","Replay:Wax Seal","PrismaticShard","Moonworks:JonathanRush","Guide Book","Moonworks:LittleGull"],"campfire_rested":3,"item_purchase_floors":[12,12,12,13,13,13,38,45],"current_hp_per_floor":[64,61,61,64,64,64,64,64,64,62,69,9,9,9,31,37,74,60,72,72,67,67,71,71,71,71,55,34,42,62,62,62,65,65,65,65,65,65,62,62,62,52,52,59,59,58,58,43,56,56],"gold":294,"neow_bonus":"NOSTALGIA","is_daily":false,"chose_seed":false,"campfire_upgraded":3,"win_rate":0.0,"timestamp":1610209269,"path_taken":["M","M","?","M","?","R","?","E","T","M","E","?","$","?","R","BOSS","M","M","$","M","?","E","M","E","T","M","M","E","R","?","R","BOSS","M","?","?","$","M","E","R","M","T","E","$","?","R","?","R","BOSS"],"items_purchased_type":["Relic","Relic","Relic","Relic","Relic","Card","Relic","Relic"],"build_version":"2020-12-22","purchased_purges":5,"victory":true,"max_hp_per_floor":[64,64,64,64,64,64,64,64,64,64,74,74,74,74,74,74,74,74,74,74,74,71,71,71,71,71,68,68,68,68,68,68,65,65,65,65,65,65,62,62,62,59,59,59,59,59,59,56,56,56],"card_choices":[{"not_picked":["Moonworks:AwakeningOfTalent","Moonworks:RedAndBlue"],"picked":"Moonworks:MiracleRedBeanIceCream","floor":1},{"not_picked":["Moonworks:LuckyCharm","Moonworks:UnpaidWork"],"picked":"Moonworks:WindyEnchantment","floor":2},{"not_picked":["Moonworks:ImOnFire","Moonworks:MixPhenomenon"],"picked":"Moonworks:EvilSpyWorkPreparation","floor":4},{"not_picked":["Moonworks:IndiscriminateFireSupport","Moonworks:AwakeningOfTalent"],"picked":"Moonworks:JonathanRush","floor":8},{"not_picked":["Moonworks:LulusLuckyEgg","Moonworks:CastOff"],"picked":"Moonworks:SakisCookie","floor":10},{"not_picked":["Moonworks:ImOnFire","Moonworks:ForcedRevival"],"picked":"Moonworks:Dash","floor":11},{"not_picked":["Heavy Blade","Thunderclap"],"picked":"Moonworks:SakisCookie+1","floor":18},{"not_picked":["Stack+1","Static Discharge+1"],"picked":"Consecrate","floor":19},{"not_picked":["BowlingBash","Catalyst","WheelKick"],"picked":"SKIP","floor":21},{"not_picked":["Replay:Many Hands","ReachHeaven","Sword Boomerang+1"],"picked":"SKIP","floor":23},{"not_picked":["Dagger Throw+1","StuffTheSpire:BumpUp+1"],"picked":"Replay:Undeath\u0027s Touch","floor":24},{"not_picked":["Moonworks:MiracleRedBeanIceCream","Deflect","Anger"],"picked":"SKIP","floor":25},{"not_picked":["Leg Sweep","FollowUp","Flying Knee"],"picked":"SKIP","floor":27},{"not_picked":["ClearTheMind","Moonworks:GoAway","FearNoEvil+1"],"picked":"SKIP","floor":28},{"not_picked":["Iron Wave","Clash+1","Headbutt"],"picked":"SKIP","floor":29},{"not_picked":["Juggernaut+1","Moonworks:MetallicMonocoque+1"],"picked":"Moonworks:WeAreWaruda+1","floor":33},{"not_picked":["Cloak And Dagger+1","Deadly Poison+1"],"picked":"Gash+1","floor":35},{"not_picked":["Worship+1","EmptyBody+1","Cleave+1"],"picked":"SKIP","floor":39},{"not_picked":["Moonworks:EvilSpyWorkPreparation+1","Armaments+1"],"picked":"Panache+1","floor":40},{"not_picked":["Beam Cell","Coolheaded+1","Sword Boomerang"],"picked":"SKIP","floor":42},{"not_picked":["EmptyFist","Steam Power+1","Time Bomb"],"picked":"Evaluate+1","floor":44},{"not_picked":["CutThroughFate+1","PathToVictory+1","Redo"],"picked":"Prepared+1","floor":46},{"not_picked":["Poisoned Stab","Moonworks:CompletionReward+1","Turbo"],"picked":"Gash","floor":48}],"player_experience":1034087,"relics_obtained":[{"floor":8,"key":"Bag of Preparation"},{"floor":9,"key":"Frozen Egg 2"},{"floor":11,"key":"Pear"},{"floor":14,"key":"ReplayTheSpireMod:Ring of Addiction"},{"floor":14,"key":"Potion Belt"},{"floor":14,"key":"SacredBark"},{"floor":23,"key":"hubris:SphereOfDissonance"},{"floor":25,"key":"conspire:BottledYoYo"},{"floor":26,"key":"TungstenRod"},{"floor":29,"key":"Toxic Egg 2"},{"floor":40,"key":"Akabeko"},{"floor":43,"key":"hubris:DisguiseKit"},{"floor":44,"key":"Letter Opener"}],"event_choices":[{"damage_healed":0,"gold_gain":99,"player_choice":"Stole From Cult","damage_taken":0,"max_hp_gain":0,"max_hp_loss":0,"event_name":"Nest","floor":22,"gold_loss":0},{"damage_healed":0,"gold_gain":0,"player_choice":"Leave","damage_taken":0,"max_hp_gain":0,"max_hp_loss":0,"event_name":"conspire:Investor","floor":36,"gold_loss":0},{"damage_healed":0,"gold_gain":0,"player_choice":"Copied","damage_taken":0,"max_hp_gain":0,"max_hp_loss":0,"event_name":"Duplicator","floor":37,"gold_loss":0,"cards_obtained":["Moonworks:EvilSpyWorkPreparation"]}],"is_beta":false,"boss_relics":[{"not_picked":["hubris:BlackHole","Honey Jar","conspire:RunicOctahedron"],"picked":"Moonworks:SBBomb"},{"not_picked":["Astrolabe","aspiration:WatcherSkillbook","Sozu"],"picked":"hubris:RunicObelisk"}],"items_purged_floors":[12,12,13,20,38],"is_endless":false,"potions_floor_spawned":[1,2,10,18,27,28,33,42,44],"ascension_level":1}}