{"host":"a5lz0e76zb3fcwkm","time":1610192956,"event":{"mods":["AchievementEnabler","BaseMod","Colored Map","Colored Powertips","Minty Spire (QoL Compilation)","StSLib","SuperFastMode"],"gold_per_floor":[119,139,214,214,231,231,231,245,268,268,268],"floor_reached":10,"playtime":139,"items_purged":[],"score":116,"play_id":"852f5498-1214-4296-a07f-db0597e5b11a","local_time":"20210109204916","is_ascension_mode":true,"campfire_choices":[{"data":"Strike_R","floor":7,"key":"PURGE"}],"circlet_count":0,"master_deck":["AscendersBane","Strike_R","Strike_R","Defend_R","Defend_R","Defend_R","Defend_R","Bash","Shockwave","Whirlwind"],"relics":["Burning Blood","Peace Pipe","Smiling Mask"],"acts_visited":["Exordium"],"potions_floor_usage":[10,10,10],"damage_taken":[{"damage":10.0,"enemies":"2 Louse","floor":1.0,"turns":3.0},{"damage":1.0,"enemies":"Small Slimes","floor":2.0,"turns":4.0},{"damage":11.0,"enemies":"Cultist","floor":5.0,"turns":5.0},{"damage":13,"enemies":"3 Louse","floor":8,"turns":4},{"damage":50,"enemies":"Gremlin Nob","floor":10,"turns":4}],"seed_played":"-9018019960298018213","potions_obtained":[{"floor":5.0,"key":"FearPotion"},{"floor":8,"key":"EntropicBrew"}],"is_trial":false,"path_per_floor":["M","M","?","?","M","?","R","M","T","E"],"character_chosen":"IRONCLAD","items_purchased":[],"campfire_rested":0,"item_purchase_floors":[],"current_hp_per_floor":[64,68,57,57,52,52,52,45,45,0,0],"gold":268,"neow_bonus":"ONE_RARE_RELIC","is_daily":false,"chose_seed":false,"campfire_upgraded":0,"win_rate":0.0,"timestamp":1610192956,"path_taken":["M","M","?","?","?","?","R","M","T","E"],"items_purchased_type":[],"build_version":"2020-12-22","purchased_purges":0,"victory":false,"max_hp_per_floor":[68,68,68,68,68,68,68,68,68,68,68],"card_choices":[{"not_picked":["Iron Wave","Rampage"],"picked":"Shockwave","floor":1.0},{"not_picked":["Inflame","Warcry","Heavy Blade"],"picked":"SKIP","floor":2.0},{"not_picked":["Twin Strike","Blood for Blood","Warcry"],"picked":"SKIP","floor":5.0},{"not_picked":["Inflame","Ghostly Armor","Body Slam"],"picked":"SKIP","floor":8}],"player_experience":1699875,"relics_obtained":[{"floor":9,"key":"Smiling Mask"}],"event_choices":[{"damage_healed":0.0,"max_hp_gain":0.0,"max_hp_loss":0.0,"gold_gain":75.0,"event_name":"World of Goop","player_choice":"Gather Gold","floor":3.0,"gold_loss":0.0,"damage_taken":11.0},{"damage_healed":0.0,"max_hp_gain":0.0,"max_hp_loss":0.0,"gold_gain":0.0,"cards_transformed":["Strike_R"],"event_name":"Transmorgrifier","player_choice":"Transformed","floor":4.0,"gold_loss":0.0,"damage_taken":0.0,"cards_obtained":["Whirlwind"]},{"cards_removed":["Strike_R"],"damage_healed":0,"gold_gain":0,"player_choice":"Forget","damage_taken":0,"max_hp_gain":0,"max_hp_loss":0,"event_name":"Living Wall","floor":6,"gold_loss":0}],"is_beta":false,"boss_relics":[],"items_purged_floors":[],"is_endless":false,"potions_floor_spawned":[5,8],"killed_by":"Gremlin Nob","ascension_level":20}}