{"host":"o7j6aatxjwpw1421","time":1610198056,"event":{"mods":["2.2 Compatiblity","AchievementEnabler","BaseMod","Colored Map","DeckTracker","Highlight Path","Keyboard Shortcuts","Minty Spire (QoL Compilation)","Permanent Neow","Quick Restart","StSLib","SuperFastMode","everything is the same but u backflip on backflip"],"gold_per_floor":[112,124,143,157,82,110,110,123,150,50,50,65,65,76,76,153,153,173,48,48,65,0,0,0,0,0,0,0],"floor_reached":27,"playtime":1035,"items_purged":["Strike_G","Strike_G","Defend_G"],"score":513,"play_id":"874a64f7-a8c6-43b8-846c-060d969ad490","local_time":"20210109221416","is_ascension_mode":true,"campfire_choices":[{"data":"Deadly Poison","floor":7,"key":"SMITH"},{"data":"Neutralize","floor":11,"key":"SMITH"},{"floor":15,"key":"REST"},{"floor":23,"key":"REST"},{"data":"Footwork","floor":25,"key":"SMITH"}],"circlet_count":0,"master_deck":["AscendersBane","Strike_G+1","Defend_G","Defend_G","Defend_G","Survivor","Neutralize+1","Dramatic Entrance","Footwork+1","Deadly Poison+1","Escape Plan","Grand Finale+1","Escape Plan","Blur","Noxious Fumes","Night Terror","CurseOfTheBell","Acrobatics","Sucker Punch","Envenom","Crippling Poison"],"relics":["Ring of the Snake","Nunchaku","Whetstone","Calling Bell","Vajra","Question Card","WingedGreaves","Eternal Feather"],"acts_visited":["Exordium","TheCity"],"potions_floor_usage":[6,27,27],"damage_taken":[{"damage":1.0,"enemies":"Cultist","floor":1.0,"turns":4.0},{"damage":0.0,"enemies":"2 Louse","floor":2.0,"turns":3.0},{"damage":0.0,"enemies":"Small Slimes","floor":3.0,"turns":3.0},{"damage":11.0,"enemies":"Looter","floor":4.0,"turns":4.0},{"damage":15,"enemies":"Lagavulin","floor":6,"turns":9},{"damage":11,"enemies":"3 Louse","floor":8,"turns":4},{"damage":3,"enemies":"2 Fungi Beasts","floor":12,"turns":4},{"damage":4,"enemies":"Blue Slaver","floor":14,"turns":4},{"damage":0,"enemies":"Hexaghost","floor":16,"turns":8},{"damage":18,"enemies":"Spheric Guardian","floor":18,"turns":6},{"damage":21,"enemies":"Chosen","floor":21,"turns":7},{"damage":46,"enemies":"Slavers","floor":27,"turns":4}],"seed_played":"2033647976670249195","potions_obtained":[{"floor":1.0,"key":"SneckoOil"},{"floor":4.0,"key":"SneckoOil"},{"floor":6,"key":"Energy Potion"},{"floor":8,"key":"BlessingOfTheForge"},{"floor":14,"key":"Energy Potion"},{"floor":18,"key":"Explosive Potion"}],"is_trial":false,"path_per_floor":["M","M","M","M","$","E","R","M","T","$","R","M","?","M","R","B",null,"M","$","?","M","?","R","?","R","T","E"],"character_chosen":"THE_SILENT","items_purchased":[],"campfire_rested":2,"item_purchase_floors":[],"current_hp_per_floor":[58,58,58,47,47,32,32,21,21,21,21,18,18,14,33,33,58,40,40,40,19,19,38,38,38,38,0,0],"gold":0,"neow_bonus":"RANDOM_COLORLESS","is_daily":false,"chose_seed":false,"campfire_upgraded":3,"win_rate":0.0,"timestamp":1610198056,"path_taken":["M","?","M","M","?","E","R","M","T","$","R","M","?","M","R","BOSS","M","$","?","M","?","R","?","R","T","E"],"items_purchased_type":[],"build_version":"2020-12-22","purchased_purges":3,"victory":false,"max_hp_per_floor":[66,66,66,66,66,66,66,66,66,66,66,66,66,66,66,66,66,66,66,66,66,66,66,66,66,66,66,66],"card_choices":[{"not_picked":["Impatience","Panacea"],"picked":"Dramatic Entrance","floor":0.0},{"not_picked":["PiercingWail","Underhanded Strike"],"picked":"Footwork","floor":1.0},{"not_picked":["Dagger Throw","Backflip"],"picked":"Deadly Poison","floor":2.0},{"not_picked":["Choke","Bane"],"picked":"Escape Plan","floor":3.0},{"not_picked":["All Out Attack","Backstab"],"picked":"Grand Finale","floor":4.0},{"not_picked":["Endless Agony","All Out Attack"],"picked":"Escape Plan","floor":6},{"not_picked":["Cloak And Dagger","Dodge and Roll","Underhanded Strike"],"picked":"SKIP","floor":8},{"not_picked":["Slice","Bane"],"picked":"Blur","floor":12},{"not_picked":["Storm of Steel","Sucker Punch","Footwork"],"picked":"SKIP","floor":14},{"not_picked":["Unload","Wraith Form v2"],"picked":"Night Terror","floor":16},{"not_picked":["Prepared","Dodge and Roll+1","Footwork"],"picked":"Acrobatics","floor":18},{"not_picked":["Sucker Punch","Expertise+1","Deflect+1"],"picked":"Crippling Poison","floor":21}],"player_experience":459765,"relics_obtained":[{"floor":6,"key":"Nunchaku"},{"floor":9,"key":"Whetstone"},{"floor":17,"key":"Vajra"},{"floor":17,"key":"Question Card"},{"floor":17,"key":"WingedGreaves"},{"floor":26,"key":"Eternal Feather"}],"event_choices":[{"damage_healed":0,"gold_gain":0,"cards_transformed":["Defend_G"],"player_choice":"Transformed","damage_taken":0,"max_hp_gain":0,"max_hp_loss":0,"event_name":"Transmorgrifier","floor":13,"gold_loss":0,"cards_obtained":["Noxious Fumes"]},{"damage_healed":0,"gold_gain":0,"cards_transformed":["Strike_G","Strike_G"],"player_choice":"Became Test Subject","damage_taken":0,"max_hp_gain":0,"max_hp_loss":0,"event_name":"Drug Dealer","floor":20,"gold_loss":0,"cards_obtained":["Sucker Punch","Envenom"]},{"damage_healed":0,"gold_gain":0,"player_choice":"Paid Fearfully","damage_taken":0,"max_hp_gain":0,"max_hp_loss":0,"event_name":"Masked Bandits","floor":22,"gold_loss":65},{"damage_healed":0,"gold_gain":0,"player_choice":"Ignored","damage_taken":0,"max_hp_gain":0,"max_hp_loss":0,"event_name":"Vampires","floor":24,"gold_loss":0}],"is_beta":false,"boss_relics":[{"not_picked":["Cursed Key","Runic Dome"],"picked":"Calling Bell"}],"items_purged_floors":[5,10,19],"is_endless":false,"potions_floor_spawned":[1,4,6,8,14,18],"killed_by":"Slavers","ascension_level":19}}