{"host":"wkcoec525dnrk4jw","time":1610166368,"event":{"mods":["BaseMod","Conspire","Lobotomy","Minty Spire (QoL Compilation)","Quick Restart","Replay The Spire","Shop Mod","StSLib","TestMod","The Bug Knight","The Cursed","[IsaacMod]以撒尖塔"],"gold_per_floor":[113,166,166,177,177,206,206,235,235,245,257,268,293,22,22,101,101,120,26,26,26,26,26,101,165,190,190,190],"floor_reached":27,"playtime":1160,"items_purged":[],"score":452,"play_id":"27478947-b42e-4239-b8c2-61aac353bd7e","local_time":"20210109122608","is_ascension_mode":true,"campfire_choices":[{"data":"EpicFetus","floor":7.0,"key":"SMITH"},{"data":"1","floor":15.0,"key":"LIFT"},{"data":"2","floor":23,"key":"LIFT"}],"circlet_count":0,"master_deck":["AscendersBane","Strike_R","Strike_R","Strike_R","Strike_R","Strike_R","Defend_R","Defend_R","Defend_R","Defend_R","Bash","EpicFetus+1","Voices","Ghostly Armor","Demon Form","Impervious","Searing Blow","testmod-ConditionedReflex","ReplayTheSpireMod:Muscle Training","Entrench","Power Through","Pummel","Combust","ReplayTheSpireMod:Muscle Training","testmod-Reflect","Bludgeon","Fire Breathing","Replay:Undeath\u0027s Touch","Hemokinesis","Shrug It Off","Clumsy","Anger+1","Burning Pact"],"relics":["Burning Blood","HushsDoor","testmod-TestBox","testmod-BlackFramedGlasses","YumHeart","CaptainsWheel","Smiling Mask","Counterbalance","Girya","DoctorsRemote","Pen Nib","Replay:Ancient Bell","Gremlin Food","ReplayTheSpireMod:Ring of Challenge","ReplayTheSpireMod:Ring of Exchange","MutagenicStrength","Dream Catcher","ReplayTheSpireMod:TigerMarble"],"acts_visited":["Exordium","TheCity"],"potions_floor_usage":[24],"damage_taken":[{"damage":2.0,"enemies":"2 Louse","floor":1.0,"turns":2.0},{"damage":2.0,"enemies":"Jaw Worm","floor":4.0,"turns":5.0},{"damage":6.0,"enemies":"HollowMod:MossKnight","floor":6.0,"turns":6.0},{"damage":0.0,"enemies":"3 Sentries","floor":8.0,"turns":2.0},{"damage":1.0,"enemies":"Cultist","floor":10.0,"turns":3.0},{"damage":23.0,"enemies":"Looter","floor":11.0,"turns":3.0},{"damage":26.0,"enemies":"Exordium Thugs","floor":12.0,"turns":4.0},{"damage":14.0,"enemies":"Gremlin Nob","floor":13.0,"turns":4.0},{"damage":36.0,"enemies":"The Guardian","floor":16.0,"turns":8.0},{"damage":4,"enemies":"3 Byrds","floor":18,"turns":3},{"damage":80,"enemies":"Slavers","floor":24,"turns":6},{"damage":33,"enemies":"Spheric Guardian","floor":25,"turns":3},{"damage":14,"enemies":"conspire:Head Lice","floor":27,"turns":1}],"seed_played":"-3236089225465407040","potions_obtained":[{"floor":2.0,"key":"AttackPotion"},{"floor":6.0,"key":"LiquidBronze"},{"floor":12.0,"key":"Explosive Potion"},{"floor":16.0,"key":"SteroidPotion"},{"floor":24,"key":"FearPotion"}],"is_trial":false,"path_per_floor":["M","?","?","M","?","E","R","E","T","M","M","M","E","$","R","B",null,"M","$","?","?","?","R","E","M","T","E"],"character_chosen":"IRONCLAD","items_purchased":["testmod-Reflect","testmod-SpacePotion","Fire Breathing","Hemokinesis","Shrug It Off"],"campfire_rested":0,"item_purchase_floors":[14,14,17,19,19],"current_hp_per_floor":[78,78,78,80,80,80,80,80,80,80,65,74,70,70,70,48,70,75,75,75,75,75,75,32,8,8,0,0],"gold":190,"neow_bonus":"ONE_RARE_RELIC","is_daily":false,"chose_seed":false,"campfire_upgraded":1,"win_rate":0.0,"timestamp":1610166368,"path_taken":["M","?","?","?","?","E","R","E","T","M","M","M","E","$","R","BOSS","M","$","?","?","?","R","E","M","T","E"],"items_purchased_type":["Card","Potion","Card","Card","Card"],"build_version":"2020-12-22","purchased_purges":0,"victory":false,"max_hp_per_floor":[80,80,80,80,80,80,80,80,80,80,80,80,80,80,80,80,77,77,77,77,77,77,77,77,77,77,77,77],"card_choices":[{"not_picked":[],"picked":"EpicFetus","floor":0.0},{"not_picked":["Twin Strike","Perfected Strike"],"picked":"Bomb","floor":1.0},{"not_picked":["Body Slam","Clothesline"],"picked":"Ghostly Armor","floor":2.0},{"not_picked":["Clothesline","Havoc"],"picked":"Demon Form","floor":2.0},{"not_picked":["Dual Wield","Sever Soul"],"picked":"ReplayTheSpireMod:Muscle Training","floor":4.0},{"not_picked":["Pommel Strike","Shrug It Off"],"picked":"Entrench","floor":6.0},{"not_picked":["Combust","Defy Death"],"picked":"Power Through","floor":8.0},{"not_picked":["Heavy Blade","Clothesline"],"picked":"Pummel","floor":10.0},{"not_picked":["Warcry","True Grit"],"picked":"Combust","floor":11.0},{"not_picked":["Havoc","Clash","Sword Boomerang"],"picked":"SKIP","floor":12.0},{"not_picked":["Blood for Blood","True Grit"],"picked":"ReplayTheSpireMod:Muscle Training","floor":13.0},{"not_picked":["Eclipse","Demonic Infusion"],"picked":"Bludgeon","floor":16.0},{"not_picked":["conspire:ExplosiveBarrier","Iron Wave+1"],"picked":"Replay:Undeath\u0027s Touch","floor":18},{"not_picked":["Armaments+1","Havoc"],"picked":"Anger+1","floor":24},{"not_picked":["Pommel Strike","ReplayTheSpireMod:Strike From Hell"],"picked":"Burning Pact","floor":25}],"player_experience":208590,"relics_obtained":[{"floor":2.0,"key":"Smiling Mask"},{"floor":6.0,"key":"Counterbalance"},{"floor":8.0,"key":"Girya"},{"floor":9.0,"key":"DoctorsRemote"},{"floor":13.0,"key":"Pen Nib"},{"floor":20,"key":"ReplayTheSpireMod:Ring of Challenge"},{"floor":20,"key":"ReplayTheSpireMod:Ring of Exchange"},{"floor":24,"key":"Dream Catcher"},{"floor":26,"key":"ReplayTheSpireMod:TigerMarble"}],"event_choices":[{"damage_healed":0.0,"max_hp_gain":0.0,"max_hp_loss":0.0,"gold_gain":0.0,"event_name":"Match and Keep!","player_choice":"3 cards matched","floor":3.0,"gold_loss":0.0,"damage_taken":0.0,"cards_obtained":["Impervious","Searing Blow","testmod-ConditionedReflex"]},{"damage_healed":0.0,"max_hp_gain":0.0,"max_hp_loss":0.0,"gold_gain":0.0,"event_name":"给自己的盒子","player_choice":"Ignored","floor":5.0,"gold_loss":0.0,"damage_taken":0.0},{"damage_healed":0,"gold_gain":0,"player_choice":"Inject Mutagens","damage_taken":0,"relics_obtained":["MutagenicStrength"],"max_hp_gain":0,"max_hp_loss":0,"event_name":"Drug Dealer","floor":21,"gold_loss":0},{"damage_healed":0,"gold_gain":0,"player_choice":"Ignored","damage_taken":0,"max_hp_gain":0,"max_hp_loss":0,"event_name":"Vampires","floor":22,"gold_loss":0}],"is_beta":false,"boss_relics":[{"not_picked":["testmod-BatchProcessingSystem","Empty Cage"],"picked":"Replay:Ancient Bell"},{"not_picked":["Replay:Mystery Machine","Blood Vial"],"picked":"Gremlin Food"},{"not_picked":[]}],"items_purged_floors":[],"is_endless":false,"potions_floor_spawned":[6,10,12,16,24],"killed_by":"conspire:Head Lice","ascension_level":13}}