{"host":"q8niu1x2pgv94o1d","time":1610205457,"event":{"mods":["AchievementEnabler","BaseMod","Colored Map","Colored Powertips","Minty Spire (QoL Compilation)","StSLib"],"gold_per_floor":[20,33,11,28,41,41,76,76,76,76,76,76,95,108,108,232,232,256,256,256,73,86,126,126,166,166,81,81,11,44,64,64,194,257,275,375,400,421,421,452,468,502,557,339,339,360,373,27,27,27],"floor_reached":51,"playtime":3893,"items_purged":["Defend_B","Defend_B"],"score":906,"play_id":"fdd43589-947f-4729-8edd-f5418f493b56","local_time":"20210109161737","is_ascension_mode":true,"campfire_choices":[{"data":"Sunder","floor":6.0,"key":"SMITH"},{"data":"Genetic Algorithm","floor":8.0,"key":"SMITH"},{"data":"Fission","floor":10.0,"key":"SMITH"},{"data":"1","floor":15.0,"key":"LIFT"},{"data":"2","floor":24.0,"key":"LIFT"},{"data":"3","floor":28.0,"key":"LIFT"},{"data":"Electrodynamics","floor":32.0,"key":"SMITH"},{"data":"Machine Learning","floor":45.0,"key":"SMITH"},{"data":"Coolheaded","floor":49.0,"key":"SMITH"}],"circlet_count":0,"master_deck":["Strike_B","Strike_B","Defend_B","Defend_B","Zap","Dualcast","Fission+1","Cold Snap+1","Cold Snap","Streamline","Conserve Battery","Sunder+1","Genetic Algorithm+1","Self Repair","Electrodynamics+1","Coolheaded+1","Necronomicurse","Ghostly","Ghostly","Ghostly","Ghostly","Ghostly","Redo","Compile Driver","Defragment+1","Seek+1","Chaos+1","Hologram+1","Seek+1","White Noise+1","Aggregate+1","Coolheaded+1","Multi-Cast+1","Rebound+1","Machine Learning+1","Echo Form","Steam Power+1","Chaos+1","Redo+1","Compile Driver"],"relics":["Cracked Core","Girya","Mango","Golden Idol","Nuclear Battery","Necronomicon","Runic Capacitor","Toxic Egg 2","MealTicket","Mercury Hourglass","Kunai","White Beast Statue","Tiny House","Blood Vial","Vajra","Regal Pillow","Orrery","Nunchaku"],"acts_visited":["Exordium","TheCity","TheBeyond"],"potions_floor_usage":[50],"damage_taken":[{"damage":1.0,"enemies":"Cultist","floor":1.0,"turns":4.0},{"damage":2.0,"enemies":"2 Louse","floor":2.0,"turns":3.0},{"damage":0.0,"enemies":"Small Slimes","floor":4.0,"turns":2.0},{"damage":8.0,"enemies":"Looter","floor":5.0,"turns":2.0},{"damage":1.0,"enemies":"Lagavulin","floor":7.0,"turns":5.0},{"damage":0.0,"enemies":"Lots of Slimes","floor":13.0,"turns":4.0},{"damage":5.0,"enemies":"Blue Slaver","floor":14.0,"turns":4.0},{"damage":9.0,"enemies":"Slime Boss","floor":16.0,"turns":10.0},{"damage":18.0,"enemies":"Shell Parasite","floor":18.0,"turns":6.0},{"damage":0.0,"enemies":"3 Byrds","floor":22.0,"turns":4.0},{"damage":0.0,"enemies":"Slavers","floor":23.0,"turns":6.0},{"damage":1.0,"enemies":"Book of Stabbing","floor":25.0,"turns":5.0},{"damage":0.0,"enemies":"Slavers","floor":30.0,"turns":3.0},{"damage":2.0,"enemies":"Shelled Parasite and Fungi","floor":31.0,"turns":5.0},{"damage":3.0,"enemies":"Automaton","floor":33.0,"turns":6.0},{"damage":0.0,"enemies":"Orb Walker","floor":35.0,"turns":3.0},{"damage":1.0,"enemies":"3 Shapes","floor":37.0,"turns":1.0},{"damage":0.0,"enemies":"Sphere and 2 Shapes","floor":38.0,"turns":1.0},{"damage":6.0,"enemies":"Reptomancer","floor":40.0,"turns":5.0},{"damage":0.0,"enemies":"Maw","floor":41.0,"turns":7.0},{"damage":0.0,"enemies":"Giant Head","floor":42.0,"turns":7.0},{"damage":0.0,"enemies":"4 Shapes","floor":46.0,"turns":3.0},{"damage":0.0,"enemies":"Writhing Mass","floor":47.0,"turns":4.0},{"damage":4,"enemies":"Awakened One","floor":50,"turns":7}],"seed_played":"4707211509309801644","potions_obtained":[{"floor":2.0,"key":"Block Potion"},{"floor":4.0,"key":"BlessingOfTheForge"},{"floor":13.0,"key":"AttackPotion"},{"floor":16.0,"key":"SmokeBomb"},{"floor":33.0,"key":"SpeedPotion"},{"floor":34.0,"key":"DistilledChaos"},{"floor":35.0,"key":"SkillPotion"},{"floor":47.0,"key":"FearPotion"}],"is_trial":false,"path_per_floor":["M","M","$","M","M","R","E","R","T","R","?","?","M","M","R","B",null,"M","?","?","$","M","E","R","E","T","?","R","$","E","M","R","B",null,"M","?","M","M","?","E","M","E","T","$","R","M","M","$","R","B",null],"character_chosen":"DEFECT","items_purchased":["Streamline","Runic Capacitor","Redo","Seek+1","Orrery","Nunchaku","PowerPotion","Compile Driver"],"campfire_rested":0,"item_purchase_floors":[3,21,21,29,44,48,48,48],"current_hp_per_floor":[74,72,72,72,64,64,63,63,77,77,77,77,77,79,79,70,82,71,55,41,41,41,41,41,41,41,41,41,41,41,41,41,38,46,46,46,46,46,46,46,46,46,46,46,46,46,46,46,46,46],"gold":27,"neow_bonus":"THREE_RARE_CARDS","is_daily":false,"chose_seed":false,"campfire_upgraded":6,"win_rate":0.0,"timestamp":1610205457,"path_taken":["M","M","$","?","M","R","E","R","T","R","?","?","?","M","R","BOSS","M","?","?","$","M","E","R","E","T","?","R","?","E","M","R","BOSS","M","?","M","?","?","E","M","E","T","$","R","M","M","$","R","BOSS"],"items_purchased_type":["Card","Relic","Card","Card","Relic","Relic","Potion","Card"],"build_version":"2020-12-22","purchased_purges":2,"victory":true,"max_hp_per_floor":[75,75,75,75,75,75,75,75,89,89,82,82,82,82,82,82,82,82,82,41,41,41,41,41,41,41,41,41,41,41,41,41,41,46,46,46,46,46,46,46,46,46,46,46,46,46,46,46,46,46],"card_choices":[{"not_picked":["Meteor Strike","Amplify"],"picked":"Fission","floor":0.0},{"not_picked":["Coolheaded","Leap"],"picked":"Cold Snap","floor":1.0},{"not_picked":["Skim","Hello World"],"picked":"Cold Snap","floor":2.0},{"not_picked":["Turbo","Coolheaded"],"picked":"Conserve Battery","floor":4.0},{"not_picked":["Hologram","Rebound"],"picked":"Sunder","floor":5.0},{"not_picked":["Storm","Turbo"],"picked":"Genetic Algorithm","floor":7.0},{"not_picked":["Redo","Recycle"],"picked":"Self Repair","floor":13.0},{"not_picked":["Sweeping Beam","Fission","Redo"],"picked":"SKIP","floor":14.0},{"not_picked":["Machine Learning","Amplify"],"picked":"Electrodynamics","floor":16.0},{"not_picked":["Conserve Battery","Gash"],"picked":"Coolheaded","floor":18.0},{"not_picked":["Barrage","Gash"],"picked":"Compile Driver","floor":22.0},{"not_picked":["Compile Driver","Turbo+1"],"picked":"Defragment+1","floor":23.0},{"not_picked":["Lockon","Compile Driver","Static Discharge"],"picked":"SKIP","floor":25.0},{"not_picked":["Tempest+1","Self Repair+1"],"picked":"Chaos+1","floor":30.0},{"not_picked":["All For One","Barrage"],"picked":"Hologram+1","floor":31.0},{"not_picked":["Fission+1","Electrodynamics"],"picked":"Seek+1","floor":33.0},{"not_picked":["Reinforced Body+1","Tempest+1"],"picked":"White Noise+1","floor":34.0},{"not_picked":["Leap+1","Blizzard+1"],"picked":"Aggregate+1","floor":35.0},{"not_picked":["Cold Snap","Glacier+1"],"picked":"Coolheaded+1","floor":37.0},{"not_picked":["Turbo+1","Cold Snap+1","Steam+1"],"picked":"SKIP","floor":38.0},{"not_picked":["Recycle+1","Hologram+1"],"picked":"Multi-Cast+1","floor":40.0},{"not_picked":["Steam Power+1","Ball Lightning+1"],"picked":"Rebound+1","floor":41.0},{"not_picked":["Auto Shields+1","Sweeping Beam","Amplify+1"],"picked":"SKIP","floor":42.0},{"not_picked":["Sweeping Beam+1","Stack+1"],"picked":"Machine Learning","floor":44.0},{"not_picked":["Leap+1","Blizzard"],"picked":"Echo Form","floor":44.0},{"not_picked":["Conserve Battery+1","Force Field+1"],"picked":"Steam Power+1","floor":44.0},{"not_picked":["Streamline","Force Field+1"],"picked":"Chaos+1","floor":46.0},{"not_picked":["Beam Cell+1","Hello World+1"],"picked":"Redo+1","floor":47.0}],"player_experience":1768195,"relics_obtained":[{"floor":7.0,"key":"Girya"},{"floor":9.0,"key":"Mango"},{"floor":19.0,"key":"Necronomicon"},{"floor":23.0,"key":"Toxic Egg 2"},{"floor":25.0,"key":"MealTicket"},{"floor":26.0,"key":"Mercury Hourglass"},{"floor":30.0,"key":"White Beast Statue"},{"floor":40.0,"key":"Blood Vial"},{"floor":42.0,"key":"Vajra"},{"floor":43.0,"key":"Regal Pillow"}],"event_choices":[{"damage_healed":0.0,"max_hp_gain":0.0,"max_hp_loss":7.0,"gold_gain":0.0,"event_name":"Golden Idol","player_choice":"Lose Max HP","floor":11.0,"gold_loss":0.0,"damage_taken":0.0,"relics_obtained":["Golden Idol"]},{"cards_removed":["Strike_B"],"damage_healed":0.0,"max_hp_gain":0.0,"max_hp_loss":0.0,"gold_gain":0.0,"event_name":"Bonfire Elementals","player_choice":"Offered Basic","floor":12.0,"gold_loss":0.0,"damage_taken":0.0},{"damage_healed":0.0,"max_hp_gain":0.0,"max_hp_loss":0.0,"gold_gain":0.0,"event_name":"Cursed Tome","player_choice":"Obtained Book","floor":19.0,"gold_loss":0.0,"damage_taken":16.0},{"damage_healed":0.0,"max_hp_gain":0.0,"max_hp_loss":41.0,"gold_gain":0.0,"event_name":"Ghosts","player_choice":"Became a Ghost","floor":20.0,"gold_loss":0.0,"damage_taken":0.0,"cards_obtained":["Ghostly","Ghostly","Ghostly","Ghostly","Ghostly"]},{"damage_healed":0.0,"max_hp_gain":0.0,"max_hp_loss":0.0,"gold_gain":0.0,"event_name":"Addict","player_choice":"Obtained Relic","floor":27.0,"gold_loss":85.0,"damage_taken":0.0,"relics_obtained":["Kunai"]},{"damage_healed":0.0,"max_hp_gain":0.0,"max_hp_loss":0.0,"gold_gain":100.0,"event_name":"Golden Shrine","player_choice":"Pray","floor":36.0,"gold_loss":0.0,"damage_taken":0.0},{"cards_removed":["Strike_B"],"damage_healed":0.0,"max_hp_gain":0.0,"max_hp_loss":0.0,"gold_gain":0.0,"event_name":"Falling","player_choice":"Removed Attack","floor":39.0,"gold_loss":0.0,"damage_taken":0.0}],"is_beta":false,"boss_relics":[{"not_picked":["SacredBark","FrozenCore"],"picked":"Nuclear Battery"},{"not_picked":["Velvet Choker","Snecko Eye"],"picked":"Tiny House"}],"items_purged_floors":[44,48],"is_endless":false,"potions_floor_spawned":[2,4,13,16,31,33,35,37,38,40,41,42,46,47],"ascension_level":1}}