{"host":"oh2im4g9zxdu5z5u","time":1610229261,"event":{"mods":["2.2 Compatiblity","AchievementEnabler","BaseMod","Colored Map","Colored Powertips","Downfall","Highlight Path","Minty Spire (QoL Compilation)","StSLib","everything is the same but u backflip on backflip"],"gold_per_floor":[99,111,124,32,32,50,50,225,225,239,258,268,193,218,233,233,233,233],"floor_reached":16,"playtime":1320,"items_purged":[],"score":129,"play_id":"363f4f7a-5f1d-48f7-801c-d073d3afac95","local_time":"20210109155421","is_ascension_mode":false,"campfire_choices":[{"floor":1,"key":"RECALL"},{"data":"Slimebound:RejuvenatingLick","floor":13,"key":"SMITH"}],"circlet_count":0,"master_deck":["Slimebound:Strike_Slimebound","Slimebound:Strike_Slimebound","Slimebound:Strike_Slimebound","Slimebound:Tackle","Slimebound:Defend_Slimebound","Slimebound:Defend_Slimebound","Slimebound:Defend_Slimebound","Slimebound:Defend_Slimebound","Slimebound:Split","Slimebound:CorrosiveSpit","Slimebound:LeechingTouch","Slimebound:LeechEnergy","Slimebound:SamplingLick","Slimebound:SamplingLick","Slimebound:Schlurp","Slimebound:FormOfPuddle","Doubt","Pain","Slimebound:Teamwork","Slimebound:TongueLash","Slimebound:RejuvenatingLick+1","Slimebound:MassFeed","Slimebound:RejuvenatingLick"],"relics":["Slimebound:AbsorbEndCombat","Strawberry","Ice Cream","WarpedTongs","downfall:HeartBlessingRed","Potion Belt"],"acts_visited":["Exordium"],"potions_floor_usage":[16,16,16],"damage_taken":[{"damage":9,"enemies":"Small Slimes","floor":2,"turns":4},{"damage":8,"enemies":"Jaw Worm","floor":3,"turns":4},{"damage":4,"enemies":"downfall:FleeingMerchant","floor":4,"turns":4},{"damage":4,"enemies":"2 Louse","floor":6,"turns":2},{"damage":26,"enemies":"Lots of Slimes","floor":10,"turns":3},{"damage":8,"enemies":"Blue Slaver","floor":11,"turns":4},{"damage":21,"enemies":"2 Fungi Beasts","floor":12,"turns":3},{"damage":31,"enemies":"Lagavulin","floor":14,"turns":6},{"damage":3,"enemies":"Large Slime","floor":15,"turns":4},{"damage":57,"enemies":"downfall:Defect","floor":16,"turns":5}],"seed_played":"-3509284098314528551","potions_obtained":[{"floor":2,"key":"sneckomod:MuddlingPotion"},{"floor":10,"key":"Energy Potion"},{"floor":14,"key":"Strength Potion"}],"is_trial":false,"path_per_floor":["R","M","M","$","?","M","T","?","?","M","M","M","R","E","M","B"],"character_chosen":"SLIMEBOUND","items_purchased":["Slimebound:SamplingLick","Slimebound:Schlurp"],"campfire_rested":0,"item_purchase_floors":[4,4],"current_hp_per_floor":[66,64,63,66,66,66,66,66,66,52,56,49,49,28,37,0,0,0],"gold":233,"neow_bonus":"TEN_PERCENT_HP_BONUS","is_daily":false,"chose_seed":false,"campfire_upgraded":1,"win_rate":0.0,"timestamp":1610229261,"path_taken":["R","M","M","$","?","M","T","?","?","?","M","M","R","E","M","BOSS"],"items_purchased_type":["Card","Card"],"build_version":"2020-12-22","purchased_purges":0,"victory":false,"max_hp_per_floor":[66,66,66,66,73,73,73,73,73,73,73,73,73,73,77,77,77,77],"card_choices":[{"not_picked":["Slimebound:SplitBruiser","Slimebound:SplitLeeching"],"picked":"Slimebound:LeechingTouch","floor":2},{"not_picked":["Slimebound:GoopSpray","Slimebound:SplitAcid"],"picked":"Slimebound:LeechEnergy","floor":3},{"not_picked":["Slimebound:SplitAcid","Slimebound:ComboTackle"],"picked":"Slimebound:SamplingLick","floor":4},{"not_picked":["Slimebound:LivingWall","Slimebound:Chomp"],"picked":"Slimebound:FormOfPuddle","floor":6},{"not_picked":["Slimebound:SamplingLick","Slimebound:GoopSpray"],"picked":"Slimebound:Teamwork","floor":10},{"not_picked":["Slimebound:ViciousTackle","Slimebound:LeechEnergy"],"picked":"Slimebound:TongueLash","floor":11},{"not_picked":["Slimebound:SplitLeeching","Slimebound:Nibble"],"picked":"Slimebound:RejuvenatingLick","floor":12},{"not_picked":["Slimebound:Dissolve","Slimebound:GrowthPunch"],"picked":"Slimebound:MassFeed","floor":14},{"not_picked":["Slimebound:SplitBruiser","Slimebound:LeadByExample"],"picked":"Slimebound:RejuvenatingLick","floor":15}],"player_experience":29911,"relics_obtained":[{"floor":7,"key":"Ice Cream"},{"floor":14,"key":"Potion Belt"}],"event_choices":[{"damage_healed":0,"gold_gain":0,"player_choice":"Success","damage_taken":7,"relics_obtained":["Strawberry"],"max_hp_gain":0,"max_hp_loss":0,"event_name":"Scrap Ooze","floor":5,"gold_loss":0},{"damage_healed":0,"gold_gain":0,"player_choice":"Rummage","damage_taken":0,"relics_obtained":["WarpedTongs"],"max_hp_gain":0,"max_hp_loss":0,"event_name":"Accursed Blacksmith","floor":9,"gold_loss":0,"cards_obtained":["Pain"]}],"is_beta":false,"boss_relics":[],"items_purged_floors":[],"is_endless":false,"potions_floor_spawned":[2,10,14],"killed_by":"downfall:Defect","ascension_level":0}}