{"host":"pno9h1fupbyz205f","time":1610225727,"event":{"mods":["Aspiration","BaseMod","Better Altar","Better Match","Better Note","Better Sensory Stone","Better Skull","Better Third Choice","Colored Map","Colored Powertips","Hubris","Infinite Spire","Jedi Mod","Mad Scientist","Marisa????????","Minty Spire (QoL Compilation)","Permanent Neow","Potionbrewer","Replay The Spire","Shop Mod","Spicy Shops","StSLib","Td1madao Mod","The Blackbeard","The Gatherer","The Hierophant","The Poker Player","The Runesmith","The Servant 0.9.4","thorton","vexMod"],"gold_per_floor":[112,62,62,15,27,27,27,27,53,53,76,76,87,12,12,12,12],"floor_reached":16,"playtime":389,"items_purged":["hierophant:Strike_Hierophant"],"score":96,"play_id":"66e51a5c-e3e0-463a-bc84-aabef6c634b9","local_time":"20210109125527","is_ascension_mode":false,"campfire_choices":[{"data":"infinitespire:FutureSight","floor":6,"key":"SMITH"},{"data":"hierophant:Invocation","floor":10,"key":"SMITH"},{"floor":12,"key":"REST"},{"data":"hierophant:Glossolalia","floor":15,"key":"SMITH"}],"circlet_count":0,"master_deck":["hierophant:Strike_Hierophant","hierophant:Strike_Hierophant","hierophant:Strike_Hierophant","hierophant:Defend_Hierophant","hierophant:Defend_Hierophant","hierophant:Defend_Hierophant","hierophant:Defend_Hierophant","hierophant:ChurchCoffers+1","hierophant:FieryStrike","infinitespire:FutureSight+1","hierophant:ThreeLashes","hierophant:Invocation+1","hierophant:Glossolalia+1","hierophant:Martyrdom"],"relics":["hierophant:PropheticMaskRelic","Regal Pillow","hubris:BottledRain"],"acts_visited":["Exordium"],"potions_floor_usage":[13,16],"damage_taken":[{"damage":1,"enemies":"Cultist","floor":1,"turns":3},{"damage":5,"enemies":"Small Slimes","floor":5,"turns":3},{"damage":41,"enemies":"Lagavulin","floor":11,"turns":8},{"damage":5,"enemies":"Jaw Worm","floor":13,"turns":3},{"damage":43,"enemies":"The Guardian","floor":16,"turns":6}],"seed_played":"-9206891709827643463","potions_obtained":[{"floor":1,"key":"SpeedPotion"},{"floor":11,"key":"BlessingOfTheForge"}],"is_trial":false,"path_per_floor":["M","?","?","$","M","R","$","?","T","R","E","R","M","$","R","B"],"character_chosen":"HIEROPHANT","items_purchased":["hierophant:ThreeLashes"],"campfire_rested":1,"item_purchase_floors":[4],"current_hp_per_floor":[74,74,56,56,51,51,51,51,51,51,10,47,42,42,42,0,0],"gold":12,"neow_bonus":"UPGRADE_CARD","is_daily":false,"chose_seed":false,"campfire_upgraded":3,"win_rate":0.0,"timestamp":1610225727,"path_taken":["M","?","?","$","?","R","?","?","T","R","E","R","M","$","R","BOSS"],"items_purchased_type":["Card"],"build_version":"2020-12-22","purchased_purges":1,"victory":false,"max_hp_per_floor":[75,75,75,75,75,75,75,75,75,75,75,75,75,75,75,75,75],"card_choices":[{"not_picked":["hierophant:AuricShield","hierophant:Exaltation"],"picked":"hierophant:FieryStrike","floor":1},{"not_picked":["infinitespire:Gouge","ReplayTheSpireMod:Echoes of Time"],"picked":"infinitespire:FutureSight","floor":3},{"not_picked":["hierophant:MorningPrayer","hierophant:Doubloon","hierophant:Upheaval"],"picked":"SKIP","floor":5},{"not_picked":["hierophant:Zeal","hierophant:Alms"],"picked":"hierophant:Glossolalia","floor":11},{"not_picked":["hierophant:RustyCrate","hierophant:TollTheBells"],"picked":"hierophant:Martyrdom","floor":13}],"player_experience":135372,"relics_obtained":[{"floor":9,"key":"Regal Pillow"},{"floor":11,"key":"hubris:BottledRain"}],"event_choices":[{"cards_removed":["hierophant:Punish"],"damage_healed":0,"gold_gain":0,"player_choice":"Card Removal","damage_taken":0,"max_hp_gain":0,"max_hp_loss":0,"event_name":"The Cleric","floor":2,"gold_loss":50},{"damage_healed":0,"gold_gain":1,"player_choice":"4","damage_taken":0,"max_hp_gain":0,"max_hp_loss":0,"event_name":"betterStone:BetterStone","floor":8,"gold_loss":0,"cards_obtained":["hierophant:Invocation"]}],"is_beta":false,"boss_relics":[],"items_purged_floors":[14],"is_endless":false,"potions_floor_spawned":[1,11],"killed_by":"The Guardian","ascension_level":0}}