{"host":"z4nt7tdd4gjrinn7","time":1610225597,"event":{"mods":["BaseMod","Minty Spire (QoL Compilation)","StSLib","The Servant 0.9.4"],"gold_per_floor":[215,227,35,54,32,32,32,32,32,32,42,42,54,68,68,166,166,185,155,12,32,46,46,46,46,46,46,46,58,69,69,69,69,69],"floor_reached":33,"playtime":1422,"items_purged":[],"score":237,"play_id":"23e2dcd6-e0da-48d1-ae7c-b742339ca249","local_time":"20210109155317","is_ascension_mode":false,"campfire_choices":[{"data":"Fire Breathing","floor":6,"key":"SMITH"},{"data":"Perfected Strike","floor":10,"key":"SMITH"},{"data":"Thunderclap","floor":12,"key":"SMITH"},{"data":"Immolate","floor":15,"key":"SMITH"},{"floor":23,"key":"REST"},{"floor":25,"key":"REST"},{"data":"Perfected Strike","floor":28,"key":"SMITH"},{"floor":32,"key":"REST"}],"circlet_count":0,"master_deck":["Strike_R","Strike_R","Strike_R","Strike_R","Strike_R","Defend_R","Defend_R","Defend_R","Defend_R","Bash","Thunderclap+1","Anger","Fire Breathing+1","Perfected Strike+1","Armaments","Parasite","Reckless Charge","Perfected Strike+1","Immolate+1","Reaper","Dual Wield+1","Anger","Uppercut","Shrug It Off","Wild Strike","Perfected Strike","Infernal Blade","Dropkick+1"],"relics":["Black Blood","Anchor","Vajra","Mummified Hand","Dream Catcher","Bag of Marbles"],"acts_visited":["Exordium","TheCity"],"potions_floor_usage":[33,33,33],"damage_taken":[{"damage":0,"enemies":"Cultist","floor":1,"turns":4},{"damage":0,"enemies":"2 Louse","floor":2,"turns":3},{"damage":1,"enemies":"Jaw Worm","floor":4,"turns":2},{"damage":5,"enemies":"Looter","floor":11,"turns":3},{"damage":0,"enemies":"Red Slaver","floor":13,"turns":1},{"damage":0,"enemies":"2 Fungi Beasts","floor":14,"turns":2},{"damage":1,"enemies":"Slime Boss","floor":16,"turns":6},{"damage":10,"enemies":"3 Byrds","floor":18,"turns":3},{"damage":25,"enemies":"Spheric Guardian","floor":21,"turns":4},{"damage":43,"enemies":"3 Cultists","floor":22,"turns":5},{"damage":0,"enemies":"Chosen and Byrds","floor":29,"turns":4},{"damage":39,"enemies":"Shelled Parasite and Fungi","floor":30,"turns":7},{"damage":80,"enemies":"Automaton","floor":33,"turns":6}],"seed_played":"6669609329353173184","potions_obtained":[{"floor":2,"key":"BlessingOfTheForge"},{"floor":4,"key":"EssenceOfSteel"},{"floor":14,"key":"EssenceOfSteel"},{"floor":18,"key":"Ancient Potion"},{"floor":19,"key":"AttackPotion"}],"is_trial":false,"path_per_floor":["M","M","$","M","$","R","?","?","T","R","M","R","M","M","R","B",null,"M","?","$","M","M","R","$","R","T","$","R","M","M","?","R","B"],"character_chosen":"IRONCLAD","items_purchased":["Fire Breathing","Anchor","Armaments","Dream Catcher"],"campfire_rested":3,"item_purchase_floors":[3,3,5,20],"current_hp_per_floor":[80,80,80,80,80,80,80,80,80,80,80,80,80,80,80,80,80,80,80,80,67,36,60,60,80,80,80,80,80,60,60,80,0,0],"gold":69,"neow_bonus":"HUNDRED_GOLD","is_daily":false,"chose_seed":false,"campfire_upgraded":5,"win_rate":0.0,"timestamp":1610225597,"path_taken":["M","M","$","?","$","R","?","?","T","R","M","R","M","M","R","BOSS","M","?","$","M","M","R","$","R","T","?","R","M","?","?","R","BOSS"],"items_purchased_type":["Card","Relic","Card","Relic"],"build_version":"2020-12-22","purchased_purges":0,"victory":false,"max_hp_per_floor":[80,80,80,80,80,80,80,80,80,80,80,80,80,80,80,80,80,80,80,80,80,80,80,80,80,80,80,80,80,80,80,80,80,80],"card_choices":[{"not_picked":["Infernal Blade","Warcry"],"picked":"Thunderclap","floor":1},{"not_picked":["Sword Boomerang","Burning Pact"],"picked":"Anger","floor":2},{"not_picked":["Headbutt","Pommel Strike"],"picked":"Perfected Strike","floor":4},{"not_picked":["Pommel Strike","Sword Boomerang"],"picked":"Reckless Charge","floor":11},{"not_picked":["Infernal Blade","Blood for Blood"],"picked":"Perfected Strike","floor":13},{"not_picked":["Rampage","Inflame"],"picked":"Immolate","floor":14},{"not_picked":["Fiend Fire","Berserk"],"picked":"Reaper","floor":16},{"not_picked":["Armaments","Heavy Blade"],"picked":"Dual Wield+1","floor":18},{"not_picked":["Intimidate","Sword Boomerang"],"picked":"Anger","floor":21},{"not_picked":["Power Through","True Grit"],"picked":"Uppercut","floor":22},{"not_picked":["Sword Boomerang","Dropkick"],"picked":"Shrug It Off","floor":23},{"not_picked":["Dropkick","Pummel"],"picked":"Wild Strike","floor":25},{"not_picked":["Clash","Barricade"],"picked":"Perfected Strike","floor":29},{"not_picked":["Iron Wave","Warcry"],"picked":"Infernal Blade","floor":30},{"not_picked":["Iron Wave","Seeing Red"],"picked":"Dropkick+1","floor":32}],"player_experience":30097,"relics_obtained":[{"floor":9,"key":"Mummified Hand"},{"floor":26,"key":"Bag of Marbles"}],"event_choices":[{"damage_healed":20,"gold_gain":0,"player_choice":"Healed and dodged fight","damage_taken":0,"max_hp_gain":0,"max_hp_loss":0,"event_name":"Mushrooms","floor":7,"gold_loss":0,"cards_obtained":["Parasite"]},{"damage_healed":0,"gold_gain":0,"player_choice":"Gave Potion","damage_taken":0,"relics_obtained":["Vajra"],"max_hp_gain":0,"max_hp_loss":0,"event_name":"WeMeetAgain","floor":8,"gold_loss":0},{"damage_healed":0,"gold_gain":0,"player_choice":"Bought 2 Potions","damage_taken":0,"max_hp_gain":0,"max_hp_loss":0,"event_name":"The Woman in Blue","floor":19,"gold_loss":0},{"damage_healed":0,"gold_gain":0,"player_choice":"Ignored","damage_taken":0,"max_hp_gain":0,"max_hp_loss":0,"event_name":"Cursed Tome","floor":31,"gold_loss":0}],"is_beta":false,"boss_relics":[{"not_picked":["Philosopher\u0027s Stone","SlaversCollar"],"picked":"Black Blood"}],"items_purged_floors":[],"is_endless":false,"potions_floor_spawned":[2,4,14,18,21],"killed_by":"Automaton","ascension_level":0}}