{"host":"pvafbce70weqvzks","time":1610172338,"event":{"mods":["BaseMod","Gremlin Mod","Hermit","Minty Spire (QoL Compilation)","StSLib","themimic"],"gold_per_floor":[111,130,149,149,119,119,119,119,187,219,219,239,239,264,264,366,366,381,392,392,392,34,68,68,68,118,118,118,131,166,181,181,181,181],"floor_reached":33,"playtime":1121,"items_purged":[],"score":281,"play_id":"b1051046-630d-4789-87ab-de23902d5aad","local_time":"20210109030538","is_ascension_mode":false,"campfire_choices":[{"data":"Flex","floor":6,"key":"SMITH"},{"floor":8,"key":"REST"},{"data":"Wild Strike","floor":13,"key":"SMITH"},{"data":"Twin Strike","floor":15,"key":"SMITH"},{"floor":25,"key":"REST"},{"floor":28,"key":"REST"},{"floor":32,"key":"REST"}],"circlet_count":0,"master_deck":["Strike_R","Strike_R","Strike_R","Strike_R","Strike_R+1","Defend_R","Defend_R+1","Defend_R","Defend_R","Bash","Wild Strike+1","Sword Boomerang","Twin Strike+1","Flex+1","Searing Blow","Flex+1","Juggernaut","Rampage+1","Headbutt+1","Blood for Blood","Secret Weapon+1","Flex+1","Dropkick+1","Writhe","Decay","Anger","Shrug It Off+1","Armaments+1"],"relics":["Burning Blood","TungstenRod","Toxic Egg 2","Centennial Puzzle","Strawberry","Philosopher\u0027s Stone","MutagenicStrength","Red Skull","Vajra","Charon\u0027s Ashes","Bag of Marbles","Art of War"],"acts_visited":["Exordium","TheCity"],"potions_floor_usage":[5,23,33,33,33],"damage_taken":[{"damage":4,"enemies":"Jaw Worm","floor":1,"turns":5},{"damage":0,"enemies":"2 Louse","floor":2,"turns":3},{"damage":0,"enemies":"Cultist","floor":3,"turns":3},{"damage":0,"enemies":"Looter","floor":5,"turns":4},{"damage":16,"enemies":"Lagavulin","floor":10,"turns":5},{"damage":5,"enemies":"Large Slime","floor":12,"turns":6},{"damage":28,"enemies":"Slime Boss","floor":16,"turns":11},{"damage":8,"enemies":"Shell Parasite","floor":18,"turns":3},{"damage":25,"enemies":"2 Thieves","floor":19,"turns":3},{"damage":55,"enemies":"Slavers","floor":23,"turns":4},{"damage":9,"enemies":"3 Cultists","floor":29,"turns":4},{"damage":31,"enemies":"Book of Stabbing","floor":30,"turns":4},{"damage":15,"enemies":"Shelled Parasite and Fungi","floor":31,"turns":2},{"damage":109,"enemies":"Automaton","floor":33,"turns":10}],"seed_played":"164103169273954235","potions_obtained":[{"floor":3,"key":"DuplicationPotion"},{"floor":10,"key":"Regen Potion"},{"floor":12,"key":"Energy Potion"},{"floor":23,"key":"BloodPotion"},{"floor":30,"key":"SteroidPotion"}],"is_trial":false,"path_per_floor":["M","M","M","?","M","R","?","R","T","E","?","M","R","T","R","B",null,"M","M","?","?","$","E","?","R","T","?","R","M","E","M","R","B"],"character_chosen":"IRONCLAD","items_purchased":["Secret Weapon+1","Flex+1","Red Skull"],"campfire_rested":4,"item_purchase_floors":[22,22,22],"current_hp_per_floor":[58,64,70,70,76,76,61,80,80,70,75,76,76,83,83,61,92,90,71,71,71,71,34,34,61,61,61,88,85,60,51,78,0,0],"gold":181,"neow_bonus":"ONE_RARE_RELIC","is_daily":false,"chose_seed":false,"campfire_upgraded":3,"win_rate":0.0,"timestamp":1610172338,"path_taken":["M","M","M","?","M","R","?","R","T","E","?","?","R","?","R","BOSS","M","?","?","?","$","E","?","R","T","?","R","M","E","M","R","BOSS"],"items_purchased_type":["Card","Card","Relic"],"build_version":"2020-12-22","purchased_purges":0,"victory":false,"max_hp_per_floor":[80,80,80,80,80,80,80,80,80,80,85,85,85,92,92,92,92,92,92,92,92,92,92,92,92,92,92,92,92,92,92,92,92,92],"card_choices":[{"not_picked":["Clothesline","Feel No Pain"],"picked":"Wild Strike","floor":1},{"not_picked":["Fire Breathing","Clothesline"],"picked":"Sword Boomerang","floor":2},{"not_picked":["Body Slam","Bloodletting"],"picked":"Twin Strike","floor":3},{"not_picked":["Disarm","Intimidate"],"picked":"Flex","floor":5},{"not_picked":["Fiend Fire","Metallicize"],"picked":"Searing Blow","floor":10},{"not_picked":["Sever Soul","Burning Pact+1"],"picked":"Flex+1","floor":12},{"not_picked":["Corruption","Reaper"],"picked":"Juggernaut","floor":16},{"not_picked":["Warcry+1","Flex+1"],"picked":"Rampage+1","floor":18},{"not_picked":["Twin Strike","Rampage+1"],"picked":"Headbutt+1","floor":19},{"not_picked":["True Grit+1","Berserk"],"picked":"Dropkick+1","floor":23},{"not_picked":["Thunderclap","Iron Wave"],"picked":"Anger","floor":29},{"not_picked":["Heavy Blade+1","Wild Strike"],"picked":"Shrug It Off+1","floor":30},{"not_picked":["Shrug It Off+1","Whirlwind+1"],"picked":"Armaments+1","floor":31}],"player_experience":62059,"relics_obtained":[{"floor":9,"key":"Toxic Egg 2"},{"floor":10,"key":"Centennial Puzzle"},{"floor":14,"key":"Strawberry"},{"floor":23,"key":"Vajra"},{"floor":26,"key":"Bag of Marbles"},{"floor":30,"key":"Art of War"}],"event_choices":[{"damage_healed":0,"gold_gain":0,"player_choice":"Ignored","damage_taken":0,"max_hp_gain":0,"max_hp_loss":0,"event_name":"Liars Game","floor":4,"gold_loss":0},{"damage_healed":0,"gold_gain":0,"player_choice":"Entered Light","damage_taken":16,"max_hp_gain":0,"max_hp_loss":0,"event_name":"Shining Light","floor":7,"gold_loss":0,"cards_upgraded":["Defend_R","Strike_R"]},{"damage_healed":0,"gold_gain":0,"player_choice":"Donut","damage_taken":0,"max_hp_gain":5,"max_hp_loss":0,"event_name":"Big Fish","floor":11,"gold_loss":0},{"damage_healed":0,"gold_gain":0,"player_choice":"Inject Mutagens","damage_taken":0,"relics_obtained":["MutagenicStrength"],"max_hp_gain":0,"max_hp_loss":0,"event_name":"Drug Dealer","floor":20,"gold_loss":0},{"damage_healed":0,"gold_gain":0,"player_choice":"Read","damage_taken":0,"max_hp_gain":0,"max_hp_loss":0,"event_name":"The Library","floor":21,"gold_loss":0,"cards_obtained":["Blood for Blood"]},{"damage_healed":0,"gold_gain":0,"player_choice":"Opened","damage_taken":0,"relics_obtained":["Charon\u0027s Ashes"],"max_hp_gain":0,"max_hp_loss":0,"event_name":"The Mausoleum","floor":24,"gold_loss":0,"cards_obtained":["Writhe"]},{"damage_healed":0,"gold_gain":0,"player_choice":"Smashed Altar","damage_taken":0,"max_hp_gain":0,"max_hp_loss":0,"event_name":"Forgotten Altar","floor":27,"gold_loss":0,"cards_obtained":["Decay"]}],"is_beta":false,"boss_relics":[{"not_picked":["Fusion Hammer","Ectoplasm"],"picked":"Philosopher\u0027s Stone"}],"items_purged_floors":[],"is_endless":false,"potions_floor_spawned":[3,10,12,23,30,31],"killed_by":"Automaton","ascension_level":0}}