{"host":"pqs17sqrgflf4eqa","time":1610228107,"event":{"mods":["AchievementEnabler","BaseMod","Bestiary","Better Altar","Colored Map","Colored Powertips","Emptier Cage","Googly Eyes","Highlight Path","Minty Spire (QoL Compilation)","Quick Restart","StSLib","SuperFastMode","Transform Curses","slay the spire mod where everything is the same but ironclad has a cowboy hat"],"gold_per_floor":[118,133,133,133,103,136,136,179,206,226,5,5,26,61,61,184,184,205,205,205,224,236,236,250,285,285,305,337,337,337,368,368,368,368],"floor_reached":33,"playtime":952,"items_purged":[],"score":418,"play_id":"0f3bde7f-63e3-4d03-8dab-f84df2eddbb6","local_time":"20210109163507","is_ascension_mode":true,"campfire_choices":[{"data":"Hologram","floor":7,"key":"SMITH"},{"floor":12,"key":"REST"},{"data":"Echo Form","floor":15,"key":"SMITH"},{"floor":23,"key":"REST"},{"data":"1","floor":32,"key":"LIFT"}],"circlet_count":0,"master_deck":["Strike_B","Strike_B","Strike_B","Strike_B","Defend_B","Defend_B","Defend_B","Defend_B","Zap+1","Dualcast","Sweeping Beam","Streamline","Hologram+1","Echo Form+1","Gash","Leap","FTL","Barrage","Chill","Conserve Battery","All For One","Leap+1","RitualDagger","Cold Snap+1","Conserve Battery","Undo+1","Cold Snap+1","Compile Driver","Darkness"],"relics":["Cracked Core","Vajra","Bloody Idol","Lantern","Tiny Chest","Art of War","Pear","Cursed Key","Blood Vial","Girya","Torii","Bag of Preparation","Gremlin Horn"],"acts_visited":["Exordium","TheCity"],"potions_floor_usage":[6,8,14,14,16,25,28,31],"damage_taken":[{"damage":0,"enemies":"Cultist","floor":1,"turns":2},{"damage":6,"enemies":"2 Louse","floor":2,"turns":2},{"damage":35,"enemies":"3 Sentries","floor":6,"turns":5},{"damage":25,"enemies":"Lagavulin","floor":8,"turns":6},{"damage":0,"enemies":"Small Slimes","floor":10,"turns":2},{"damage":6,"enemies":"Exordium Thugs","floor":13,"turns":3},{"damage":0,"enemies":"Gremlin Nob","floor":14,"turns":2},{"damage":21,"enemies":"Hexaghost","floor":16,"turns":8},{"damage":22,"enemies":"Shell Parasite","floor":18,"turns":5},{"damage":0,"enemies":"3 Byrds","floor":21,"turns":3},{"damage":15,"enemies":"Snecko","floor":22,"turns":5},{"damage":16,"enemies":"Chosen and Byrds","floor":24,"turns":5},{"damage":24,"enemies":"Book of Stabbing","floor":25,"turns":5},{"damage":8,"enemies":"Centurion and Healer","floor":27,"turns":6},{"damage":8,"enemies":"Gremlin Leader","floor":28,"turns":5},{"damage":8,"enemies":"Book of Stabbing","floor":31,"turns":4},{"damage":36,"enemies":"Champ","floor":33,"turns":8}],"seed_played":"2468840107517032743","potions_obtained":[{"floor":5,"key":"EssenceOfDarkness"},{"floor":5,"key":"Regen Potion"},{"floor":6,"key":"Fire Potion"},{"floor":14,"key":"Block Potion"},{"floor":16,"key":"Energy Potion"},{"floor":21,"key":"DuplicationPotion"},{"floor":28,"key":"ColorlessPotion"}],"is_trial":false,"path_per_floor":["M","M","?","?","?","E","R","E","T","M","$","R","M","E","R","B",null,"M","?","?","M","M","R","M","E","T","M","E","T","?","E","R","B"],"character_chosen":"DEFECT","items_purchased":["Leap","FTL","Explosive Potion","Barrage"],"campfire_rested":2,"item_purchase_floors":[11,11,11,11],"current_hp_per_floor":[75,69,69,69,69,43,43,18,18,18,18,38,32,42,42,21,79,57,35,29,36,28,51,42,25,25,24,23,23,23,22,22,0,0],"gold":368,"neow_bonus":"RANDOM_COMMON_RELIC","is_daily":false,"chose_seed":false,"campfire_upgraded":2,"win_rate":0.0,"timestamp":1610228107,"path_taken":["M","?","?","?","?","E","R","E","T","?","$","R","M","E","R","BOSS","M","?","?","M","M","R","M","E","T","M","E","?","?","E","R","BOSS"],"items_purchased_type":["Card","Card","Potion","Card"],"build_version":"2020-12-22","purchased_purges":0,"victory":false,"max_hp_per_floor":[75,75,69,69,69,69,69,69,69,69,69,69,69,79,79,79,79,79,79,79,79,79,79,79,79,79,79,79,79,79,79,79,79,79],"card_choices":[{"not_picked":["Conserve Battery","Doom and Gloom"],"picked":"Sweeping Beam","floor":1},{"not_picked":["Compile Driver","Auto Shields"],"picked":"Streamline","floor":2},{"not_picked":["Scrape","Chill"],"picked":"Hologram","floor":6},{"not_picked":["Force Field","Amplify"],"picked":"Echo Form","floor":8},{"not_picked":["Turbo","Recycle"],"picked":"Gash","floor":10},{"not_picked":["Barrage","Chaos"],"picked":"Chill","floor":13},{"not_picked":["Redo","Sweeping Beam"],"picked":"Conserve Battery","floor":14},{"not_picked":["Amplify","Seek"],"picked":"All For One","floor":16},{"not_picked":["Tempest","Consume"],"picked":"Leap+1","floor":18},{"not_picked":["Steam","Conserve Battery+1"],"picked":"Cold Snap+1","floor":21},{"not_picked":["Sweeping Beam","Aggregate+1"],"picked":"Conserve Battery","floor":22},{"not_picked":["Beam Cell","Stack"],"picked":"Undo+1","floor":24},{"not_picked":["Hologram","Barrage"],"picked":"Cold Snap+1","floor":25},{"not_picked":["Cold Snap","Melter+1","Rebound"],"picked":"SKIP","floor":27},{"not_picked":["Barrage+1","Rebound"],"picked":"Compile Driver","floor":28},{"not_picked":["Machine Learning","Streamline"],"picked":"Darkness","floor":31}],"player_experience":145530,"relics_obtained":[{"floor":6,"key":"Lantern"},{"floor":8,"key":"Tiny Chest"},{"floor":9,"key":"Art of War"},{"floor":14,"key":"Pear"},{"floor":25,"key":"Girya"},{"floor":26,"key":"Torii"},{"floor":28,"key":"Bag of Preparation"},{"floor":31,"key":"Gremlin Horn"}],"event_choices":[{"damage_healed":0,"gold_gain":0,"player_choice":"Lose Max HP","damage_taken":0,"relics_obtained":["Golden Idol"],"max_hp_gain":0,"max_hp_loss":6,"event_name":"Golden Idol","floor":3,"gold_loss":0},{"damage_healed":0,"gold_gain":0,"player_choice":"Grow","damage_taken":0,"max_hp_gain":0,"max_hp_loss":0,"event_name":"Living Wall","floor":4,"gold_loss":0,"cards_upgraded":["Zap"]},{"damage_healed":0,"gold_gain":0,"player_choice":"Bought 2 Potions","damage_taken":0,"max_hp_gain":0,"max_hp_loss":0,"event_name":"The Woman in Blue","floor":5,"gold_loss":0},{"damage_healed":0,"gold_gain":0,"player_choice":" GoldIdol Vial ","damage_taken":22,"relics_obtained":["Bloody Idol","Blood Vial"],"max_hp_gain":57,"max_hp_loss":35,"event_name":"betterAltar:BetterAltar","floor":19,"potions_obtained":[],"relics_lost":["Golden Idol"],"gold_loss":0},{"damage_healed":0,"gold_gain":0,"player_choice":"Joined the Cult","damage_taken":6,"max_hp_gain":0,"max_hp_loss":0,"event_name":"Nest","floor":20,"gold_loss":0,"cards_obtained":["RitualDagger"]},{"cards_removed":["Writhe"],"damage_healed":0,"gold_gain":0,"player_choice":"Card Removal","damage_taken":0,"max_hp_gain":0,"max_hp_loss":0,"event_name":"Wheel of Change","floor":30,"gold_loss":0}],"is_beta":false,"boss_relics":[{"not_picked":["Pandora\u0027s Box","FrozenCore"],"picked":"Cursed Key"}],"items_purged_floors":[],"is_endless":false,"potions_floor_spawned":[6,14,16,21,28],"killed_by":"Champ","ascension_level":4}}