{"host":"dhv3u8yhd2rnugsp","time":1610235622,"event":{"mods":["BaseMod","Block Reminder","Colored Map","Googly Eyes","Highlight Path","Minty Spire (QoL Compilation)","Permanent Neow","Quick Restart","Random Character Button","StSLib"],"gold_per_floor":[109,122,122,133,146,146,164,198,222,222,264,264,293,323,323,411,411,426,426,435,455,52,52,89,99,99,99,79,102,114,149,149,149,149],"floor_reached":33,"playtime":1741,"items_purged":["Strike_P"],"score":642,"play_id":"9fae5462-3f9b-4884-83cb-551d728f7707","local_time":"20210109174022","is_ascension_mode":true,"campfire_choices":[{"data":"TalkToTheHand","floor":6.0,"key":"SMITH"},{"data":"Judgement","floor":10.0,"key":"SMITH"},{"data":"Vault","floor":12.0,"key":"SMITH"},{"floor":15.0,"key":"REST"},{"data":"Scrawl","floor":23.0,"key":"SMITH"},{"data":"TalkToTheHand","floor":27,"key":"SMITH"},{"data":"Eruption","floor":32,"key":"SMITH"}],"circlet_count":0,"master_deck":["AscendersBane","Strike_P","Strike_P","Strike_P","Defend_P","Defend_P+1","Defend_P","Defend_P","Eruption+1","Vigilance","CutThroughFate+1","TalkToTheHand+1","Judgement+1","BattleHymn","Vault+1","TalkToTheHand+1","WheelKick","Scrawl+1","InnerPeace+1","FlurryOfBlows","Indignation+1","EmptyFist","ClearTheMind+1"],"relics":["PureWater","FossilizedHelix","Yang","CeramicFish","Pen Nib","Odd Mushroom","SlaversCollar","Dead Branch","PreservedInsect","Tiny Chest","War Paint"],"acts_visited":["Exordium","TheCity"],"potions_floor_usage":[31,31],"damage_taken":[{"damage":0.0,"enemies":"Jaw Worm","floor":1.0,"turns":2.0},{"damage":0.0,"enemies":"Small Slimes","floor":2.0,"turns":3.0},{"damage":0.0,"enemies":"Cultist","floor":4.0,"turns":3.0},{"damage":0.0,"enemies":"2 Fungi Beasts","floor":5.0,"turns":3.0},{"damage":8.0,"enemies":"3 Louse","floor":7.0,"turns":3.0},{"damage":5.0,"enemies":"3 Sentries","floor":8.0,"turns":6.0},{"damage":0.0,"enemies":"Lagavulin","floor":11.0,"turns":6.0},{"damage":0.0,"enemies":"Exordium Wildlife","floor":13.0,"turns":2.0},{"damage":12.0,"enemies":"The Mushroom Lair","floor":14.0,"turns":4.0},{"damage":18.0,"enemies":"The Guardian","floor":16.0,"turns":9.0},{"damage":0.0,"enemies":"Spheric Guardian","floor":18.0,"turns":2.0},{"damage":0.0,"enemies":"Chosen","floor":21.0,"turns":4.0},{"damage":0.0,"enemies":"Book of Stabbing","floor":24.0,"turns":6.0},{"damage":0,"enemies":"Centurion and Healer","floor":25,"turns":6},{"damage":0,"enemies":"Chosen and Byrds","floor":29,"turns":4},{"damage":0,"enemies":"Snake Plant","floor":30,"turns":3},{"damage":8,"enemies":"Slavers","floor":31,"turns":4},{"damage":135,"enemies":"Automaton","floor":33,"turns":7}],"seed_played":"7564125408389705552","potions_obtained":[{"floor":5.0,"key":"Ancient Potion"},{"floor":7.0,"key":"Weak Potion"},{"floor":8.0,"key":"PowerPotion"},{"floor":13.0,"key":"DuplicationPotion"},{"floor":18.0,"key":"SmokeBomb"},{"floor":24.0,"key":"PowerPotion"},{"floor":25,"key":"DistilledChaos"},{"floor":30,"key":"Block Potion"}],"is_trial":false,"path_per_floor":["M","M","?","M","M","R","M","E","T","R","E","R","M","?","R","B",null,"M","?","?","M","$","R","E","M","T","R","?","M","M","E","R","B"],"character_chosen":"WATCHER","items_purchased":["Dead Branch"],"campfire_rested":1,"item_purchase_floors":[22],"current_hp_per_floor":[61,61,42,42,42,42,34,29,29,29,29,29,29,17,35,17,51,51,51,51,51,51,51,51,51,51,51,51,51,51,43,43,0,0],"gold":149,"neow_bonus":"ONE_RARE_RELIC","is_daily":false,"chose_seed":false,"campfire_upgraded":6,"win_rate":0.0,"timestamp":1610235622,"path_taken":["M","M","?","M","M","R","M","E","T","R","E","R","M","?","R","BOSS","M","?","?","M","$","R","E","M","T","R","?","M","?","E","R","BOSS"],"items_purchased_type":["Relic"],"build_version":"2020-12-22","purchased_purges":1,"victory":false,"max_hp_per_floor":[62,62,62,62,62,62,62,62,62,62,62,62,62,62,62,62,62,62,62,62,62,62,62,62,62,62,62,62,62,62,62,62,62,62],"card_choices":[{"not_picked":["EmptyFist","ClearTheMind"],"picked":"CutThroughFate","floor":1.0},{"not_picked":["Nirvana","ReachHeaven"],"picked":"TalkToTheHand","floor":2.0},{"not_picked":["SashWhip","Evaluate","PathToVictory"],"picked":"SKIP","floor":4.0},{"not_picked":["PathToVictory","ForeignInfluence","FollowUp"],"picked":"SKIP","floor":5.0},{"not_picked":["JustLucky","Collect"],"picked":"Judgement","floor":7.0},{"not_picked":["Evaluate","JustLucky"],"picked":"BattleHymn","floor":8.0},{"not_picked":["Crescendo","WheelKick"],"picked":"Vault","floor":11.0},{"not_picked":["Crescendo","PathToVictory"],"picked":"TalkToTheHand","floor":13.0},{"not_picked":["Evaluate","Protect"],"picked":"WheelKick","floor":14.0},{"not_picked":["ConjureBlade","Devotion"],"picked":"Scrawl","floor":16.0},{"not_picked":["Consecrate","Evaluate","Protect+1"],"picked":"SKIP","floor":18.0},{"not_picked":["ThirdEye","FlyingSleeves"],"picked":"FlurryOfBlows","floor":21.0},{"not_picked":["Prostrate+1","Worship"],"picked":"Indignation","floor":24.0},{"not_picked":["Collect","FlyingSleeves","ReachHeaven"],"picked":"SKIP","floor":25},{"not_picked":["CrushJoints","Halt"],"picked":"EmptyFist","floor":29},{"not_picked":["Crescendo","EmptyMind","Wireheading"],"picked":"SKIP","floor":30},{"not_picked":["Ragnarok","EmptyFist"],"picked":"ClearTheMind+1","floor":31}],"player_experience":1633537,"relics_obtained":[{"floor":8.0,"key":"Yang"},{"floor":9.0,"key":"CeramicFish"},{"floor":11.0,"key":"Pen Nib"},{"floor":14.0,"key":"Odd Mushroom"},{"floor":24.0,"key":"PreservedInsect"},{"floor":26,"key":"Tiny Chest"},{"floor":31,"key":"War Paint"}],"event_choices":[{"damage_healed":0.0,"max_hp_gain":0.0,"max_hp_loss":0.0,"gold_gain":0.0,"event_name":"Shining Light","player_choice":"Entered Light","floor":3.0,"gold_loss":0.0,"damage_taken":19.0,"cards_upgraded":["CutThroughFate","Defend_P"]},{"damage_healed":0.0,"max_hp_gain":0.0,"max_hp_loss":0.0,"gold_gain":0.0,"event_name":"Mushrooms","player_choice":"Fought Mushrooms","floor":14.0,"gold_loss":0.0,"damage_taken":0.0},{"damage_healed":0.0,"max_hp_gain":0.0,"max_hp_loss":0.0,"gold_gain":0.0,"event_name":"The Mausoleum","player_choice":"Ignored","floor":19.0,"gold_loss":0.0,"damage_taken":0.0},{"damage_healed":0.0,"max_hp_gain":0.0,"max_hp_loss":0.0,"gold_gain":0.0,"event_name":"The Library","player_choice":"Read","floor":20.0,"gold_loss":0.0,"damage_taken":0.0,"cards_obtained":["InnerPeace"]},{"damage_healed":0,"gold_gain":0,"player_choice":"Bought 1 Potion","damage_taken":0,"max_hp_gain":0,"max_hp_loss":0,"event_name":"The Woman in Blue","floor":28,"gold_loss":0}],"is_beta":false,"boss_relics":[{"not_picked":["Runic Dome","SacredBark"],"picked":"SlaversCollar"}],"items_purged_floors":[22],"is_endless":false,"potions_floor_spawned":[5,7,8,13,14,18,24,25,30],"killed_by":"Automaton","ascension_level":17}}