{"host":"poshtwjux72eqzmy","time":1610212224,"event":{"mods":["BaseMod","Bestiary","Block Reminder","Highlight Path","Minty Spire (QoL Compilation)","Relic Stats","ojb\u0027s Info Mod"],"gold_per_floor":[112,127,127,127,138,138,171,189,189,22,22,39,65,83,83,158,158,168,184,184,234,250,250,275,294,294,294,294,314,314,343,343,420,420,439,10,65,65,65,95,107,137,218,218,233,246,256,273,273,273,273,273,273,34,68,68],"floor_reached":57,"playtime":7097,"items_purged":["Bash","Defend_R"],"score":2803,"play_id":"e61b8084-3ab0-4207-b8e5-fab22b4f8717","local_time":"20210109191024","is_ascension_mode":true,"campfire_choices":[{"data":"Feed","floor":6.0,"key":"SMITH"},{"data":"Perfected Strike","floor":11.0,"key":"SMITH"},{"floor":15.0,"key":"REST"},{"floor":23.0,"key":"REST"},{"floor":27.0,"key":"REST"},{"data":"Double Tap","floor":30.0,"key":"SMITH"},{"data":"Dual Wield","floor":32.0,"key":"SMITH"},{"data":"Evolve","floor":44.0,"key":"SMITH"},{"floor":49.0,"key":"RECALL"},{"floor":53.0,"key":"REST"}],"circlet_count":0,"master_deck":["AscendersBane","Strike_R","Strike_R","Strike_R","Strike_R","Strike_R","Defend_R","Pommel Strike","Feed+1","Pommel Strike","Perfected Strike+1","Iron Wave","Feed+1","Shrug It Off","Impervious","Double Tap+1","True Grit+1","Thunderclap+1","Uppercut+1","Shrug It Off","Dual Wield+1","Impervious","Iron Wave+1","Shrug It Off+1","Exhume","Entrench+1","Evolve+1","Immolate+1","Uppercut+1","Warcry+1","Writhe","Blood for Blood+1","Power Through+1","Reckless Charge+1","Headbutt+1","Feel No Pain","Spot Weakness"],"relics":["Burning Blood","Ornamental Fan","Potion Belt","Molten Egg 2","Bag of Preparation","Velvet Choker","Enchiridion","Prayer Wheel","Self Forming Clay","Happy Flower","Mark of Pain","Torii","Charon\u0027s Ashes","Girya","Gambling Chip"],"acts_visited":["Exordium","TheCity","TheBeyond","TheEnding"],"potions_floor_usage":[56,56,56],"damage_taken":[{"damage":1.0,"enemies":"2 Louse","floor":1.0,"turns":3.0},{"damage":1.0,"enemies":"Cultist","floor":2.0,"turns":3.0},{"damage":7.0,"enemies":"Small Slimes","floor":5.0,"turns":4.0},{"damage":6.0,"enemies":"3 Sentries","floor":7.0,"turns":9.0},{"damage":44.0,"enemies":"Exordium Thugs","floor":8.0,"turns":5.0},{"damage":31.0,"enemies":"Large Slime","floor":12.0,"turns":7.0},{"damage":18.0,"enemies":"Lagavulin","floor":13.0,"turns":6.0},{"damage":5.0,"enemies":"Looter","floor":14.0,"turns":3.0},{"damage":20.0,"enemies":"Slime Boss","floor":16.0,"turns":12.0},{"damage":31.0,"enemies":"Shell Parasite","floor":18.0,"turns":5.0},{"damage":29.0,"enemies":"Spheric Guardian","floor":19.0,"turns":6.0},{"damage":26.0,"enemies":"Snake Plant","floor":22.0,"turns":4.0},{"damage":34.0,"enemies":"Gremlin Leader","floor":24.0,"turns":6.0},{"damage":2.0,"enemies":"3 Cultists","floor":25.0,"turns":5.0},{"damage":6.0,"enemies":"Centurion and Healer","floor":29.0,"turns":9.0},{"damage":42.0,"enemies":"Slavers","floor":31.0,"turns":8.0},{"damage":47.0,"enemies":"Automaton","floor":33.0,"turns":14.0},{"damage":9.0,"enemies":"3 Shapes","floor":35.0,"turns":3.0},{"damage":37.0,"enemies":"2 Orb Walkers","floor":37.0,"turns":6.0},{"damage":14.0,"enemies":"Nemesis","floor":40.0,"turns":9.0},{"damage":4.0,"enemies":"3 Darklings","floor":41.0,"turns":4.0},{"damage":38.0,"enemies":"Reptomancer","floor":42.0,"turns":9.0},{"damage":0.0,"enemies":"Transient","floor":45.0,"turns":6.0},{"damage":0.0,"enemies":"Maw","floor":46.0,"turns":10.0},{"damage":1.0,"enemies":"Sphere and 2 Shapes","floor":47.0,"turns":3.0},{"damage":0.0,"enemies":"Spire Growth","floor":48.0,"turns":8.0},{"damage":124.0,"enemies":"Awakened One","floor":50.0,"turns":21.0},{"damage":0.0,"enemies":"Time Eater","floor":51.0,"turns":29.0},{"damage":58,"enemies":"Shield and Spear","floor":55,"turns":14},{"damage":136,"enemies":"The Heart","floor":56,"turns":14}],"seed_played":"2038391270043930563","potions_obtained":[{"floor":0.0,"key":"PowerPotion"},{"floor":0.0,"key":"Energy Potion"},{"floor":1.0,"key":"Swift Potion"},{"floor":5.0,"key":"CultistPotion"},{"floor":8.0,"key":"DistilledChaos"},{"floor":13.0,"key":"EssenceOfSteel"},{"floor":14.0,"key":"AttackPotion"},{"floor":25.0,"key":"Dexterity Potion"},{"floor":29.0,"key":"FairyPotion"},{"floor":31.0,"key":"AttackPotion"},{"floor":33.0,"key":"ElixirPotion"},{"floor":41.0,"key":"SteroidPotion"},{"floor":55,"key":"AttackPotion"}],"is_trial":false,"path_per_floor":["M","M","?","?","M","R","E","M","T","$","R","M","E","M","R","B",null,"M","M","?","?","M","R","E","M","T","R","?","M","R","E","R","B",null,"M","$","?","?","?","E","M","E","T","R","M","M","M","M","R","B","B",null,"R","$","E","B",null],"character_chosen":"IRONCLAD","items_purchased":["Feed+1","Evolve","Immolate+1","Uppercut+1","PowerPotion","Feel No Pain","SteroidPotion"],"campfire_rested":4,"item_purchase_floors":[10,36,36,36,36,54,54],"current_hp_per_floor":[73,75,64,64,66,66,70,36,36,36,36,19,7,12,41,35,88,67,48,27,27,11,46,18,30,30,67,67,75,75,51,51,10,112,121,121,98,131,131,127,129,101,101,101,107,117,126,132,132,18,28,150,190,190,142,12],"gold":68,"neow_bonus":"THREE_SMALL_POTIONS","is_daily":false,"chose_seed":false,"campfire_upgraded":5,"win_rate":0.0,"timestamp":1610212224,"path_taken":["M","M","?","?","M","R","E","?","T","$","R","?","E","M","R","BOSS","M","M","?","?","M","R","E","M","T","R","?","?","R","E","R","BOSS","M","$","?","?","?","E","M","E","T","R","M","?","?","M","R","BOSS","BOSS","R","$","E","BOSS"],"items_purchased_type":["Card","Card","Card","Card","Potion","Card","Potion"],"build_version":"2020-12-22","purchased_purges":2,"victory":true,"max_hp_per_floor":[75,75,75,75,78,78,82,86,86,86,86,94,94,98,98,106,106,110,114,114,114,118,118,118,126,126,126,126,134,134,146,146,146,146,158,158,166,166,166,170,170,174,174,174,174,178,182,182,182,186,190,190,190,190,194,194],"relic_stats":{"Happy Flower":[50],"Torii":33,"counters":[30,245],"Ornamental Fan":[432],"Self Forming Clay":[240],"Gambling Chip":[6],"Prayer Wheel":8,"Charon\u0027s Ashes":[350],"Bag of Preparation":[46],"obtain_stats":[{"Potion Belt":7,"Girya":42,"Happy Flower":31,"Torii":37,"Self Forming Clay":26,"Velvet Choker":17,"Enchiridion":20,"Charon\u0027s Ashes":40,"Bag of Preparation":13,"Burning Blood":0,"Ornamental Fan":3,"Gambling Chip":55,"Molten Egg 2":9,"Prayer Wheel":24,"Mark of Pain":34},{"Potion Belt":4,"Girya":22,"Happy Flower":16,"Torii":19,"Self Forming Clay":14,"Velvet Choker":9,"Enchiridion":11,"Charon\u0027s Ashes":20,"Bag of Preparation":7,"Burning Blood":0,"Ornamental Fan":2,"Gambling Chip":29,"Molten Egg 2":5,"Prayer Wheel":13,"Mark of Pain":17},{"Potion Belt":19,"Girya":140,"Happy Flower":95,"Torii":118,"Self Forming Clay":78,"Velvet Choker":52,"Enchiridion":63,"Charon\u0027s Ashes":127,"Bag of Preparation":37,"Burning Blood":0,"Ornamental Fan":6,"Gambling Chip":231,"Molten Egg 2":24,"Prayer Wheel":73,"Mark of Pain":109}],"Burning Blood":177},"card_choices":[{"not_picked":["Headbutt","Wild Strike"],"picked":"Pommel Strike","floor":1.0},{"not_picked":["Clash","Body Slam"],"picked":"Feed","floor":2.0},{"not_picked":["Wild Strike","Body Slam"],"picked":"Pommel Strike","floor":5.0},{"not_picked":["Sever Soul","Anger"],"picked":"Perfected Strike","floor":7.0},{"not_picked":["Clothesline","Headbutt"],"picked":"Iron Wave","floor":8.0},{"not_picked":["Havoc","Combust"],"picked":"Shrug It Off","floor":12.0},{"not_picked":["Rampage+1","Seeing Red","Second Wind"],"picked":"SKIP","floor":13.0},{"not_picked":["Rampage+1","Seeing Red","Second Wind"],"picked":"SKIP","floor":13.0},{"not_picked":["Perfected Strike+1","Pommel Strike+1"],"picked":"Impervious","floor":14.0},{"not_picked":["Limit Break","Demon Form"],"picked":"Double Tap","floor":16.0},{"not_picked":["Metallicize","Pommel Strike+1"],"picked":"True Grit+1","floor":18.0},{"not_picked":["Pommel Strike+1","Perfected Strike+1"],"picked":"Thunderclap+1","floor":19.0},{"not_picked":["Flex","Headbutt+1","Pummel+1"],"picked":"SKIP","floor":22.0},{"not_picked":["Body Slam+1","Thunderclap+1"],"picked":"Uppercut+1","floor":24.0},{"not_picked":["Clash+1","Feel No Pain"],"picked":"Shrug It Off","floor":25.0},{"not_picked":["Inflame","Warcry"],"picked":"Dual Wield","floor":25.0},{"not_picked":["Dark Embrace","Sword Boomerang+1"],"picked":"Iron Wave+1","floor":29.0},{"not_picked":["Shrug It Off","Battle Trance","Blood for Blood+1"],"picked":"SKIP","floor":29.0},{"not_picked":["Limit Break","True Grit"],"picked":"Shrug It Off+1","floor":31.0},{"not_picked":["Limit Break","Berserk"],"picked":"Exhume","floor":33.0},{"not_picked":["Dropkick+1","Sword Boomerang+1"],"picked":"Entrench+1","floor":35.0},{"not_picked":["Twin Strike+1","Flex","True Grit"],"picked":"SKIP","floor":35.0},{"not_picked":["Flex","Pommel Strike+1"],"picked":"Warcry+1","floor":37.0},{"not_picked":["Anger+1","Searing Blow+1","Fire Breathing"],"picked":"SKIP","floor":40.0},{"not_picked":["Body Slam+1","Corruption"],"picked":"Power Through+1","floor":41.0},{"not_picked":["Heavy Blade+1","Metallicize","Twin Strike+1"],"picked":"SKIP","floor":41.0},{"not_picked":["Berserk","Juggernaut"],"picked":"Reckless Charge+1","floor":42.0},{"not_picked":["Bloodletting","Blood for Blood+1","Iron Wave+1"],"picked":"SKIP","floor":45.0},{"not_picked":["Dual Wield","True Grit","Warcry+1"],"picked":"SKIP","floor":45.0},{"not_picked":["Thunderclap+1","Shrug It Off"],"picked":"Headbutt+1","floor":46.0},{"not_picked":["Perfected Strike+1","Anger+1","Power Through+1"],"picked":"SKIP","floor":46.0},{"not_picked":["Body Slam+1","Hemokinesis+1","Rage"],"picked":"SKIP","floor":47.0},{"not_picked":["Carnage+1","Clash+1","Thunderclap+1"],"picked":"SKIP","floor":47.0},{"not_picked":["Cleave+1","Rupture+1","Body Slam+1"],"picked":"SKIP","floor":48.0},{"not_picked":["Sword Boomerang+1","Anger+1","Flex"],"picked":"SKIP","floor":48.0},{"not_picked":["Twin Strike+1","Dual Wield"],"picked":"Spot Weakness","floor":55}],"player_experience":1049560,"relics_obtained":[{"floor":7.0,"key":"Potion Belt"},{"floor":9.0,"key":"Molten Egg 2"},{"floor":13.0,"key":"Bag of Preparation"},{"floor":20.0,"key":"Enchiridion"},{"floor":24.0,"key":"Prayer Wheel"},{"floor":26.0,"key":"Self Forming Clay"},{"floor":31.0,"key":"Happy Flower"},{"floor":37.0,"key":"Torii"},{"floor":40.0,"key":"Charon\u0027s Ashes"},{"floor":42.0,"key":"Girya"},{"floor":55,"key":"Gambling Chip"}],"event_choices":[{"damage_healed":0.0,"max_hp_gain":0.0,"max_hp_loss":0.0,"gold_gain":0.0,"event_name":"Scrap Ooze","player_choice":"Success","floor":3.0,"gold_loss":0.0,"damage_taken":11.0,"relics_obtained":["Ornamental Fan"]},{"cards_removed":["Defend_R"],"damage_healed":0.0,"max_hp_gain":0.0,"max_hp_loss":0.0,"gold_gain":0.0,"event_name":"Bonfire Elementals","player_choice":"Offered Basic","floor":4.0,"gold_loss":0.0,"damage_taken":0.0},{"damage_healed":0.0,"max_hp_gain":0.0,"max_hp_loss":0.0,"gold_gain":0.0,"event_name":"Cursed Tome","player_choice":"Obtained Book","floor":20.0,"gold_loss":0.0,"damage_taken":21.0},{"damage_healed":0.0,"max_hp_gain":0.0,"max_hp_loss":0.0,"gold_gain":50.0,"event_name":"Nest","player_choice":"Stole From Cult","floor":21.0,"gold_loss":0.0,"damage_taken":0.0},{"damage_healed":0.0,"max_hp_gain":0.0,"max_hp_loss":0.0,"gold_gain":0.0,"event_name":"Duplicator","player_choice":"Copied","floor":28.0,"gold_loss":0.0,"damage_taken":0.0,"cards_obtained":["Impervious"]},{"damage_healed":0.0,"max_hp_gain":0.0,"max_hp_loss":0.0,"gold_gain":0.0,"event_name":"Mysterious Sphere","player_choice":"Fight","floor":37.0,"gold_loss":0.0,"damage_taken":0.0},{"damage_healed":33.0,"max_hp_gain":0.0,"max_hp_loss":0.0,"gold_gain":0.0,"event_name":"Winding Halls","player_choice":"Writhe","floor":38.0,"gold_loss":0.0,"damage_taken":0.0,"cards_obtained":["Writhe"]},{"damage_healed":0.0,"max_hp_gain":0.0,"max_hp_loss":0.0,"gold_gain":0.0,"cards_transformed":["Defend_R"],"event_name":"Transmorgrifier","player_choice":"Transformed","floor":39.0,"gold_loss":0.0,"damage_taken":0.0,"cards_obtained":["Blood for Blood"]}],"is_beta":false,"boss_relics":[{"not_picked":["Black Blood","SacredBark"],"picked":"Velvet Choker"},{"not_picked":["Pandora\u0027s Box","Runic Pyramid"],"picked":"Mark of Pain"}],"items_purged_floors":[36,54],"is_endless":false,"potions_floor_spawned":[1,5,8,13,14,25,29,31,33,41,42,46,55],"ascension_level":20}}