{"host":"t6w2q9o6m1ipuhb5","time":1610167809,"event":{"mods":["2.2 Compatiblity","Abigail Mod","AchievementEnabler","Act Like it!","Arknights The Spire","BaseMod","Chen","Colored Map","Colored Powertips","Downfall","Friendly Minions","Gensokyo","GifTheSpireLib","Hermit","Hubris","Infinite Spire","KinomotoSakuraMod(????)","Kiyohime????","Marisa????????","Mimic Mod","Minty Spire (QoL Compilation)","Permanent Neow","Prisma Mod","Quick Restart","Reimu??????","Remilia??????","Replay The Spire","StSLib","SuperFastMode","The Animator","The Bug Knight","The Construct","The Cursed","The Marked","The Mystic","The Senshi","Waifu the Spire"],"gold_per_floor":[212,212,4,22,340,340,356,356,407,247,247,247,260,293,293,393,393,405,405,405,422,422,422,451,464,464,484,80,98,98,423,423,528,528,544,561,629,649,649,680,710,757,757,813,850,850,887,905,905,947,947],"floor_reached":50,"playtime":3980,"items_purged":[],"score":776,"play_id":"e0cc199f-a932-4a05-a635-40333e25ed58","local_time":"20210108235009","is_ascension_mode":true,"campfire_choices":[{"floor":6,"key":"REST"},{"data":"Gensokyo:CrescentMoonSlash","floor":8,"key":"SMITH"},{"data":"PrismaMod:ChloeGaeBolg","floor":11,"key":"SMITH"},{"floor":15,"key":"DIG"},{"floor":23,"key":"RECALL"},{"floor":30,"key":"REST"},{"floor":32,"key":"REST"},{"floor":46,"key":"REST"},{"floor":46,"key":"DIG"},{"floor":49,"key":"DIG"}],"circlet_count":0,"master_deck":["PrismaMod:ChloeCommonAttack","PrismaMod:ChloeCommonAttack","PrismaMod:ChloeCommonAttack","PrismaMod:ChloeCommonAttack","PrismaMod:ChloeCommonAttack","PrismaMod:ChloeCommonDefend","PrismaMod:ChloeCommonDefend","PrismaMod:ChloeCommonDefend+1","PrismaMod:ChloeCommonDefend+1","PrismaMod:ChloeCommonDefend","PrismaMod:ChloeCheapDefend","PrismaMod:ChloeExhaustOne","Gensokyo:CrescentMoonSlash+1","PrismaMod:ChloeCheapAttackTwo+1","PrismaMod:ChloeGaeBolg+1","PrismaMod:ChloeCheapDefend","PrismaMod:ChloeDevil","Necronomicurse","Clumsy","PrismaMod:ChloeUncommonAOEAttack","PrismaMod:ChloeRuleBreaker","PrismaMod:ChloeGreatTracePools","PrismaMod:ChloeMordred","ReplayTheSpireMod:Book of Names","PrismaMod:ChloeUncommonAOEAttack+1","PrismaMod:ChloeCheapDefendTwo+1","PrismaMod:ChloeUncommonAttack","PrismaMod:ChloeEyeOfTheEuryale","PrismaMod:ChloeEyeOfTheEuryale+1","PrismaMod:ChloeUncommonAOEAttack+1","PrismaMod:ChloeCarnivalDefend","PrismaMod:ChloeDiscardRecovery","PrismaMod:ChloeDiscardRecovery+1","PrismaMod:ChloeGaeBolg+1","PrismaMod:ChloeRitsuka","PrismaMod:ChloeEyeOfTheEuryale+1","PrismaMod:ChloeCheapAttackTwo+1","PrismaMod:ChloeExcalibur","PrismaMod:ChloeCheapDefend+1","PrismaMod:ChloeMaid","PrismaMod:ChloeCheapAttackTwo+1"],"relics":["PrismaMod:PrismaTraceOn","HollowMod:PaleOreRelic","Necronomicon","Gensokyo:NagashiBinaDoll","Shovel","Smiling Mask","infinitespire:PuzzleCube","hubris:Backtick","MiniHakkero","PrismaMod:PrismaTraceOnUpgrade","Nunchaku","Gensokyo:ConquerorOfFear","hubris:Towel","Mastiff:ReiMu","theSenshi:SailorFukuRelic","Toolbox","Potion Belt","War Paint","Ring of Chaos","Gensokyo:EmptyGrave","Replay:Bandana","Pet Ghost","infinitespire:Magic Flask","Strawberry","Counterbalance","infinitespire:Beetle Shell","Eternal Feather"],"acts_visited":["Exordium","Gensokyo:Gensokyo","Gensokyo:Gensokyoer"],"potions_floor_usage":[16,16,33,40,50,50,50],"damage_taken":[{"damage":0,"enemies":"Gensokyo:2_Kodama","floor":1,"turns":4},{"damage":14,"enemies":"Gensokyo:Python","floor":4,"turns":5},{"damage":1,"enemies":"Gensokyo:3_Fairies","floor":5,"turns":7},{"damage":6,"enemies":"Gensokyo:3_Kodama","floor":7,"turns":4},{"damage":7,"enemies":"Gensokyo:2_Rabbits","floor":13,"turns":3},{"damage":4,"enemies":"Gensokyo:Mamizou","floor":14,"turns":7},{"damage":37,"enemies":"Gensokyo:Reimu","floor":16,"turns":8},{"damage":2,"enemies":"Gensokyo:2_Gloops","floor":18,"turns":4},{"damage":0,"enemies":"Gensokyo:AngelMirror","floor":21,"turns":1},{"damage":18,"enemies":"Nightmare","floor":24,"turns":6},{"damage":0,"enemies":"Gensokyo:Chomper_and_Gloop","floor":25,"turns":3},{"damage":17,"enemies":"Gensokyo:Slime_Group","floor":27,"turns":2},{"damage":22,"enemies":"Gensokyo:Monolith_and_Dog","floor":29,"turns":5},{"damage":19,"enemies":"Gensokyo:Reisen","floor":31,"turns":6},{"damage":31,"enemies":"Gensokyo:Eiki","floor":33,"turns":6},{"damage":0,"enemies":"Gensokyo:3_Boulders","floor":35,"turns":4},{"damage":0,"enemies":"Gensokyo:3_Bats","floor":36,"turns":1},{"damage":0,"enemies":"Gensokyo:Dusk_and_Dawn","floor":38,"turns":3},{"damage":15,"enemies":"Gensokyo:Doremy","floor":40,"turns":3},{"damage":0,"enemies":"Gensokyo:SeedOfUnknown","floor":41,"turns":3},{"damage":36,"enemies":"Nightmare","floor":42,"turns":6},{"damage":6,"enemies":"Gensokyo:Doremy","floor":44,"turns":3},{"damage":7,"enemies":"Gensokyo:4_Bats","floor":45,"turns":2},{"damage":25,"enemies":"Gensokyo:Marisa","floor":47,"turns":5},{"damage":0,"enemies":"Gensokyo:AtlasGolem","floor":48,"turns":5},{"damage":21,"enemies":"Gensokyo:Yuyuko","floor":50,"turns":4}],"seed_played":"7476003026798357944","potions_obtained":[{"floor":7,"key":"BlessingOfTheForge"},{"floor":14,"key":"BlessingOfTheForge"},{"floor":16,"key":"ZuzhouPotion:ReiMu"},{"floor":21,"key":"champ:CounterPotion"},{"floor":24,"key":"Ancient Potion"},{"floor":33,"key":"GamblersBrew"},{"floor":35,"key":"DuplicationPotion"},{"floor":37,"key":"Elixir"},{"floor":37,"key":"Swift Potion"},{"floor":37,"key":"Ancient Potion"},{"floor":40,"key":"LiquidBronze"}],"is_trial":false,"path_per_floor":["M","?","COS","M","M","R","M","R","T","?","R","?","M","E","R","B",null,"M","AVR","?","M","?","R","NM","M","T","M","COS","M","R","E","R","B",null,"M","M","?","M","?","E","M","NM","T","E","M","R","E","M","R_BF","B"],"character_chosen":"CHLOE","items_purchased":[],"campfire_rested":4,"item_purchase_floors":[],"current_hp_per_floor":[75,64,64,50,49,71,65,65,65,65,65,65,60,61,61,26,75,73,73,73,73,73,73,57,57,57,42,42,22,44,25,47,18,75,75,75,75,75,69,56,56,33,33,34,27,49,32,32,32,0,0],"gold":947,"neow_bonus":"HUNDRED_GOLD","is_daily":false,"chose_seed":false,"campfire_upgraded":2,"win_rate":0.0,"timestamp":1610167809,"path_taken":["M","?","COS","M","M","R","M","R","T","?","R","?","M","E","R","BOSS","M","AVR","?","M","?","R","NM","?","T","M","COS","M","R","E","R","BOSS","M","M","?","?","?","E","M","NM","T","E","?","R","E","M","R_BF","BOSS"],"items_purchased_type":[],"build_version":"2020-12-22","purchased_purges":0,"victory":false,"max_hp_per_floor":[75,75,75,75,75,75,75,75,75,75,75,75,75,75,75,75,75,75,75,75,75,75,75,75,75,75,75,75,75,75,75,75,75,75,75,75,75,75,69,69,69,69,69,76,76,76,76,76,76,20,20],"card_choices":[{"not_picked":["PrismaMod:ChloeRhongomyniad","PrismaMod:ChloeDiscardRecovery"],"picked":"PrismaMod:ChloeExhaustOne","floor":1},{"not_picked":["PrismaMod:ChloeDiscardRecovery+1","PrismaMod:ChloeUncommonDefend+1"],"picked":"PrismaMod:ChloeCheapAttackTwo+1","floor":4},{"not_picked":["PrismaMod:ChloeDiscardRecovery","PrismaMod:ChloeCaladbolg"],"picked":"PrismaMod:ChloeGaeBolg","floor":4},{"not_picked":["PrismaMod:ChloeDemonicTutor","PrismaMod:ChloeCheapAttackTwo"],"picked":"PrismaMod:ChloeCheapDefend","floor":5},{"not_picked":["PrismaMod:ChloeCheapAttackTwo","PrismaMod:ChloeCommonAOEAttack"],"picked":"PrismaMod:ChloeDevil","floor":7},{"not_picked":["PrismaMod:ChloeDiscardRecovery","PrismaMod:ChloeCheapDefendTwo"],"picked":"PrismaMod:ChloeUncommonAOEAttack","floor":13},{"not_picked":["PrismaMod:ChloeCheapAttackTwo","PrismaMod:ChloeUnlimitedBladeWorks"],"picked":"PrismaMod:ChloeRuleBreaker","floor":14},{"not_picked":["PrismaMod:ChloeCarnivalAOEAttack","PrismaMod:ChloeHalloween"],"picked":"PrismaMod:ChloeGreatTracePools","floor":16},{"not_picked":["PrismaMod:ChloeRitsuka","PrismaMod:ChloeGaeBolg"],"picked":"PrismaMod:ChloeMordred","floor":18},{"not_picked":["PrismaMod:ChloeRuleBreaker","PrismaMod:ChloeCheapDefend+1"],"picked":"PrismaMod:ChloeUncommonAOEAttack+1","floor":21},{"not_picked":["PrismaMod:ChloeCommonAOEAttack","PrismaMod:ChloeDiscardRecovery+1"],"picked":"PrismaMod:ChloeCheapDefendTwo+1","floor":24},{"not_picked":["PrismaMod:ChloeAnySkillTrace","PrismaMod:ChloeCommonAOEAttack"],"picked":"PrismaMod:ChloeUncommonAttack","floor":25},{"not_picked":["PrismaMod:ChloeExhaustOne","PrismaMod:ChloeCheapDefend"],"picked":"PrismaMod:ChloeEyeOfTheEuryale","floor":27},{"not_picked":["PrismaMod:ChloeCheapAttack+1","PrismaMod:ChloeDemonicTutor+1"],"picked":"PrismaMod:ChloeEyeOfTheEuryale+1","floor":29},{"not_picked":["PrismaMod:ChloeRuleBreaker","PrismaMod:ChloeRhongomyniad"],"picked":"PrismaMod:ChloeUncommonAOEAttack+1","floor":29},{"not_picked":["PrismaMod:ChloeCheapAttack","PrismaMod:ChloeExhaustOne","PrismaMod:ChloeExhaustTwo"],"picked":"SKIP","floor":31},{"not_picked":["PrismaMod:ChloeAnyRareTrace","PrismaMod:ChloeAnySkillTrace"],"picked":"PrismaMod:ChloeCarnivalDefend","floor":33},{"not_picked":["PrismaMod:ChloeDemonicTutor+1","PrismaMod:ChloeCheapDefend"],"picked":"PrismaMod:ChloeDiscardRecovery","floor":35},{"not_picked":["PrismaMod:ChloeGreatTracePools","PrismaMod:ChloeAnyUncommonTrace","PrismaMod:ChloeAnySkillTrace"],"picked":"SKIP","floor":35},{"not_picked":["PrismaMod:ChloeCommonAOEAttack","PrismaMod:ChloeCheapAttackTwo"],"picked":"PrismaMod:ChloeDiscardRecovery+1","floor":36},{"not_picked":["PrismaMod:ChloeCheapDefendTwo","PrismaMod:ChloeCommonAOEAttack"],"picked":"PrismaMod:ChloeGaeBolg+1","floor":37},{"not_picked":["PrismaMod:ChloeCheapDefendTwo","PrismaMod:ChloeUncommonDefend","PrismaMod:ChloeCheapAttackTwo"],"picked":"SKIP","floor":38},{"not_picked":["PrismaMod:ChloeCaladbolg","PrismaMod:ChloeCheapAttackTwo"],"picked":"PrismaMod:ChloeRitsuka","floor":40},{"not_picked":["PrismaMod:ChloeDemonicTutor+1","PrismaMod:ChloeRuleBreaker"],"picked":"PrismaMod:ChloeEyeOfTheEuryale+1","floor":41},{"not_picked":["PrismaMod:ChloeCheapDefend","PrismaMod:ChloeExhaustOne"],"picked":"PrismaMod:ChloeCheapAttackTwo+1","floor":42},{"not_picked":["PrismaMod:ChloeDoubleRelicSpeed","PrismaMod:ChloeUncommonDefend"],"picked":"PrismaMod:ChloeExcalibur","floor":44},{"not_picked":["PrismaMod:ChloeCheapAttackTwo+1","PrismaMod:ChloeCheapAttack"],"picked":"PrismaMod:ChloeCheapDefend+1","floor":45},{"not_picked":["PrismaMod:ChloeRuleBreaker+1","PrismaMod:ChloeCheapDefend+1"],"picked":"PrismaMod:ChloeMaid","floor":47},{"not_picked":["PrismaMod:ChloeCommonAOEAttack","PrismaMod:ChloeMaid"],"picked":"PrismaMod:ChloeCheapAttackTwo+1","floor":48}],"player_experience":374070,"relics_obtained":[{"floor":9,"key":"HollowMod:PaleOreRelic"},{"floor":14,"key":"Smiling Mask"},{"floor":15,"key":"infinitespire:PuzzleCube"},{"floor":21,"key":"Gensokyo:ConquerorOfFear"},{"floor":24,"key":"Mastiff:ReiMu"},{"floor":26,"key":"theSenshi:SailorFukuRelic"},{"floor":31,"key":"Potion Belt"},{"floor":40,"key":"Replay:Bandana"},{"floor":42,"key":"Pet Ghost"},{"floor":43,"key":"infinitespire:Magic Flask"},{"floor":44,"key":"Strawberry"},{"floor":46,"key":"Counterbalance"},{"floor":47,"key":"infinitespire:Beetle Shell"},{"floor":49,"key":"Eternal Feather"}],"event_choices":[],"is_beta":false,"boss_relics":[{"not_picked":["Pandora\u0027s Box","RedLine:ReiMu"],"picked":"hubris:Backtick"},{"not_picked":["Tiny House","Empty Cage"],"picked":"Ring of Chaos"}],"items_purged_floors":[],"is_endless":true,"potions_floor_spawned":[7,14,16,21,24,27,29,33,35,38,40,41],"killed_by":"Gensokyo:Yuyuko","ascension_level":1}}