{"host":"mgc7o2tpy0ck407l","time":1610182437,"event":{"mods":["Alarm Clock","AlwaysNeverKeys","BaseMod","Better Altar","Better Match","Better Note","Better Sensory Stone","Better Skull","Better Third Choice","Better Vampires","Block Reminder","Booster Modes","Challenge The Spire","Colored Map","Colored Powertips","Disable Question Mark Monsters","Displayed Cursed Tome","Emptier Cage","Energized Spire","Evolution","Infinite Spire","Minty Spire (QoL Compilation)","Permanent Neow","Quick Restart","Rare Cards Sparkle","Reorder Act Four","Spicy Shops","StSLib","SuperFastMode","Transform Curses","Unceasing Turn Reminder"],"gold_per_floor":[366,15,33,33,51,81,81,110,187,201,201,201,234,248,248,353,353,373,273,291,29,47,47,82,95,143,143,193,193,193,193,193,295,295,311,311,12,24,0,0,30,46,91,91,102,136,136,161,161,161,161,60,60,88,88,88],"floor_reached":55,"playtime":1671,"items_purged":["Strike_B","Defend_B","Defend_B"],"score":854,"play_id":"61a3fa2d-21a6-4909-ab27-d88478a9cafb","local_time":"20210109035357","is_ascension_mode":true,"campfire_choices":[{"floor":7.0,"key":"REST"},{"floor":11.0,"key":"REST"},{"floor":15.0,"key":"REST"},{"data":"Apotheosis","floor":23.0,"key":"SMITH"},{"data":"Self Repair","floor":27.0,"key":"SMITH"},{"data":"Zap","floor":29.0,"key":"SMITH"},{"data":"Tempest","floor":32.0,"key":"SMITH"},{"data":"Loop","floor":40.0,"key":"SMITH"},{"floor":44.0,"key":"REST"},{"data":"Seek","floor":44.0,"key":"SMITH"},{"floor":47.0,"key":"REST"},{"data":"Dualcast","floor":47.0,"key":"SMITH"},{"data":"Secret Weapon","floor":49.0,"key":"SMITH"},{"data":"Enlightenment","floor":53.0,"key":"SMITH"}],"circlet_count":0,"master_deck":["Ball Lightning","Ball Lightning","Ball Lightning","Defend_B","Defend_B","Zap+1","Dualcast+1","Stack","Thunder Strike","Tempest+1","Ball Lightning","Conserve Battery","Secret Weapon+1","Reinforced Body","Self Repair+1","Electrodynamics","Tempest+1","Apotheosis+1","Seek+1","Loop+1","Lockon+1","Capacitor","Enlightenment+1","Meteor Strike+1"],"relics":["FrozenCore","EVO:Axolotl","Girya","Tiny Chest","infinitespire:WardingShard","Molten Egg 2","energizedSpire:OgreHead","infinitespire:Eraser","Happy Flower","Boot","infinitespire:Satchel","Coffee Dripper","Cables","infinitespire:Magic Flask","Membership Card","Bag of Marbles","Omamori","Red Mask","infinitespire:Lucky Rock","Strawberry","Bottled Flame","Juzu Bracelet","Orichalcum"],"acts_visited":["Exordium","TheCity","TheBeyond","TheEnding"],"potions_floor_usage":[55,55,55],"damage_taken":[{"damage":0.0,"enemies":"Cultist","floor":1.0,"turns":2.0},{"damage":6.0,"enemies":"Small Slimes","floor":3.0,"turns":2.0},{"damage":5.0,"enemies":"2 Louse","floor":5.0,"turns":2.0},{"damage":14.0,"enemies":"Gremlin Nob","floor":6.0,"turns":3.0},{"damage":35.0,"enemies":"3 Sentries","floor":8.0,"turns":5.0},{"damage":10.0,"enemies":"Large Slime","floor":10.0,"turns":3.0},{"damage":10.0,"enemies":"Lagavulin","floor":13.0,"turns":4.0},{"damage":13.0,"enemies":"3 Louse","floor":14.0,"turns":2.0},{"damage":2.0,"enemies":"Slime Boss","floor":16.0,"turns":7.0},{"damage":3.0,"enemies":"3 Byrds","floor":18.0,"turns":3.0},{"damage":10.0,"enemies":"Chosen","floor":20.0,"turns":3.0},{"damage":3.0,"enemies":"Snecko","floor":22.0,"turns":4.0},{"damage":15.0,"enemies":"Slavers","floor":24.0,"turns":4.0},{"damage":12.0,"enemies":"Chosen and Byrds","floor":25.0,"turns":5.0},{"damage":24.0,"enemies":"Collector","floor":33.0,"turns":4.0},{"damage":2.0,"enemies":"Orb Walker","floor":35.0,"turns":2.0},{"damage":13.0,"enemies":"3 Shapes","floor":38.0,"turns":2.0},{"damage":21.0,"enemies":"Nemesis","floor":41.0,"turns":4.0},{"damage":16.0,"enemies":"Writhing Mass","floor":42.0,"turns":3.0},{"damage":0.0,"enemies":"Transient","floor":45.0,"turns":5.0},{"damage":27.0,"enemies":"Reptomancer","floor":46.0,"turns":3.0},{"damage":0.0,"enemies":"Nemesis","floor":48.0,"turns":4.0},{"damage":65.0,"enemies":"Awakened One","floor":50.0,"turns":7.0},{"damage":29.0,"enemies":"Shield and Spear","floor":54.0,"turns":5.0},{"damage":66,"enemies":"The Heart","floor":55,"turns":5}],"seed_played":"-229523763035602105","potions_obtained":[{"floor":3.0,"key":"Strength Potion"},{"floor":6.0,"key":"DuplicationPotion"},{"floor":8.0,"key":"PowerPotion"},{"floor":33.0,"key":"DuplicationPotion"},{"floor":38.0,"key":"DistilledChaos"},{"floor":48.0,"key":"SkillPotion"},{"floor":54.0,"key":"Strength Potion"}],"is_trial":false,"path_per_floor":["M","$","M","$","M","E","R","E","T","M","R","?","E","M","R","B",null,"M","$","M","$","M","R","E","M","T","R","?","R","?","AVR","R","B",null,"M","T","$","M","?","R","E","M","T","R","M","E","R","E","R","B",null,"$","R","E","B"],"character_chosen":"DEFECT","items_purchased":["Thunder Strike","Tempest","Apotheosis","Membership Card","Loop","Bag of Marbles","Omamori","Capacitor","Enlightenment"],"campfire_rested":5,"item_purchase_floors":[2,2,21,37,37,37,37,52,52],"current_hp_per_floor":[54,54,48,48,43,29,51,16,16,6,28,28,18,5,27,32,75,72,72,69,69,75,75,60,58,58,58,58,58,27,27,27,13,75,75,75,75,62,62,62,51,45,52,76,82,65,82,82,82,27,82,82,82,63,0,0],"gold":88,"neow_bonus":"TWO_FIFTY_GOLD","is_daily":false,"chose_seed":false,"campfire_upgraded":9,"win_rate":0.0,"timestamp":1610182437,"path_taken":["M","?","?","$","M","E","R","E","T","M","R","?","E","M","R","BOSS","M","$","M","$","M","R","E","M","T","R","?","R","?","AVR","R","BOSS","M","?","$","?","?","R","E","M","T","R","M","E","R","E","R","BOSS","$","R","E","BOSS"],"items_purchased_type":["Card","Card","Card","Relic","Card","Relic","Relic","Card","Card"],"build_version":"2020-12-22","purchased_purges":3,"victory":false,"max_hp_per_floor":[75,75,75,75,75,75,75,75,75,75,75,75,75,75,75,75,75,75,75,75,75,75,75,75,75,75,75,75,75,75,75,75,75,75,75,75,75,75,75,75,75,75,82,82,82,82,82,82,82,82,82,82,82,82,82,82],"card_choices":[{"not_picked":["Beam Cell","Aggregate"],"picked":"Stack","floor":1.0},{"not_picked":["Go for the Eyes","Beam Cell"],"picked":"Ball Lightning","floor":3.0},{"not_picked":["Steam","Turbo","Cold Snap"],"picked":"SKIP","floor":5.0},{"not_picked":["Streamline","Hello World","Steam"],"picked":"SKIP","floor":6.0},{"not_picked":["Streamline","Hello World","Steam"],"picked":"SKIP","floor":6.0},{"not_picked":["Leap","Ball Lightning","Stack"],"picked":"SKIP","floor":8.0},{"not_picked":["Rebound","Hologram"],"picked":"Conserve Battery","floor":10.0},{"not_picked":["Sadistic Nature","Purity"],"picked":"Secret Weapon","floor":12.0},{"not_picked":["Leap","Gash+1"],"picked":"Reinforced Body","floor":13.0},{"not_picked":["Leap","Steam"],"picked":"Self Repair","floor":14.0},{"not_picked":["Core Surge+1","Biased Cognition"],"picked":"Electrodynamics","floor":16.0},{"not_picked":["Streamline+1","Gash+1","Cold Snap+1"],"picked":"SKIP","floor":18.0},{"not_picked":["FTL+1","Cold Snap+1"],"picked":"Tempest+1","floor":20.0},{"not_picked":["Force Field","Rebound+1","Chaos"],"picked":"SKIP","floor":22.0},{"not_picked":["White Noise","Cold Snap+1","Stack"],"picked":"SKIP","floor":24.0},{"not_picked":["Steam+1","Hello World","All For One+1"],"picked":"SKIP","floor":25.0},{"not_picked":["Echo Form","Meteor Strike+1"],"picked":"Seek","floor":33.0},{"not_picked":["Darkness+1","Cold Snap+1","Compile Driver+1"],"picked":"SKIP","floor":35.0},{"not_picked":["Gash+1","Leap+1"],"picked":"Lockon+1","floor":38.0},{"not_picked":["Ball Lightning+1","Streamline+1","Redo+1"],"picked":"SKIP","floor":41.0},{"not_picked":["Sunder+1","Scrape+1","Stack+1"],"picked":"SKIP","floor":42.0},{"not_picked":["Coolheaded","Doom and Gloom+1","Rebound+1"],"picked":"SKIP","floor":45.0},{"not_picked":["Auto Shields","Skim","Barrage+1"],"picked":"SKIP","floor":46.0},{"not_picked":["Stack+1","Cold Snap+1","Barrage+1"],"picked":"SKIP","floor":48.0},{"not_picked":["Leap","Stack+1"],"picked":"Meteor Strike+1","floor":54.0}],"player_experience":743767,"relics_obtained":[{"floor":6.0,"key":"Girya"},{"floor":8.0,"key":"Tiny Chest"},{"floor":9.0,"key":"infinitespire:WardingShard"},{"floor":13.0,"key":"Molten Egg 2"},{"floor":24.0,"key":"infinitespire:Eraser"},{"floor":26.0,"key":"Happy Flower"},{"floor":36.0,"key":"infinitespire:Magic Flask"},{"floor":41.0,"key":"infinitespire:Lucky Rock"},{"floor":43.0,"key":"Strawberry"},{"floor":46.0,"key":"Bottled Flame"},{"floor":48.0,"key":"Juzu Bracelet"},{"floor":54.0,"key":"Orichalcum"}],"event_choices":[{"damage_healed":0.0,"max_hp_gain":0.0,"max_hp_loss":0.0,"gold_gain":1.0,"event_name":"betterStone:BetterStone","player_choice":"1","floor":12.0,"gold_loss":0.0,"damage_taken":0.0},{"damage_healed":0.0,"max_hp_gain":0.0,"max_hp_loss":0.0,"gold_gain":100.0,"event_name":"The Joust","player_choice":"Bet on Murderer","floor":28.0,"gold_loss":50.0,"damage_taken":0.0},{"damage_healed":0.0,"max_hp_gain":0.0,"max_hp_loss":0.0,"gold_gain":0.0,"event_name":"betterSkull:BetterSkull","player_choice":"RE RE ","floor":30.0,"gold_loss":0.0,"damage_taken":35.0,"cards_upgraded":[],"relics_obtained":["Boot","infinitespire:Satchel"]},{"damage_healed":0.0,"max_hp_gain":0.0,"max_hp_loss":0.0,"gold_gain":0.0,"event_name":"Tomb of Lord Red Mask","player_choice":"Paid","floor":39.0,"gold_loss":24.0,"damage_taken":0.0,"relics_obtained":["Red Mask"]}],"is_beta":false,"boss_relics":[{"not_picked":["energizedSpire:SpiderWeb","Cursed Key"],"picked":"energizedSpire:OgreHead"},{"not_picked":["energizedSpire:StickyHand","Snecko Eye"],"picked":"FrozenCore"}],"items_purged_floors":[2,19,31],"is_endless":false,"potions_floor_spawned":[3,6,8,10,18,22,33,35,38,48,54],"killed_by":"The Heart","ascension_level":1}}