{"host":"c97twqu0op5dg8i4","time":1610181407,"event":{"mods":["BaseMod","Minty Spire (QoL Compilation)"],"gold_per_floor":[109,184,184,184,201,201,212,225,225,225,225,257,257,273,273,368,368,381,391,391,403,56,84,84,99,150,192,215,215,48,67,67,171,171,171],"floor_reached":34,"playtime":1215,"items_purged":["Strike_G","Strike_G"],"score":500,"play_id":"f66f050a-8a37-45ab-8e04-d45ac440bc9c","local_time":"20210109033647","is_ascension_mode":true,"campfire_choices":[{"data":"Blade Dance","floor":6,"key":"SMITH"},{"data":"Backflip","floor":10,"key":"SMITH"},{"data":"Neutralize","floor":13,"key":"SMITH"},{"data":"Infinite Blades","floor":15,"key":"SMITH"},{"floor":24,"key":"REST"},{"floor":29,"key":"REST"},{"floor":32,"key":"REST"}],"circlet_count":0,"master_deck":["Strike_G","Strike_G","Defend_G","Defend_G","Defend_G","Defend_G","Survivor","Neutralize+1","Deflect","Dagger Spray","Blade Dance+1","Backflip+1","Backflip","Blade Dance","Infinite Blades+1","Storm of Steel","Footwork","Accuracy","Infinite Blades+1","Blade Dance","Footwork","Expertise","Cloak And Dagger","Caltrops","Acrobatics"],"relics":["Ring of the Snake","Letter Opener","Mummified Hand","Philosopher\u0027s Stone","Lantern","Unceasing Top","CeramicFish","Juzu Bracelet","Busted Crown"],"acts_visited":["Exordium","TheCity","TheBeyond"],"potions_floor_usage":[5,12,16,16,23,23,27],"damage_taken":[{"damage":4,"enemies":"2 Louse","floor":1,"turns":4},{"damage":0,"enemies":"Cultist","floor":5,"turns":3},{"damage":2,"enemies":"Small Slimes","floor":7,"turns":4},{"damage":0,"enemies":"2 Fungi Beasts","floor":8,"turns":3},{"damage":0,"enemies":"3 Sentries","floor":12,"turns":4},{"damage":0,"enemies":"Blue Slaver","floor":14,"turns":2},{"damage":9,"enemies":"Hexaghost","floor":16,"turns":8},{"damage":19,"enemies":"2 Thieves","floor":18,"turns":4},{"damage":5,"enemies":"Spheric Guardian","floor":19,"turns":3},{"damage":12,"enemies":"Centurion and Healer","floor":21,"turns":3},{"damage":7,"enemies":"Book of Stabbing","floor":23,"turns":3},{"damage":1,"enemies":"Cultist and Chosen","floor":25,"turns":5},{"damage":27,"enemies":"Slavers","floor":27,"turns":4},{"damage":9,"enemies":"Snake Plant","floor":28,"turns":5},{"damage":9,"enemies":"Snecko","floor":31,"turns":4},{"damage":31,"enemies":"Automaton","floor":33,"turns":7}],"seed_played":"5899357521686373123","potions_obtained":[{"floor":4,"key":"SteroidPotion"},{"floor":4,"key":"BlessingOfTheForge"},{"floor":4,"key":"FearPotion"},{"floor":7,"key":"Poison Potion"},{"floor":16,"key":"ColorlessPotion"},{"floor":18,"key":"CultistPotion"},{"floor":19,"key":"SteroidPotion"},{"floor":28,"key":"GamblersBrew"},{"floor":31,"key":"FairyPotion"},{"floor":33,"key":"Block Potion"}],"is_trial":false,"path_per_floor":["M","?","$","?","M","R","M","M","T","R","?","E","R","M","R","B",null,"M","M","?","M","$","E","R","M","T","E","M","R","$","M","R","B",null],"character_chosen":"THE_SILENT","items_purchased":["Lantern","Regen Potion","Blade Dance","Caltrops"],"campfire_rested":3,"item_purchase_floors":[22,22,22,30],"current_hp_per_floor":[66,55,55,55,55,55,53,53,53,53,53,53,53,53,53,44,70,51,46,46,34,34,36,57,56,56,29,20,41,41,32,53,22,70,70],"gold":171,"neow_bonus":"TRANSFORM_CARD","is_daily":false,"chose_seed":false,"campfire_upgraded":4,"win_rate":0.0,"timestamp":1610181407,"path_taken":["M","?","$","?","?","R","M","M","T","R","?","E","R","?","R","BOSS","M","M","?","M","$","E","R","M","T","E","M","R","?","M","R","BOSS"],"items_purchased_type":["Relic","Potion","Card","Card"],"build_version":"2020-12-22","purchased_purges":2,"victory":false,"max_hp_per_floor":[70,70,70,70,70,70,70,70,70,70,70,70,70,70,70,70,70,70,70,70,70,70,70,70,70,70,70,70,70,70,70,70,70,70,70],"card_choices":[{"not_picked":["Tactician","Acrobatics"],"picked":"Dagger Spray","floor":1},{"not_picked":["Flying Knee","Underhanded Strike"],"picked":"Blade Dance","floor":5},{"not_picked":["PiercingWail","Dagger Throw"],"picked":"Backflip","floor":7},{"not_picked":["Bouncing Flask","Dagger Throw"],"picked":"Backflip","floor":8},{"not_picked":["Prepared","Masterful Stab"],"picked":"Blade Dance","floor":12},{"not_picked":["Bullet Time","Dash"],"picked":"Infinite Blades","floor":14},{"not_picked":["Unload","Night Terror"],"picked":"Storm of Steel","floor":16},{"not_picked":["Skewer+1","Crippling Poison+1"],"picked":"Footwork","floor":18},{"not_picked":["Sucker Punch","Prepared"],"picked":"Accuracy","floor":19},{"not_picked":["Dodge and Roll","Prepared+1"],"picked":"Infinite Blades+1","floor":21},{"not_picked":["Dash+1","Flying Knee"],"picked":"Footwork","floor":23},{"not_picked":["Quick Slash+1","Poisoned Stab","Bane"],"picked":"SKIP","floor":25},{"not_picked":["Noxious Fumes+1","PiercingWail"],"picked":"Expertise","floor":27},{"not_picked":["Dash","Slice"],"picked":"Cloak And Dagger","floor":28},{"not_picked":["All Out Attack+1","Footwork"],"picked":"Acrobatics","floor":31}],"player_experience":260286,"relics_obtained":[{"floor":9,"key":"Letter Opener"},{"floor":12,"key":"Mummified Hand"},{"floor":23,"key":"Unceasing Top"},{"floor":26,"key":"CeramicFish"},{"floor":27,"key":"Juzu Bracelet"}],"event_choices":[{"damage_healed":0,"gold_gain":75,"player_choice":"Gather Gold","damage_taken":11,"max_hp_gain":0,"max_hp_loss":0,"event_name":"World of Goop","floor":2,"gold_loss":0},{"damage_healed":0,"gold_gain":0,"player_choice":"Got Potions","damage_taken":0,"max_hp_gain":0,"max_hp_loss":0,"event_name":"Lab","floor":4,"gold_loss":0},{"cards_removed":["Defend_G"],"damage_healed":0,"gold_gain":0,"player_choice":"Purged","damage_taken":0,"max_hp_gain":0,"max_hp_loss":0,"event_name":"Purifier","floor":11,"gold_loss":0},{"damage_healed":0,"gold_gain":0,"player_choice":"Ignored","damage_taken":0,"max_hp_gain":0,"max_hp_loss":0,"event_name":"N\u0027loth","floor":20,"gold_loss":0}],"is_beta":false,"boss_relics":[{"not_picked":["SlaversCollar","Ring of the Serpent"],"picked":"Philosopher\u0027s Stone"},{"not_picked":["Runic Dome","Astrolabe"],"picked":"Busted Crown"}],"items_purged_floors":[22,30],"is_endless":false,"potions_floor_spawned":[7,8,16,18,19,28,31,33],"ascension_level":4}}