{"host":"jq8d8epkoknfq6em","time":1610220858,"event":{"mods":["AchievementEnabler","BaseMod","Colored Map","Colored Powertips","Highlight Path","Minty Spire (QoL Compilation)","Quick Restart","StSLib"],"gold_per_floor":[113,78,97,97,111,111,146,146,146,166,166,185,202,220,220,220,220],"floor_reached":16,"playtime":941,"items_purged":[],"score":186,"play_id":"7fa0c6cb-92c6-413a-879c-00c953f7c36d","local_time":"20210109203418","is_ascension_mode":true,"campfire_choices":[{"data":"Whirlwind","floor":6,"key":"SMITH"},{"data":"Feed","floor":8,"key":"SMITH"},{"data":"Dual Wield","floor":11,"key":"SMITH"},{"data":"Metallicize","floor":15,"key":"SMITH"}],"circlet_count":0,"master_deck":["AscendersBane","Strike_R","Strike_R","Strike_R","Strike_R","Defend_R","Defend_R","Defend_R","Bash","Intimidate","Dual Wield+1","Metallicize+1","Whirlwind+1","Wild Strike","Feed+1","Headbutt"],"relics":["Burning Blood","Magic Flower","Pear"],"acts_visited":["Exordium"],"potions_floor_usage":[7,16],"damage_taken":[{"damage":17,"enemies":"Small Slimes","floor":1,"turns":4},{"damage":6,"enemies":"2 Louse","floor":3,"turns":4},{"damage":1,"enemies":"Cultist","floor":5,"turns":5},{"damage":29,"enemies":"Lagavulin","floor":7,"turns":7},{"damage":29,"enemies":"Large Slime","floor":10,"turns":6},{"damage":6,"enemies":"3 Louse","floor":12,"turns":3},{"damage":0,"enemies":"Gremlin Gang","floor":13,"turns":1},{"damage":12,"enemies":"Blue Slaver","floor":14,"turns":4},{"damage":52,"enemies":"Slime Boss","floor":16,"turns":14}],"seed_played":"121555548099744527","potions_obtained":[{"floor":3,"key":"PowerPotion"},{"floor":7,"key":"ElixirPotion"},{"floor":10,"key":"LiquidBronze"},{"floor":13,"key":"SteroidPotion"}],"is_trial":false,"path_per_floor":["M","?","M","?","M","R","E","R","T","M","R","M","M","M","R","B"],"character_chosen":"IRONCLAD","items_purchased":[],"campfire_rested":0,"item_purchase_floors":[],"current_hp_per_floor":[40,60,60,52,57,57,34,34,44,30,30,39,48,51,51,0,0],"gold":220,"neow_bonus":"TRANSFORM_TWO_CARDS","is_daily":false,"chose_seed":false,"campfire_upgraded":4,"win_rate":0.0,"timestamp":1610220858,"path_taken":["M","?","M","?","M","R","E","R","T","M","R","M","M","M","R","BOSS"],"items_purchased_type":[],"build_version":"2020-12-22","purchased_purges":0,"victory":false,"max_hp_per_floor":[80,80,80,80,80,80,80,80,90,94,94,98,98,102,102,102,102],"card_choices":[{"not_picked":["Clash","Sword Boomerang"],"picked":"Metallicize","floor":1},{"not_picked":["Disarm","Ghostly Armor"],"picked":"Whirlwind","floor":3},{"not_picked":["Warcry","Sentinel"],"picked":"Wild Strike","floor":5},{"not_picked":["Infernal Blade","Bloodletting"],"picked":"Feed","floor":7},{"not_picked":["Whirlwind","Dual Wield"],"picked":"Headbutt","floor":10},{"not_picked":["Dropkick","Sever Soul","Flex"],"picked":"SKIP","floor":12},{"not_picked":["Cleave","Sever Soul","Twin Strike"],"picked":"SKIP","floor":13},{"not_picked":["Heavy Blade","Armaments","Burning Pact"],"picked":"SKIP","floor":14}],"player_experience":977649,"relics_obtained":[{"floor":7,"key":"Magic Flower"},{"floor":9,"key":"Pear"}],"event_choices":[{"damage_healed":20,"gold_gain":0,"player_choice":"Healed","damage_taken":0,"max_hp_gain":0,"max_hp_loss":0,"event_name":"The Cleric","floor":2,"gold_loss":35},{"damage_healed":0,"gold_gain":0,"player_choice":"Damaged","damage_taken":8,"max_hp_gain":0,"max_hp_loss":0,"event_name":"Wheel of Change","floor":4,"gold_loss":0}],"is_beta":false,"boss_relics":[],"items_purged_floors":[],"is_endless":false,"potions_floor_spawned":[3,7,10,13],"killed_by":"Slime Boss","ascension_level":11}}