{"host":"cdnletu4ypo40ld3","time":1610181144,"event":{"mods":["AchievementEnabler","BaseMod","Colored Map","Downfall","Duelist Mod","GifTheSpireLib","Hermit","Highlight Path","Infinite Spire","Jorbs\u0027s Wanderer Trilogy","Marisa????????","Minty Spire (QoL Compilation)","Rare Cards Sparkle","Replay The Spire","StSLib","The Animator","The Bug Knight","The Cursed","The Disciple","The Hierophant","The Runesmith","The Servant 0.9.4"],"gold_per_floor":[99,117,117,1,13,28,80,110,110,110,35,48,48,58,73,174,174,242,260,278,297,322,322,322,353,353,363,391,391,401,415,434,537,537,462,477,477,477,477,477,477,477],"floor_reached":40,"playtime":2625,"items_purged":[],"score":478,"play_id":"b045f688-01d1-419b-8c23-867bcca7e0cb","local_time":"20210109153224","is_ascension_mode":false,"campfire_choices":[{"floor":1,"key":"RECALL"},{"floor":11,"key":"REST"},{"floor":13,"key":"REST"},{"floor":23,"key":"REST"},{"floor":29,"key":"REST"},{"data":"infinitespire:Punishment","floor":35,"key":"SMITH"}],"circlet_count":0,"master_deck":["Slimebound:Strike_Slimebound","Slimebound:Strike_Slimebound","Slimebound:Strike_Slimebound","Slimebound:Tackle","Slimebound:Defend_Slimebound","Slimebound:Defend_Slimebound","Slimebound:Defend_Slimebound","Slimebound:Defend_Slimebound","Slimebound:Split","Slimebound:CorrosiveSpit","Slimebound:LeechingTouch","Slimebound:SlimeSlap","Slimebound:FirmFortitude","Slimebound:RollThrough","Slimebound:FinishingTackle","Slimebound:GoopSpray","Slimebound:ViciousTackle","ReplayTheSpireMod:Book of Names","Slimebound:PrepareCrush+1","Slimebound:BestDefense","Slimebound:SamplingLick","Slimebound:OozeBath","Slimebound:LevelUp","Slimebound:Schlurp","Slimebound:GrowthPunch","Slimebound:SlimeTap+1","Slimebound:Overexert","Slimebound:SplitBruiser","infinitespire:Punishment+1","Slimebound:SplitBruiser","Slimebound:Nibble","Slimebound:WasteNot","Slimebound:Nibble","Slimebound:Dissolve+1","Slimebound:LeechLife","Slimebound:SplitMire+1","infinitespire:SealOfDarkness+"],"relics":["Slimebound:AbsorbEndCombatUpgraded","Replay:Mystery Machine","downfall:ShatteredFragment","Tiny Chest","Simple Rune","downfall:HeartBlessingRed","Dream Catcher","Gambling Chip","HollowMod:LifeEnderRelic","Gremlin Food","Runic Pyramid","downfall:HeartBlessingGreen","infinitespire:Broken Mirror","infinitespire:Lychee Nut","Toolbox"],"acts_visited":["Exordium","TheCity","TheBeyond"],"potions_floor_usage":[16,16,19,28,32,33],"damage_taken":[{"damage":7,"enemies":"Cultist","floor":2,"turns":3},{"damage":7,"enemies":"downfall:FleeingMerchant","floor":4,"turns":4},{"damage":2,"enemies":"2 Louse","floor":5,"turns":3},{"damage":0,"enemies":"Small Slimes","floor":6,"turns":3},{"damage":48,"enemies":"3 Sentries","floor":8,"turns":6},{"damage":10,"enemies":"Exordium Wildlife","floor":12,"turns":3},{"damage":12,"enemies":"Exordium Thugs","floor":14,"turns":3},{"damage":11,"enemies":"Large Slime","floor":15,"turns":3},{"damage":41,"enemies":"downfall:Silent","floor":16,"turns":6},{"damage":23,"enemies":"3 Byrds","floor":19,"turns":5},{"damage":28,"enemies":"Shell Parasite","floor":20,"turns":4},{"damage":26,"enemies":"Snake Plant","floor":21,"turns":3},{"damage":47,"enemies":"Slavers","floor":25,"turns":6},{"damage":16,"enemies":"Shelled Parasite and Fungi","floor":27,"turns":4},{"damage":70,"enemies":"Nightmare","floor":28,"turns":6},{"damage":24,"enemies":"Cultist and Chosen","floor":30,"turns":4},{"damage":18,"enemies":"Snake Plant","floor":31,"turns":3},{"damage":0,"enemies":"Centurion and Healer","floor":32,"turns":4},{"damage":83,"enemies":"downfall:Watcher","floor":33,"turns":7},{"damage":52,"enemies":"3 Shapes","floor":36,"turns":5},{"damage":67,"enemies":"Reptomancer","floor":40,"turns":2}],"seed_played":"-1744700130871276366","potions_obtained":[{"floor":6,"key":"sneckomod:MuddlingPotion"},{"floor":8,"key":"Slimebound:SlimedPotion"},{"floor":12,"key":"Block Potion"},{"floor":19,"key":"Elixir"},{"floor":20,"key":"Flashbang"},{"floor":25,"key":"SkillPotion"},{"floor":31,"key":"ColorlessPotion"},{"floor":32,"key":"Dexterity Potion"},{"floor":36,"key":"Guardian:BlockOnCardUsePotion"}],"is_trial":false,"path_per_floor":["R","M","?","$","M","M","T","E","?","?","R","M","R","M","M","B",null,"R_BF","M","M","M","T","R","T","E","?","M","NM","R","M","M","M","B",null,"R","M","?","T","AVR","E"],"character_chosen":"SLIMEBOUND","items_purchased":["Slimebound:FirmFortitude","Slimebound:RollThrough"],"campfire_rested":4,"item_purchase_floors":[4,4],"current_hp_per_floor":[60,60,42,47,53,60,60,40,45,30,49,47,65,53,52,39,65,65,58,54,48,48,65,65,46,46,50,12,31,31,25,61,25,65,65,39,39,39,39,0,0,0],"gold":477,"neow_bonus":"RANDOM_COMMON_RELIC","is_daily":false,"chose_seed":false,"campfire_upgraded":1,"win_rate":0.0,"timestamp":1610181144,"path_taken":["R","M","?","$","M","M","T","E","?","?","R","?","R","M","M","BOSS","R_BF","M","M","M","?","R","T","E","?","?","NM","R","M","M","M","BOSS","R","M","?","?","AVR","E"],"items_purchased_type":["Card","Card"],"build_version":"2020-12-22","purchased_purges":0,"victory":false,"max_hp_per_floor":[60,60,60,60,60,60,60,60,65,65,65,65,65,65,65,65,65,65,65,65,65,65,65,65,65,65,65,65,65,65,65,65,65,65,65,65,65,48,48,48,48,48],"card_choices":[{"not_picked":["Slimebound:GrowthPunch","Slimebound:ForwardTackle"],"picked":"Slimebound:LeechingTouch","floor":2},{"not_picked":["Slimebound:SlimeSpikes","Slimebound:FlameTackle"],"picked":"Slimebound:SlimeSlap","floor":4},{"not_picked":["Slimebound:PressTheAttack","Slimebound:LeechingTouch"],"picked":"Slimebound:FinishingTackle","floor":5},{"not_picked":["Slimebound:SlimeBarrage","Slimebound:SlimeSpikes"],"picked":"Slimebound:GoopSpray","floor":6},{"not_picked":["Slimebound:GoopSpray","Slimebound:SlimeBrawl"],"picked":"Slimebound:ViciousTackle","floor":8},{"not_picked":["infinitespire:SevenWalls","ReplayTheSpireMod:Haul"],"picked":"ReplayTheSpireMod:Book of Names","floor":10},{"not_picked":["Slimebound:ComboTackle","Slimebound:RollThrough"],"picked":"Slimebound:PrepareCrush","floor":12},{"not_picked":["Slimebound:RollThrough","Slimebound:SplitBruiser"],"picked":"Slimebound:BestDefense","floor":14},{"not_picked":["Slimebound:FlameTackle","Slimebound:GoopSpray"],"picked":"Slimebound:SamplingLick","floor":15},{"not_picked":["Slimebound:SelfFormingGoo","Slimebound:MassRepurpose"],"picked":"Slimebound:OozeBath","floor":16},{"not_picked":["Slimebound:ViciousTackle","Slimebound:SplitMire"],"picked":"Slimebound:LevelUp","floor":19},{"not_picked":["Slimebound:SplitAcid","Slimebound:ViciousTackle"],"picked":"Slimebound:Schlurp","floor":20},{"not_picked":["Slimebound:ViciousTackle+1","Slimebound:SplitBruiser+1"],"picked":"Slimebound:GrowthPunch","floor":21},{"not_picked":["Slimebound:ComboTackle","Slimebound:SplitMire+1"],"picked":"Slimebound:SlimeTap+1","floor":23},{"not_picked":["Slimebound:Nibble","Slimebound:FinishingTackle+1"],"picked":"Slimebound:Overexert","floor":25},{"not_picked":["Slimebound:PressTheAttack","Slimebound:Chomp"],"picked":"Slimebound:SplitBruiser","floor":27},{"not_picked":["infinitespire:Fortify","infinitespire:Starlight"],"picked":"infinitespire:Punishment","floor":28},{"not_picked":["Slimebound:SplitAcid","Slimebound:ViciousTackle+1"],"picked":"Slimebound:SplitBruiser","floor":28},{"not_picked":["Slimebound:AcidTongue","Slimebound:SlimeSpikes+1"],"picked":"Slimebound:Nibble","floor":29},{"not_picked":["Slimebound:Repurpose","Slimebound:GoopSpray"],"picked":"Slimebound:WasteNot","floor":30},{"not_picked":["Slimebound:LevelUp","Slimebound:Grow+1"],"picked":"Slimebound:Nibble","floor":31},{"not_picked":["Slimebound:Prepare","Slimebound:SamplingLick"],"picked":"Slimebound:Dissolve+1","floor":32},{"not_picked":["Slimebound:DouseInSlime","Slimebound:PrepareCrush"],"picked":"Slimebound:LeechLife","floor":33},{"not_picked":["Slimebound:HauntingLick","Slimebound:GoopSpray+1"],"picked":"Slimebound:SplitMire+1","floor":36}],"player_experience":197276,"relics_obtained":[{"floor":7,"key":"Tiny Chest"},{"floor":8,"key":"Simple Rune"},{"floor":22,"key":"Dream Catcher"},{"floor":24,"key":"Gambling Chip"},{"floor":25,"key":"HollowMod:LifeEnderRelic"},{"floor":28,"key":"Gremlin Food"},{"floor":37,"key":"infinitespire:Broken Mirror"},{"floor":38,"key":"infinitespire:Lychee Nut"}],"event_choices":[{"damage_healed":0,"gold_gain":0,"player_choice":"Donut","damage_taken":0,"max_hp_gain":5,"max_hp_loss":0,"event_name":"Big Fish","floor":9,"gold_loss":0}],"is_beta":false,"boss_relics":[{"not_picked":["Honey Jar","ReplayTheSpireMod:DimensionalGlitch"],"picked":"Slimebound:AbsorbEndCombatUpgraded"},{"not_picked":["Fusion Hammer","Replay:Drink Me"],"picked":"Runic Pyramid"}],"items_purged_floors":[],"is_endless":false,"potions_floor_spawned":[6,8,12,19,20,25,31,32,36],"killed_by":"Reptomancer","ascension_level":0}}