{"host":"nkolxg4se00n20yf","time":1610227616,"event":{"mods":["BaseMod","CatGirl Mod","Chen","Colored Map","Colored Powertips","Downfall","Friendly Minions","Infinite Spire","Kiyohime????","Marisa????????","Minty Spire (QoL Compilation)","StSLib","Td1madao Mod","The Administrix","The Cursed","The Exalted","The Hierophant","The Servant 0.9.4"],"gold_per_floor":[109,109,123,137,137,178,178,232,308,308,343,381,381,62,62,173,182,227,236,263,263,289,354,395,395,395,404,404,429,460,122,122,227,227,267,267,47,56,94,94,154,154,154,201,270,296,331,358,358,445,445,445],"floor_reached":51,"playtime":2306,"items_purged":["Regret","Regret"],"score":1606,"play_id":"b5c55da9-4000-426d-9b6f-6f7ba0c36d39","local_time":"20210109222656","is_ascension_mode":true,"campfire_choices":[{"data":"MasterSpark","floor":7.0,"key":"SMITH"},{"floor":10.0,"key":"REST"},{"data":"WitchOfGreed","floor":15.0,"key":"SMITH"},{"floor":25.0,"key":"REST"},{"floor":28.0,"key":"REST"},{"floor":32.0,"key":"REST"},{"data":"CollectingQuirk","floor":40.0,"key":"SMITH"},{"floor":42.0,"key":"REST"},{"floor":49.0,"key":"REST"}],"circlet_count":0,"master_deck":["AscendersBane","Strike_MRS","Strike_MRS","Strike_MRS","Strike_MRS","Defend_MRS+1","Defend_MRS","Defend_MRS","MasterSpark+1","UpSweep","Slimebound:Icky","GrandCross","MachineGunSpark","MagicAbsorber","WitchOfGreed+1","TreasureHunter","AlicesGift","EnergyFlow","Acceleration+1","CollectingQuirk+1","CurseOfTheBell","EventHorizon","RitualDagger","Shame","infinitespire:NeuralNetwork","MillisecondPulsars","SporeBomb+1","Writhe","SprinkleStarSeal","FinalSpark","RitualDagger","NonDirectionalLaser+1","MachineGunSpark","Singularity+1","EarthLightRay","CasketOfStar"],"relics":["MiniHakkero","Torii","Du-Vu Doll","infinitespire:Satchel","Bromod:ArcaneNullifier","CeramicFish","Sundial","Thread and Needle","Prayer Wheel","Calling Bell","Centennial Puzzle","Kunai","War Paint","Vajra","Bromod:ArcanePulse","BreadOfAWashokuLover","Bromod:ArcaneTrickery","infinitespire:WardingShard","StoneCalendar","SlaversCollar","Ice Cream","Toy Ornithopter","Blood Vial","Strawberry"],"acts_visited":["Exordium","TheCity","TheBeyond"],"potions_floor_usage":[51],"damage_taken":[{"damage":2.0,"enemies":"Jaw Worm","floor":1.0,"turns":4.0},{"damage":1.0,"enemies":"Cultist","floor":3.0,"turns":3.0},{"damage":1.0,"enemies":"2 Louse","floor":4.0,"turns":3.0},{"damage":10.0,"enemies":"3 Sentries","floor":6.0,"turns":5.0},{"damage":8.0,"enemies":"Gremlin Nob","floor":8.0,"turns":3.0},{"damage":9.0,"enemies":"2 Fungi Beasts","floor":11.0,"turns":2.0},{"damage":3.0,"enemies":"Large Slime","floor":12.0,"turns":3.0},{"damage":35.0,"enemies":"The Guardian","floor":16.0,"turns":8.0},{"damage":2.0,"enemies":"3 Byrds","floor":18.0,"turns":4.0},{"damage":10.0,"enemies":"2 Thieves","floor":22.0,"turns":2.0},{"damage":12.0,"enemies":"Nightmare","floor":23.0,"turns":4.0},{"damage":14.0,"enemies":"3 Cultists","floor":24.0,"turns":4.0},{"damage":1.0,"enemies":"Sentry and Sphere","floor":29.0,"turns":3.0},{"damage":36.0,"enemies":"Slavers","floor":30.0,"turns":3.0},{"damage":1.0,"enemies":"Automaton","floor":33.0,"turns":6.0},{"damage":12.0,"enemies":"Orb Walker","floor":35.0,"turns":3.0},{"damage":29.0,"enemies":"3 Shapes","floor":39.0,"turns":3.0},{"damage":9.0,"enemies":"Nemesis","floor":41.0,"turns":3.0},{"damage":23.0,"enemies":"Transient","floor":44.0,"turns":6.0},{"damage":39.0,"enemies":"Giant Head","floor":45.0,"turns":5.0},{"damage":0.0,"enemies":"Sphere and 2 Shapes","floor":46.0,"turns":3.0},{"damage":20.0,"enemies":"Jaw Worm Horde","floor":47.0,"turns":5.0},{"damage":25.0,"enemies":"Time Eater","floor":50.0,"turns":3.0},{"damage":48,"enemies":"Donu and Deca","floor":51,"turns":2}],"seed_played":"292738054768347057","potions_obtained":[{"floor":1.0,"key":"LiquidMemories"},{"floor":3.0,"key":"SkillPotion"},{"floor":8.0,"key":"FearPotion"},{"floor":11.0,"key":"DistilledChaos"},{"floor":11.0,"key":"PowerPotion"},{"floor":12.0,"key":"DistilledChaos"},{"floor":16.0,"key":"StarNLove"},{"floor":18.0,"key":"Strength Potion"},{"floor":18.0,"key":"Guardian:BlockOnCardUsePotion"},{"floor":23.0,"key":"Guardian:BlockOnCardUsePotion"},{"floor":24.0,"key":"SteroidPotion"},{"floor":30.0,"key":"Energy Potion"},{"floor":33.0,"key":"Fruit Juice"},{"floor":35.0,"key":"ColorlessPotion"},{"floor":39.0,"key":"Energy Potion"},{"floor":41.0,"key":"SkillPotion"},{"floor":44.0,"key":"sneckomod:MuddlingPotion"},{"floor":44.0,"key":"Ancient Potion"},{"floor":45.0,"key":"BlessingOfTheForge"},{"floor":47.0,"key":"Block Potion"},{"floor":50.0,"key":"Fire Potion"}],"is_trial":false,"path_per_floor":["M","?","M","M","?","E","R","E","T","R","M","M","?","$","R","B",null,"M","?","?","AVR","M","NM","M","R","T","?","R","M","E","$","R","B",null,"M","?","$","?","M","R","E","R","T","M","E","M","M","T","R","B","B"],"character_chosen":"MARISA","items_purchased":["Thread and Needle","infinitespire:WardingShard","Fruit Juice","Fruit Juice"],"campfire_rested":6,"item_purchase_floors":[14,31,37,37],"current_hp_per_floor":[61,61,60,59,59,49,49,41,41,62,53,50,50,50,50,15,56,54,48,48,48,38,26,12,33,33,33,55,56,20,20,42,49,70,60,60,72,72,45,45,38,63,63,42,13,16,5,13,40,26,0,0],"gold":445,"neow_bonus":"ONE_RARE_RELIC","is_daily":false,"chose_seed":false,"campfire_upgraded":3,"win_rate":0.0,"timestamp":1610227616,"path_taken":["M","?","M","?","?","E","R","E","T","R","M","M","?","$","R","BOSS","M","?","?","AVR","M","NM","M","R","T","?","R","M","E","$","R","BOSS","M","?","$","?","M","R","E","R","T","M","E","M","?","?","R","BOSS","BOSS"],"items_purchased_type":["Relic","Relic","Potion","Potion"],"build_version":"2020-12-22","purchased_purges":2,"victory":false,"max_hp_per_floor":[70,70,70,70,70,70,70,70,70,70,70,70,70,70,70,70,70,70,70,70,70,70,70,70,70,70,70,70,70,70,70,70,75,75,75,71,81,81,81,81,81,81,81,81,81,81,81,88,88,88,88,88],"card_choices":[{"not_picked":["MilkyWay","EnergyRecoil"],"picked":"GrandCross","floor":1.0},{"not_picked":["IllusionStar","Orbital"],"picked":"MagicAbsorber","floor":3.0},{"not_picked":["DragonMeteor","DarkSpark"],"picked":"WitchOfGreed","floor":4.0},{"not_picked":["PowerUp","SprinkleStarSeal"],"picked":"TreasureHunter","floor":6.0},{"not_picked":["BlazeAway","6A"],"picked":"AlicesGift","floor":8.0},{"not_picked":["WitchOfGreed","AsteroidBelt"],"picked":"EnergyFlow","floor":11.0},{"not_picked":["DragonMeteor","UnstableBomb"],"picked":"Acceleration","floor":12.0},{"not_picked":["StarDustReverie","BinaryStars"],"picked":"CollectingQuirk","floor":16.0},{"not_picked":["UnstableBomb","MachineGunSpark"],"picked":"EventHorizon","floor":18.0},{"not_picked":["ShootingEcho","MeteoricShower","PowerUp"],"picked":"SKIP","floor":18.0},{"not_picked":["infinitespire:Punishment","infinitespire:Execution"],"picked":"infinitespire:NeuralNetwork","floor":20.0},{"not_picked":["DeepEcoloBomb","DarkMatter"],"picked":"MillisecondPulsars","floor":22.0},{"not_picked":["OneTimeOff","WitchOfGreed","DragonMeteor"],"picked":"SKIP","floor":22.0},{"not_picked":["WitchLeyline","TreasureHunter"],"picked":"SporeBomb+1","floor":23.0},{"not_picked":["DC","UnstableBomb","IllusionStar"],"picked":"SKIP","floor":24.0},{"not_picked":["ChargeUpSpray","6A","DragonMeteor"],"picked":"SKIP","floor":24.0},{"not_picked":["LuminesStrike","GrandCross"],"picked":"SprinkleStarSeal","floor":29.0},{"not_picked":["SporeBomb","BigCrunch","IllusionStar"],"picked":"SKIP","floor":29.0},{"not_picked":["Acceleration+1","DarkMatter","SuperPerseids"],"picked":"SKIP","floor":30.0},{"not_picked":["MillisecondPulsars","ManaRampage"],"picked":"FinalSpark","floor":33.0},{"not_picked":["DC+1","GravityBeat","MysteriousBeam"],"picked":"SKIP","floor":35.0},{"not_picked":["GrandCross","6A","WitchLeyline"],"picked":"SKIP","floor":35.0},{"not_picked":["DragonMeteor","MilkyWay","PowerUp"],"picked":"SKIP","floor":39.0},{"not_picked":["GalacticHalo","DarkMatter","SuperNova"],"picked":"SKIP","floor":39.0},{"not_picked":["PowerUp","AlicesGift"],"picked":"NonDirectionalLaser+1","floor":41.0},{"not_picked":["Orbital","OneTimeOff"],"picked":"MachineGunSpark","floor":44.0},{"not_picked":["6A+1","IllusionStar","WitchOfGreed"],"picked":"SKIP","floor":44.0},{"not_picked":["OpenUniverse","LuminesStrike"],"picked":"Singularity+1","floor":45.0},{"not_picked":["DC","6A"],"picked":"EarthLightRay","floor":46.0},{"not_picked":["EventHorizon","DoubleSpark","UnstableBomb"],"picked":"SKIP","floor":46.0},{"not_picked":["PowerUp","EnergyFlow","EnergyRecoil"],"picked":"SKIP","floor":47.0},{"not_picked":["LuminesStrike","MysteriousBeam","MaximisePower"],"picked":"SKIP","floor":47.0},{"not_picked":["SatelliteIllusion","CollectingQuirk"],"picked":"CasketOfStar","floor":50.0}],"player_experience":1096409,"relics_obtained":[{"floor":6.0,"key":"infinitespire:Satchel"},{"floor":8.0,"key":"Bromod:ArcaneNullifier"},{"floor":8.0,"key":"CeramicFish"},{"floor":9.0,"key":"Sundial"},{"floor":16.0,"key":"Prayer Wheel"},{"floor":17.0,"key":"Centennial Puzzle"},{"floor":17.0,"key":"Kunai"},{"floor":23.0,"key":"Vajra"},{"floor":26.0,"key":"Bromod:ArcanePulse"},{"floor":30.0,"key":"Bromod:ArcaneTrickery"},{"floor":33.0,"key":"StoneCalendar"},{"floor":41.0,"key":"Ice Cream"},{"floor":43.0,"key":"Toy Ornithopter"},{"floor":45.0,"key":"Blood Vial"},{"floor":48.0,"key":"Strawberry"}],"event_choices":[{"damage_healed":0.0,"max_hp_gain":0.0,"max_hp_loss":0.0,"gold_gain":0.0,"cards_transformed":["Defend_MRS"],"event_name":"Transmorgrifier","player_choice":"Transformed","floor":2.0,"gold_loss":0.0,"damage_taken":0.0,"cards_obtained":["MachineGunSpark"]},{"damage_healed":0.0,"max_hp_gain":0.0,"max_hp_loss":0.0,"gold_gain":0.0,"event_name":"Big Fish","player_choice":"Box","floor":5.0,"gold_loss":0.0,"damage_taken":0.0,"relics_obtained":["Du-Vu Doll"],"cards_obtained":["Regret"]},{"damage_healed":0.0,"max_hp_gain":0.0,"max_hp_loss":0.0,"gold_gain":0.0,"event_name":"Nest","player_choice":"Joined the Cult","floor":19.0,"gold_loss":0.0,"damage_taken":6.0,"cards_obtained":["RitualDagger"]},{"damage_healed":0.0,"max_hp_gain":0.0,"max_hp_loss":0.0,"gold_gain":0.0,"event_name":"The Mausoleum","player_choice":"Opened","floor":27.0,"gold_loss":0.0,"damage_taken":0.0,"relics_obtained":["BreadOfAWashokuLover"],"cards_obtained":["Writhe"]},{"damage_healed":0.0,"max_hp_gain":0.0,"max_hp_loss":4.0,"gold_gain":0.0,"event_name":"Winding Halls","player_choice":"Max HP","floor":36.0,"gold_loss":0.0,"damage_taken":0.0},{"damage_healed":0.0,"max_hp_gain":0.0,"max_hp_loss":0.0,"gold_gain":0.0,"event_name":"Duplicator","player_choice":"Copied","floor":38.0,"gold_loss":0.0,"damage_taken":0.0,"cards_obtained":["RitualDagger"]}],"is_beta":false,"boss_relics":[{"not_picked":["Fusion Hammer","Astrolabe"],"picked":"Calling Bell"},{"not_picked":["Runic Pyramid","BewitchedHakkero"],"picked":"SlaversCollar"}],"items_purged_floors":[21,31],"is_endless":true,"potions_floor_spawned":[1,3,8,11,12,18,24,30,35,39,44,50],"killed_by":"Donu and Deca","ascension_level":20}}