{"host":"uonldg9uriwfhjjx","time":1610191820,"event":{"mods":["AchievementEnabler","BaseMod","Minty Spire (QoL Compilation)","Relic Stats"],"gold_per_floor":[116,116,116,129,129,129,129,161,161,161,193,39,59,81,81,180,180,199,124,78,153,74,109,109,142,166,166,177,177,210,58,58,158,158,176,176,195,211,42,42,42,61,61,87,101,112,37,53,53,53],"floor_reached":51,"playtime":3891,"items_purged":["Strike_P","WaveOfTheHand"],"score":1166,"play_id":"2619b8ab-44a8-4c4e-abdd-21eddf8803ba","local_time":"20210109063020","is_ascension_mode":true,"campfire_choices":[{"data":"FollowUp","floor":6.0,"key":"SMITH"},{"data":"Vengeance","floor":10.0,"key":"SMITH"},{"data":"FlurryOfBlows","floor":15.0,"key":"SMITH"},{"data":"MentalFortress","floor":24.0,"key":"SMITH"},{"data":"MentalFortress","floor":27.0,"key":"SMITH"},{"data":"FlyingSleeves","floor":29.0,"key":"SMITH"},{"data":"EmptyMind","floor":32.0,"key":"SMITH"},{"floor":40.0,"key":"REST"},{"floor":41.0,"key":"REST"},{"floor":49,"key":"REST"}],"circlet_count":0,"master_deck":["Strike_P+1","Defend_P","Defend_P","Defend_P+1","Eruption+1","Vigilance","CarveReality","FollowUp+1","Vengeance+1","EmptyMind+1","MentalFortress+1","Evaluate","ClearTheMind","FlurryOfBlows+1","Establishment","CurseOfTheBell","CutThroughFate","FlyingSleeves+1","MentalFortress+1","ClearTheMind","Evaluate+1","FlurryOfBlows+1","FlurryOfBlows+1","LikeWater","Adaptation","MentalFortress","FlurryOfBlows","Crescendo+1","Evaluate+1","Vault","Adaptation","ClearTheMind","Pray+1"],"relics":["PureWater","NeowsBlessing","Akabeko","Sundial","Nunchaku","Odd Mushroom","Calling Bell","Bronze Scales","Kunai","WingedGreaves","Pear","Dream Catcher","Strawberry","Mango","Sling","Empty Cage","TeardropLocket","Toy Ornithopter"],"acts_visited":["Exordium","TheCity","TheBeyond"],"potions_floor_usage":[45,45,50,50],"damage_taken":[{"damage":0.0,"enemies":"Jaw Worm","floor":1.0,"turns":1.0},{"damage":0.0,"enemies":"Small Slimes","floor":4.0,"turns":1.0},{"damage":0.0,"enemies":"3 Sentries","floor":8.0,"turns":2.0},{"damage":0.0,"enemies":"Lagavulin","floor":11.0,"turns":3.0},{"damage":0.0,"enemies":"Cultist","floor":13.0,"turns":3.0},{"damage":9.0,"enemies":"The Mushroom Lair","floor":14.0,"turns":3.0},{"damage":0.0,"enemies":"Slime Boss","floor":16.0,"turns":4.0},{"damage":12.0,"enemies":"Spheric Guardian","floor":18.0,"turns":4.0},{"damage":8.0,"enemies":"Gremlin Leader","floor":23.0,"turns":5.0},{"damage":15.0,"enemies":"Slavers","floor":25.0,"turns":4.0},{"damage":4.0,"enemies":"Chosen","floor":28.0,"turns":4.0},{"damage":0.0,"enemies":"Gremlin Leader","floor":30.0,"turns":7.0},{"damage":6.0,"enemies":"Champ","floor":33.0,"turns":10.0},{"damage":13.0,"enemies":"3 Shapes","floor":35.0,"turns":5.0},{"damage":50.0,"enemies":"3 Darklings","floor":37.0,"turns":6.0},{"damage":16.0,"enemies":"Spire Growth","floor":38.0,"turns":4.0},{"damage":40.0,"enemies":"Sphere and 2 Shapes","floor":42.0,"turns":6.0},{"damage":3.0,"enemies":"Giant Head","floor":44.0,"turns":5.0},{"damage":21,"enemies":"Maw","floor":45,"turns":6},{"damage":0,"enemies":"3 Darklings","floor":46,"turns":6},{"damage":0,"enemies":"Sphere and 2 Shapes","floor":48,"turns":6},{"damage":38,"enemies":"Donu and Deca","floor":50,"turns":8}],"seed_played":"-7151535077057289025","potions_obtained":[{"floor":1.0,"key":"Weak Potion"},{"floor":11.0,"key":"CultistPotion"},{"floor":14.0,"key":"Weak Potion"},{"floor":23.0,"key":"Energy Potion"},{"floor":25.0,"key":"SpeedPotion"},{"floor":30.0,"key":"EntropicBrew"},{"floor":37.0,"key":"PowerPotion"},{"floor":44.0,"key":"SkillPotion"},{"floor":45,"key":"FearPotion"}],"is_trial":false,"path_per_floor":["M","?","?","M","$","R","$","E","T","R","E","$","M","?","R","B",null,"M","?","$","?","$","E","R","E","T","R","M","R","E","$","R","B",null,"M","?","M","M","$","R","R","M","T","E","M","M","$","M","R","B",null],"character_chosen":"WATCHER","items_purchased":["MentalFortress","Evaluate","FlyingSleeves","MentalFortress","Sling","Adaptation","Regen Potion"],"campfire_rested":3,"item_purchase_floors":[12,12,20,22,31,39,47],"current_hp_per_floor":[65,51,51,51,51,51,51,51,51,51,51,51,51,42,42,42,65,53,53,53,46,46,48,48,33,40,40,36,36,50,50,50,44,88,75,75,25,9,9,39,69,29,29,26,15,15,15,15,45,32],"gold":53,"neow_bonus":"THREE_ENEMY_KILL","is_daily":false,"chose_seed":false,"campfire_upgraded":7,"win_rate":0.0,"timestamp":1610191820,"path_taken":["M","?","?","?","$","R","$","E","T","R","E","$","M","?","R","BOSS","M","?","$","?","$","E","R","E","T","R","?","R","E","?","R","BOSS","M","?","M","M","$","R","R","M","T","E","M","?","?","M","R","BOSS"],"items_purchased_type":["Card","Card","Card","Card","Relic","Card","Potion"],"build_version":"2020-12-22","purchased_purges":2,"victory":true,"max_hp_per_floor":[72,72,72,72,72,72,72,72,72,72,72,72,72,72,72,72,72,72,72,72,72,72,82,82,82,89,89,89,89,103,103,103,103,103,103,103,103,103,103,103,103,103,103,103,103,103,103,103,103,103],"relic_stats":{"Nunchaku":[31],"Dream Catcher":3,"counters":[22,103],"Sundial":[14],"Bronze Scales":[159],"Kunai":[67],"obtain_stats":[{"Pear":23,"NeowsBlessing":0,"Mango":30,"TeardropLocket":43,"Odd Mushroom":14,"Sling":31,"Empty Cage":34,"Akabeko":8,"Calling Bell":17,"Nunchaku":11,"Dream Catcher":25,"Sundial":9,"Bronze Scales":17,"Strawberry":26,"WingedGreaves":17,"Kunai":17,"PureWater":0,"Toy Ornithopter":44},{"Pear":9,"NeowsBlessing":0,"Mango":12,"TeardropLocket":17,"Odd Mushroom":6,"Sling":12,"Empty Cage":13,"Akabeko":3,"Calling Bell":7,"Nunchaku":4,"Dream Catcher":10,"Sundial":3,"Bronze Scales":7,"Strawberry":10,"WingedGreaves":7,"Kunai":7,"PureWater":0,"Toy Ornithopter":18},{"Pear":26,"NeowsBlessing":0,"Mango":41,"TeardropLocket":72,"Odd Mushroom":13,"Sling":41,"Empty Cage":51,"Akabeko":4,"Calling Bell":17,"Nunchaku":7,"Dream Catcher":30,"Sundial":4,"Bronze Scales":17,"Strawberry":30,"WingedGreaves":17,"Kunai":17,"PureWater":0,"Toy Ornithopter":77}],"Toy Ornithopter":20},"card_choices":[{"not_picked":["Fasting2","Consecrate"],"picked":"CarveReality","floor":1.0},{"not_picked":["BowlingBash","EmptyFist"],"picked":"FollowUp","floor":4.0},{"not_picked":["SashWhip","WheelKick"],"picked":"Vengeance","floor":8.0},{"not_picked":["Prostrate","FlyingSleeves"],"picked":"EmptyMind","floor":11.0},{"not_picked":["DeceiveReality","Conclude"],"picked":"ClearTheMind","floor":13.0},{"not_picked":["PathToVictory","FlyingSleeves"],"picked":"FlurryOfBlows","floor":14.0},{"not_picked":["Devotion","Ragnarok"],"picked":"Establishment","floor":16.0},{"not_picked":["CarveReality","FollowUp"],"picked":"CutThroughFate","floor":18.0},{"not_picked":["BattleHymn","CrushJoints"],"picked":"ClearTheMind","floor":23.0},{"not_picked":["PathToVictory","Nirvana+1"],"picked":"WaveOfTheHand","floor":25.0},{"not_picked":["Wireheading","ThirdEye","BowlingBash+1"],"picked":"SKIP","floor":28.0},{"not_picked":["SashWhip","ClearTheMind"],"picked":"Evaluate+1","floor":30.0},{"not_picked":["JustLucky","SignatureMove","Meditate"],"picked":"SKIP","floor":35.0},{"not_picked":["Evaluate","BowlingBash"],"picked":"FlurryOfBlows+1","floor":37.0},{"not_picked":["Halt+1","Evaluate"],"picked":"LikeWater","floor":38.0},{"not_picked":["CarveReality","Collect"],"picked":"MentalFortress","floor":40.0},{"not_picked":["WaveOfTheHand+1","ClearTheMind+1"],"picked":"FlurryOfBlows","floor":41.0},{"not_picked":["ThirdEye+1","CutThroughFate+1"],"picked":"Crescendo+1","floor":42.0},{"not_picked":["InnerPeace","CrushJoints+1"],"picked":"Evaluate+1","floor":44.0},{"not_picked":["Weave","JustLucky"],"picked":"Vault","floor":45},{"not_picked":["SashWhip","FearNoEvil+1"],"picked":"Adaptation","floor":46},{"not_picked":["EmptyFist+1","SandsOfTime"],"picked":"ClearTheMind","floor":48},{"not_picked":["JustLucky","Consecrate"],"picked":"Pray+1","floor":49}],"player_experience":759648,"relics_obtained":[{"floor":8.0,"key":"Akabeko"},{"floor":9.0,"key":"Sundial"},{"floor":11.0,"key":"Nunchaku"},{"floor":14.0,"key":"Odd Mushroom"},{"floor":17.0,"key":"Bronze Scales"},{"floor":17.0,"key":"Kunai"},{"floor":17.0,"key":"WingedGreaves"},{"floor":23.0,"key":"Pear"},{"floor":25.0,"key":"Dream Catcher"},{"floor":26.0,"key":"Strawberry"},{"floor":30.0,"key":"Mango"},{"floor":43.0,"key":"TeardropLocket"},{"floor":44.0,"key":"Toy Ornithopter"}],"event_choices":[{"damage_healed":0.0,"max_hp_gain":0.0,"max_hp_loss":0.0,"gold_gain":0.0,"event_name":"Shining Light","player_choice":"Entered Light","floor":2.0,"gold_loss":0.0,"damage_taken":14.0,"cards_upgraded":["Strike_P","Defend_P"]},{"damage_healed":0.0,"max_hp_gain":0.0,"max_hp_loss":0.0,"gold_gain":0.0,"event_name":"Upgrade Shrine","player_choice":"Upgraded","floor":3.0,"gold_loss":0.0,"damage_taken":0.0,"cards_upgraded":["Eruption"]},{"damage_healed":0.0,"max_hp_gain":0.0,"max_hp_loss":0.0,"gold_gain":0.0,"event_name":"Mushrooms","player_choice":"Fought Mushrooms","floor":14.0,"gold_loss":0.0,"damage_taken":0.0},{"cards_removed":["Strike_P"],"damage_healed":0.0,"max_hp_gain":0.0,"max_hp_loss":0.0,"gold_gain":0.0,"event_name":"Beggar","player_choice":"Gave Gold","floor":19.0,"gold_loss":75.0,"damage_taken":0.0},{"damage_healed":0.0,"max_hp_gain":0.0,"max_hp_loss":0.0,"gold_gain":75.0,"event_name":"FaceTrader","player_choice":"Touch","floor":21.0,"gold_loss":0.0,"damage_taken":7.0},{"damage_healed":0.0,"max_hp_gain":0.0,"max_hp_loss":0.0,"gold_gain":0.0,"event_name":"Duplicator","player_choice":"Copied","floor":36.0,"gold_loss":0.0,"damage_taken":0.0,"cards_obtained":["FlurryOfBlows"]}],"is_beta":false,"boss_relics":[{"not_picked":["HolyWater","SlaversCollar"],"picked":"Calling Bell"},{"not_picked":["Tiny House","Philosopher\u0027s Stone"],"picked":"Empty Cage"}],"items_purged_floors":[12,39],"is_endless":false,"potions_floor_spawned":[1,11,14,23,25,30,37,44,45],"ascension_level":6}}