{"host":"nkolxg4se00n20yf","time":1610205890,"event":{"mods":["BaseMod","CatGirl Mod","Chen","Colored Map","Colored Powertips","Downfall","Friendly Minions","Infinite Spire","Kiyohime????","Marisa????????","Minty Spire (QoL Compilation)","StSLib","Td1madao Mod","The Administrix","The Cursed","The Exalted","The Hierophant","The Servant 0.9.4"],"gold_per_floor":[110,125,17,34,184,184,184],"floor_reached":6,"playtime":209,"items_purged":[],"score":70,"play_id":"68dcc7db-8d58-4583-9942-f53927ac8e15","local_time":"20210109162450","is_ascension_mode":true,"campfire_choices":[],"circlet_count":0,"master_deck":["AscendersBane","Strike_G","Strike_G","Strike_G","Strike_G","Strike_G","Defend_G","Defend_G","Defend_G","Defend_G","Defend_G","Survivor","Neutralize","Mind Blast","Dagger Spray","Dash","Flash of Steel","Dagger Throw","Doubt"],"relics":["Ring of the Snake"],"acts_visited":["Exordium"],"potions_floor_usage":[],"damage_taken":[{"damage":11.0,"enemies":"Cultist","floor":1.0,"turns":5.0},{"damage":5,"enemies":"2 Louse","floor":2,"turns":3},{"damage":3,"enemies":"Small Slimes","floor":4,"turns":4},{"damage":45,"enemies":"Gremlin Nob","floor":6,"turns":4}],"seed_played":"5159637175272294214","potions_obtained":[],"is_trial":false,"path_per_floor":["M","M","$","M","?","E"],"character_chosen":"THE_SILENT","items_purchased":["Flash of Steel"],"campfire_rested":0,"item_purchase_floors":[3],"current_hp_per_floor":[48,43,43,40,40,0,0],"gold":184,"neow_bonus":"RANDOM_COLORLESS","is_daily":false,"chose_seed":false,"campfire_upgraded":0,"win_rate":0.0,"timestamp":1610205890,"path_taken":["M","M","?","M","?","E"],"items_purchased_type":["Card"],"build_version":"2020-12-22","purchased_purges":0,"victory":false,"max_hp_per_floor":[66,66,66,66,66,66,66],"card_choices":[{"not_picked":["Discovery","Jack Of All Trades"],"picked":"Mind Blast","floor":0.0},{"not_picked":["Dodge and Roll","Sucker Punch"],"picked":"Dagger Spray","floor":1.0},{"not_picked":["Dagger Spray","Deadly Poison"],"picked":"Dash","floor":2},{"not_picked":["Backflip","Acrobatics"],"picked":"Dagger Throw","floor":4}],"player_experience":1089428,"relics_obtained":[],"event_choices":[{"damage_healed":0,"gold_gain":150,"player_choice":"AGREE","damage_taken":0,"max_hp_gain":0,"max_hp_loss":0,"event_name":"Liars Game","floor":5,"gold_loss":0,"cards_obtained":["Doubt"]}],"is_beta":false,"boss_relics":[],"items_purged_floors":[],"is_endless":false,"potions_floor_spawned":[],"killed_by":"Gremlin Nob","ascension_level":19}}