{"host":"y3h3n3f7seyagppx","time":1610220367,"event":{"mods":["AlwaysNeverKeys","BaseMod","Better Vampires","Colored Powertips","DeckTracker","Emptier Cage","Minty Spire (QoL Compilation)","Permanent Neow","Quick Restart","Rare Cards Sparkle","Relic Sorter","Relic Stats","StSLib","Transform Curses"],"gold_per_floor":[114,124,142,160,180,180,209,209,209,229,259,286,211,240,240,312,312,332,332,95,106,106,141,151,168,193,238,261,291,330,362,374,457,469,501,513,540,564,256,269,303,319,346,375,392,412,443,460,460,460,460,460,460,37,68,68],"floor_reached":57,"playtime":7751,"items_purged":["Strike_R","Strike_R"],"score":2964,"play_id":"ba62e0d8-d0ee-498f-8b88-515f5c089d6e","local_time":"20210109142607","is_ascension_mode":true,"campfire_choices":[{"data":"Carnage","floor":6.0,"key":"SMITH"},{"data":"Bash","floor":8.0,"key":"SMITH"},{"data":"Armaments","floor":15.0,"key":"SMITH"},{"floor":32.0,"key":"REST"},{"floor":49.0,"key":"REST"},{"floor":53.0,"key":"REST"}],"circlet_count":0,"master_deck":["AscendersBane","Strike_R","Strike_R","Defend_R","Defend_R","Defend_R","Defend_R","Bash+1","Twin Strike","Iron Wave","Reaper","Carnage+1","Spot Weakness","Armaments+1","Corruption","Impervious","Impervious","Impervious","Entrench","RitualDagger","Exhume","Shockwave","Shockwave","Dual Wield+1","Pommel Strike+1","Offering","Feel No Pain","Battle Trance+1","Body Slam+1","Shrug It Off","Corruption","Spot Weakness","True Grit+1","Headbutt+1","Feel No Pain","Reaper+1","Uppercut+1","Sword Boomerang+1"],"relics":["Burning Blood","Bag of Preparation","Omamori","Calipers","Self Forming Clay","Odd Mushroom","Lizard Tail","Fusion Hammer","DollysMirror","Molten Egg 2","MawBank","MealTicket","Pear","Runic Pyramid","ClockworkSouvenir","Juzu Bracelet","Ancient Tea Set","Singing Bowl","Turnip","Strange Spoon","Nunchaku","Orichalcum"],"acts_visited":["Exordium","TheCity","TheBeyond","TheEnding"],"potions_floor_usage":[56,56],"damage_taken":[{"damage":0.0,"enemies":"2 Louse","floor":1.0,"turns":3.0},{"damage":1.0,"enemies":"Small Slimes","floor":2.0,"turns":3.0},{"damage":1.0,"enemies":"Cultist","floor":3.0,"turns":3.0},{"damage":7.0,"enemies":"Looter","floor":4.0,"turns":3.0},{"damage":19.0,"enemies":"Blue Slaver","floor":5.0,"turns":5.0},{"damage":8.0,"enemies":"Gremlin Nob","floor":7.0,"turns":3.0},{"damage":24.0,"enemies":"Exordium Thugs","floor":10.0,"turns":5.0},{"damage":25.0,"enemies":"Lagavulin","floor":11.0,"turns":5.0},{"damage":1.0,"enemies":"The Mushroom Lair","floor":12.0,"turns":5.0},{"damage":17.0,"enemies":"Gremlin Nob","floor":14.0,"turns":4.0},{"damage":38.0,"enemies":"The Guardian","floor":16.0,"turns":12.0},{"damage":1.0,"enemies":"2 Thieves","floor":18.0,"turns":4.0},{"damage":9.0,"enemies":"Shell Parasite","floor":21.0,"turns":6.0},{"damage":7.0,"enemies":"Gremlin Leader","floor":23.0,"turns":8.0},{"damage":4.0,"enemies":"Snake Plant","floor":24.0,"turns":5.0},{"damage":6.0,"enemies":"Sentry and Sphere","floor":25.0,"turns":7.0},{"damage":28.0,"enemies":"Slavers","floor":27.0,"turns":12.0},{"damage":0.0,"enemies":"Snecko","floor":28.0,"turns":6.0},{"damage":0.0,"enemies":"Snake Plant","floor":29.0,"turns":5.0},{"damage":10.0,"enemies":"Book of Stabbing","floor":30.0,"turns":6.0},{"damage":11.0,"enemies":"Sentry and Sphere","floor":31.0,"turns":7.0},{"damage":49.0,"enemies":"Collector","floor":33.0,"turns":11.0},{"damage":21.0,"enemies":"3 Darklings","floor":35.0,"turns":5.0},{"damage":11.0,"enemies":"Orb Walker","floor":37.0,"turns":6.0},{"damage":6.0,"enemies":"3 Darklings","floor":38.0,"turns":5.0},{"damage":9.0,"enemies":"Writhing Mass","floor":40.0,"turns":4.0},{"damage":6.0,"enemies":"Reptomancer","floor":41.0,"turns":1.0},{"damage":0.0,"enemies":"Sphere and 2 Shapes","floor":42.0,"turns":6.0},{"damage":6.0,"enemies":"Nemesis","floor":44.0,"turns":7.0},{"damage":12.0,"enemies":"Maw","floor":45.0,"turns":8.0},{"damage":7.0,"enemies":"3 Darklings","floor":46.0,"turns":3.0},{"damage":19.0,"enemies":"Giant Head","floor":47.0,"turns":5.0},{"damage":23.0,"enemies":"Transient","floor":48.0,"turns":6.0},{"damage":21.0,"enemies":"Time Eater","floor":50.0,"turns":6.0},{"damage":26.0,"enemies":"Awakened One","floor":51.0,"turns":7.0},{"damage":27,"enemies":"Shield and Spear","floor":55,"turns":8},{"damage":10,"enemies":"The Heart","floor":56,"turns":8}],"seed_played":"6356400940884404343","potions_obtained":[{"floor":2.0,"key":"Weak Potion"},{"floor":7.0,"key":"Weak Potion"},{"floor":10.0,"key":"Fire Potion"},{"floor":11.0,"key":"Regen Potion"},{"floor":14.0,"key":"Energy Potion"},{"floor":16.0,"key":"DuplicationPotion"},{"floor":21.0,"key":"DistilledChaos"},{"floor":27.0,"key":"Weak Potion"},{"floor":30.0,"key":"Fruit Juice"},{"floor":31.0,"key":"DuplicationPotion"}],"is_trial":false,"path_per_floor":["M","M","M","M","M","R","E","R","T","M","E","?","?","E","R","B",null,"M","?","$","M","?","E","M","M","T","E","M","M","E","M","R","B",null,"M","?","M","M","$","M","E","M","T","E","M","M","E","M","R","B","B",null,"R","$","E","B",null],"character_chosen":"IRONCLAD","items_purchased":["DollysMirror","ClockworkSouvenir","Shrug It Off","Strange Spoon","Nunchaku","Uppercut+1"],"campfire_rested":3,"item_purchase_floors":[20,39,39,54,54,54],"current_hp_per_floor":[74,75,75,74,61,61,59,59,59,51,42,66,66,55,55,36,65,75,75,75,75,69,75,75,75,75,59,72,75,85,85,90,71,85,90,90,90,90,90,90,90,90,90,90,90,89,90,92,92,92,92,92,92,92,92,92],"gold":68,"neow_bonus":"RANDOM_COMMON_RELIC","is_daily":false,"chose_seed":false,"campfire_upgraded":3,"win_rate":0.0,"timestamp":1610220367,"path_taken":["M","M","M","M","M","R","E","R","T","M","E","?","?","E","R","BOSS","M","?","$","?","?","E","M","M","T","E","M","M","E","M","R","BOSS","M","?","M","?","$","M","E","M","T","E","M","M","E","M","R","BOSS","BOSS","R","$","E","BOSS"],"items_purchased_type":["Relic","Relic","Card","Relic","Relic","Card"],"build_version":"2020-12-22","purchased_purges":2,"victory":true,"max_hp_per_floor":[75,75,75,75,75,75,75,75,75,75,75,75,75,75,75,75,75,75,75,75,75,75,75,75,75,75,75,75,75,85,90,90,90,90,90,90,90,90,90,90,90,90,90,90,90,90,90,92,92,92,92,92,92,92,92,92],"relic_stats":{"Singing Bowl":2,"counters":[37,213],"Self Forming Clay":[189],"Bag of Preparation":[74],"Juzu Bracelet":0,"Orichalcum":[6],"MawBank":156,"Burning Blood":118,"Strange Spoon":[25],"Lizard Tail":0,"Nunchaku":[2],"MealTicket":0,"Turnip":[2],"obtain_stats":[{"Calipers":9,"Pear":30,"Singing Bowl":44,"Self Forming Clay":11,"Bag of Preparation":0,"Omamori":7,"Juzu Bracelet":41,"Odd Mushroom":12,"Orichalcum":55,"MawBank":26,"Ancient Tea Set":43,"Burning Blood":0,"ClockworkSouvenir":39,"Strange Spoon":54,"Lizard Tail":14,"Nunchaku":54,"DollysMirror":20,"Molten Egg 2":23,"MealTicket":27,"Fusion Hammer":17,"Turnip":47,"Runic Pyramid":34},{"Calipers":6,"Pear":20,"Singing Bowl":29,"Self Forming Clay":8,"Bag of Preparation":0,"Omamori":6,"Juzu Bracelet":27,"Odd Mushroom":9,"Orichalcum":36,"MawBank":16,"Ancient Tea Set":28,"Burning Blood":0,"ClockworkSouvenir":25,"Strange Spoon":35,"Lizard Tail":10,"Nunchaku":35,"DollysMirror":12,"Molten Egg 2":14,"MealTicket":17,"Fusion Hammer":11,"Turnip":32,"Runic Pyramid":22},{"Calipers":20,"Pear":110,"Singing Bowl":162,"Self Forming Clay":30,"Bag of Preparation":0,"Omamori":20,"Juzu Bracelet":149,"Odd Mushroom":35,"Orichalcum":205,"MawBank":81,"Ancient Tea Set":155,"Burning Blood":0,"ClockworkSouvenir":144,"Strange Spoon":197,"Lizard Tail":39,"Nunchaku":197,"DollysMirror":55,"Molten Egg 2":69,"MealTicket":93,"Fusion Hammer":51,"Turnip":178,"Runic Pyramid":128}]},"card_choices":[{"not_picked":["Cleave","Clash"],"picked":"Twin Strike","floor":1.0},{"not_picked":["Fire Breathing","Infernal Blade"],"picked":"Iron Wave","floor":2.0},{"not_picked":["Clash","Anger"],"picked":"Reaper","floor":3.0},{"not_picked":["Clothesline","Dark Embrace"],"picked":"Carnage","floor":4.0},{"not_picked":["Infernal Blade","Clash","Fire Breathing"],"picked":"SKIP","floor":5.0},{"not_picked":["Flame Barrier","Havoc"],"picked":"Spot Weakness","floor":7.0},{"not_picked":["Iron Wave","Dropkick"],"picked":"Armaments","floor":10.0},{"not_picked":["Blood for Blood","Pommel Strike"],"picked":"Corruption","floor":11.0},{"not_picked":["Twin Strike","Warcry","Carnage"],"picked":"SKIP","floor":14.0},{"not_picked":["Juggernaut","Feed"],"picked":"Impervious","floor":16.0},{"not_picked":["Perfected Strike","Body Slam","Rupture"],"picked":"SKIP","floor":18.0},{"not_picked":["Flex+1","Havoc"],"picked":"Entrench","floor":21.0},{"not_picked":["Whirlwind+1","Flex"],"picked":"Exhume","floor":23.0},{"not_picked":["Cleave+1","Twin Strike+1"],"picked":"Shockwave","floor":24.0},{"not_picked":["Clothesline+1","Anger+1","Warcry"],"picked":"SKIP","floor":25.0},{"not_picked":["True Grit","Searing Blow+1","Second Wind"],"picked":"SKIP","floor":27.0},{"not_picked":["Infernal Blade","Warcry+1"],"picked":"Shockwave","floor":28.0},{"not_picked":["Ghostly Armor","Bloodletting"],"picked":"Dual Wield","floor":29.0},{"not_picked":["Warcry","Anger+1","Flex"],"picked":"SKIP","floor":30.0},{"not_picked":["Iron Wave+1","Dual Wield"],"picked":"Pommel Strike+1","floor":31.0},{"not_picked":["Double Tap","Feed+1"],"picked":"Offering","floor":33.0},{"not_picked":["Pommel Strike+1","Clothesline+1"],"picked":"Feel No Pain","floor":35.0},{"not_picked":["Iron Wave+1","Infernal Blade+1"],"picked":"Battle Trance+1","floor":37.0},{"not_picked":["Rampage+1","Fire Breathing"],"picked":"Body Slam+1","floor":38.0},{"not_picked":["Flex","Evolve","Clothesline+1"],"picked":"SKIP","floor":40.0},{"not_picked":["Wild Strike+1","Second Wind","Corruption"],"picked":"SKIP","floor":41.0},{"not_picked":["Wild Strike+1","Second Wind","Corruption"],"picked":"SKIP","floor":41.0},{"not_picked":["Wild Strike+1","Second Wind"],"picked":"Corruption","floor":41.0},{"not_picked":["Battle Trance","Wild Strike+1"],"picked":"Spot Weakness","floor":42.0},{"not_picked":["Hemokinesis+1","Clothesline+1"],"picked":"True Grit+1","floor":44.0},{"not_picked":["Cleave+1","Armaments+1"],"picked":"Headbutt+1","floor":45.0},{"not_picked":["Twin Strike+1","Sentinel"],"picked":"Feel No Pain","floor":46.0},{"not_picked":["Shrug It Off","Hemokinesis+1"],"picked":"Reaper+1","floor":47.0},{"not_picked":["Perfected Strike+1","Headbutt+1","Second Wind"],"picked":"Singing Bowl","floor":48.0},{"not_picked":["Warcry","Power Through"],"picked":"Sword Boomerang+1","floor":55}],"player_experience":20545883,"relics_obtained":[{"floor":7.0,"key":"Omamori"},{"floor":9.0,"key":"Calipers"},{"floor":11.0,"key":"Self Forming Clay"},{"floor":12.0,"key":"Odd Mushroom"},{"floor":14.0,"key":"Lizard Tail"},{"floor":23.0,"key":"Molten Egg 2"},{"floor":26.0,"key":"MawBank"},{"floor":27.0,"key":"MealTicket"},{"floor":30.0,"key":"Pear"},{"floor":41.0,"key":"Juzu Bracelet"},{"floor":43.0,"key":"Ancient Tea Set"},{"floor":44.0,"key":"Singing Bowl"},{"floor":47.0,"key":"Turnip"},{"floor":55,"key":"Orichalcum"}],"event_choices":[{"damage_healed":0.0,"max_hp_gain":0.0,"max_hp_loss":0.0,"gold_gain":0.0,"event_name":"Mushrooms","player_choice":"Fought Mushrooms","floor":12.0,"gold_loss":0.0,"damage_taken":0.0},{"cards_removed":["Strike_R"],"damage_healed":0.0,"max_hp_gain":0.0,"max_hp_loss":0.0,"gold_gain":0.0,"event_name":"The Cleric","player_choice":"Card Removal","floor":13.0,"gold_loss":75.0,"damage_taken":0.0},{"damage_healed":0.0,"max_hp_gain":0.0,"max_hp_loss":0.0,"gold_gain":0.0,"event_name":"Duplicator","player_choice":"Copied","floor":19.0,"gold_loss":0.0,"damage_taken":0.0,"cards_obtained":["Impervious"]},{"damage_healed":0.0,"max_hp_gain":0.0,"max_hp_loss":0.0,"gold_gain":0.0,"event_name":"Nest","player_choice":"Joined the Cult","floor":22.0,"gold_loss":0.0,"damage_taken":6.0,"cards_obtained":["RitualDagger"]},{"damage_healed":0.0,"max_hp_gain":0.0,"max_hp_loss":0.0,"gold_gain":0.0,"event_name":"Upgrade Shrine","player_choice":"Upgraded","floor":36.0,"gold_loss":0.0,"damage_taken":0.0,"cards_upgraded":["Dual Wield"]}],"is_beta":false,"boss_relics":[{"not_picked":["Black Blood","Black Star"],"picked":"Fusion Hammer"},{"not_picked":["Mark of Pain","Runic Dome"],"picked":"Runic Pyramid"}],"items_purged_floors":[20,39],"is_endless":false,"potions_floor_spawned":[2,7,10,11,14,16,21,27,29,30,31,40,42,44,45,48],"ascension_level":20}}