{"host":"hwdg34753f7m8ow2","time":1610153930,"event":{"mods":["AchievementEnabler","BaseMod","Koishi","Marisa????????","Minty Spire (QoL Compilation)","Permanent Neow","Quick Restart","Shop Mod","StSLib","The Senshi","The Servant 0.9.4"],"gold_per_floor":[111,111,111,126,139,173,173,173,173,38,53,79,96,116,116,212,212,228,228,248,7,7,7,37,37,37],"floor_reached":25,"playtime":1691,"items_purged":["Koishi:BasicStrike"],"score":372,"play_id":"59d5c605-a7c2-4b7b-9643-32909430b53e","local_time":"20210108175850","is_ascension_mode":true,"campfire_choices":[{"data":"Koishi:TremblingHands","floor":7.0,"key":"SMITH"},{"floor":15.0,"key":"REST"},{"floor":23,"key":"REST"}],"circlet_count":0,"master_deck":["AscendersBane","Koishi:BasicStrike","Koishi:BasicStrike","Koishi:BasicStrike","Koishi:BasicDefend","Koishi:BasicDefend","Koishi:BasicDefend","Koishi:BasicDefend","Koishi:Provoke+1","Koishi:HauntingSlash+1","Koishi:PhantomBarrier","Koishi:JumpScare","Koishi:TremblingHands+1","Koishi:UnconsciousUrges","Koishi:MindStellarRelief","Koishi:ParalyzingFear","Koishi:YoukaiPolygraph","Koishi:GrowingPain","Koishi:JumpScare","Koishi:SilentAndRestless","Koishi:RacingHeart","Koishi:RuptureMind"],"relics":["Koishi:ImaginaryFriend","NeowsBlessing","Lizard Tail","Mango","StoneCalendar","SlaversCollar","GremlinMask","Membership Card","Ginger","PreservedInsect"],"acts_visited":["Exordium","TheCity"],"potions_floor_usage":[21,24],"damage_taken":[{"damage":0.0,"enemies":"2 Louse","floor":1.0,"turns":1.0},{"damage":0.0,"enemies":"Cultist","floor":4.0,"turns":1.0},{"damage":0.0,"enemies":"Small Slimes","floor":5.0,"turns":2.0},{"damage":31.0,"enemies":"3 Sentries","floor":6.0,"turns":13.0},{"damage":0.0,"enemies":"Exordium Thugs","floor":11.0,"turns":5.0},{"damage":16.0,"enemies":"Gremlin Nob","floor":12.0,"turns":5.0},{"damage":5.0,"enemies":"Gremlin Gang","floor":13.0,"turns":6.0},{"damage":7.0,"enemies":"Looter","floor":14.0,"turns":4.0},{"damage":41.0,"enemies":"Slime Boss","floor":16.0,"turns":7.0},{"damage":31.0,"enemies":"2 Thieves","floor":18.0,"turns":5.0},{"damage":12.0,"enemies":"Chosen","floor":20.0,"turns":5.0},{"damage":45,"enemies":"Gremlin Leader","floor":24,"turns":8},{"damage":33,"enemies":"Snake Plant","floor":25,"turns":3}],"seed_played":"2187243365070078378","potions_obtained":[{"floor":4.0,"key":"DistilledChaos"},{"floor":6.0,"key":"SkillPotion"},{"floor":13.0,"key":"BlessingOfTheForge"}],"is_trial":false,"path_per_floor":["M","?","?","M","M","E","R","?","T","$","M","E","M","M","R","B",null,"M","?","M","$","T","R","E","M"],"character_chosen":"KOISHI","items_purchased":["Koishi:MindStellarRelief","Membership Card","Fruit Juice"],"campfire_rested":2,"item_purchase_floors":[10,21,21],"current_hp_per_floor":[54,54,54,54,56,27,27,27,41,41,45,35,32,29,51,12,59,36,36,32,37,37,60,23,33,33],"gold":37,"neow_bonus":"THREE_ENEMY_KILL","is_daily":false,"chose_seed":false,"campfire_upgraded":1,"win_rate":0.0,"timestamp":1610153930,"path_taken":["M","?","?","?","M","E","R","?","T","?","M","E","?","M","R","BOSS","M","?","M","$","?","R","E","M"],"items_purchased_type":["Card","Relic","Potion"],"build_version":"2020-12-22","purchased_purges":1,"victory":false,"max_hp_per_floor":[60,60,60,60,60,60,60,60,74,74,74,74,74,74,74,74,74,74,74,74,79,79,79,79,79,79],"card_choices":[{"not_picked":["Koishi:UnconsciousUprising","Koishi:EmbryosDream"],"picked":"Koishi:PhantomBarrier","floor":1.0},{"not_picked":["Koishi:ReflexRadar","Koishi:FleetingPhantom"],"picked":"Koishi:JumpScare","floor":4.0},{"not_picked":["Koishi:JumpScare","Koishi:BloodcurdlingScream"],"picked":"Koishi:TremblingHands","floor":5.0},{"not_picked":["Koishi:Jaunt","Koishi:EmbryosDream"],"picked":"Koishi:UnconsciousUrges","floor":6.0},{"not_picked":["Koishi:SprinkleStarAndHeart","Koishi:DreadfulBlow"],"picked":"Koishi:ParalyzingFear","floor":11.0},{"not_picked":["Koishi:IdleWhim","Koishi:SubconsciousSweep"],"picked":"Koishi:YoukaiPolygraph","floor":12.0},{"not_picked":["Koishi:TremblingHands","Koishi:ReleaseOfTheId"],"picked":"Koishi:GrowingPain","floor":13.0},{"not_picked":["Koishi:Prune","Koishi:SubconsciousSweep"],"picked":"Koishi:JumpScare","floor":14.0},{"not_picked":["Koishi:TerrifyingSpectre","Koishi:FadingMemory"],"picked":"Koishi:SilentAndRestless","floor":16.0},{"not_picked":["Koishi:ParalyzingFear","Koishi:CatchAndRose"],"picked":"Koishi:RacingHeart","floor":18.0},{"not_picked":["Koishi:SpiritedAway","Koishi:FleetingPhantom","Koishi:BramblyRoseGarden"],"picked":"SKIP","floor":20.0},{"not_picked":["Koishi:FreudianInstinct","Koishi:MindNumbingTerror+1"],"picked":"Koishi:RuptureMind","floor":24}],"player_experience":732049,"relics_obtained":[{"floor":6.0,"key":"Lizard Tail"},{"floor":9.0,"key":"Mango"},{"floor":12.0,"key":"StoneCalendar"},{"floor":22,"key":"Ginger"},{"floor":24,"key":"PreservedInsect"}],"event_choices":[{"damage_healed":0.0,"max_hp_gain":0.0,"max_hp_loss":0.0,"gold_gain":0.0,"event_name":"Living Wall","player_choice":"Grow","floor":2.0,"gold_loss":0.0,"damage_taken":0.0,"cards_upgraded":["Koishi:HauntingSlash"]},{"damage_healed":0.0,"max_hp_gain":0.0,"max_hp_loss":0.0,"gold_gain":0.0,"event_name":"Accursed Blacksmith","player_choice":"Forge","floor":3.0,"gold_loss":0.0,"damage_taken":0.0,"cards_upgraded":["Koishi:Provoke"]},{"damage_healed":0.0,"max_hp_gain":0.0,"max_hp_loss":0.0,"gold_gain":0.0,"event_name":"The Woman in Blue","player_choice":"Bought 0 Potions","floor":8.0,"gold_loss":0.0,"damage_taken":0.0},{"damage_healed":0.0,"max_hp_gain":0.0,"max_hp_loss":0.0,"gold_gain":0.0,"event_name":"FaceTrader","player_choice":"Trade","floor":19.0,"gold_loss":0.0,"damage_taken":0.0,"relics_obtained":["GremlinMask"]}],"is_beta":false,"boss_relics":[{"not_picked":["Sozu","Calling Bell"],"picked":"SlaversCollar"}],"items_purged_floors":[21],"is_endless":false,"potions_floor_spawned":[4,6,13],"killed_by":"Snake Plant","ascension_level":10}}