{"host":"9ndbo4kgsfoemf7y","time":1610184045,"event":{"mods":["AchievementEnabler","BaseMod","Colored Map","DeckTracker","Keyboard Shortcuts","Minty Spire (QoL Compilation)","Permanent Neow","Quick Restart","Relic Stats","StSLib","SuperFastMode"],"gold_per_floor":[109,34,52,52,52,52,71,71,71,71,86,361,361,11,11,84,84,97,108,121,131,144,144,144,144],"floor_reached":24,"playtime":502,"items_purged":["Regret"],"score":376,"play_id":"912ce5a5-26d0-4348-a0d0-13932d2585fd","local_time":"20210109182045","is_ascension_mode":true,"campfire_choices":[{"data":"Eruption","floor":6.0,"key":"SMITH"},{"data":"Adaptation","floor":8.0,"key":"SMITH"},{"data":"Wallop","floor":10.0,"key":"SMITH"},{"data":"Vigilance","floor":13.0,"key":"SMITH"},{"data":"EmptyFist","floor":15.0,"key":"SMITH"},{"data":"Ragnarok","floor":23.0,"key":"SMITH"}],"circlet_count":0,"master_deck":["AscendersBane","Strike_P","Strike_P","Strike_P","Defend_P","Eruption+1","Vigilance+1","EmptyFist+1","Adaptation+1","Wallop+1","Ragnarok+1"],"relics":["PureWater","Nunchaku","Pear","Coffee Dripper"],"acts_visited":["Exordium","TheCity"],"potions_floor_usage":[24],"damage_taken":[{"damage":4.0,"enemies":"Jaw Worm","floor":1.0,"turns":2.0},{"damage":7.0,"enemies":"Small Slimes","floor":3.0,"turns":3.0},{"damage":0.0,"enemies":"2 Louse","floor":7.0,"turns":2.0},{"damage":0.0,"enemies":"Gremlin Gang","floor":11.0,"turns":3.0},{"damage":11.0,"enemies":"The Guardian","floor":16.0,"turns":8.0},{"damage":0.0,"enemies":"Spheric Guardian","floor":18.0,"turns":1.0},{"damage":15.0,"enemies":"Shell Parasite","floor":19.0,"turns":3.0},{"damage":6.0,"enemies":"Snecko","floor":20.0,"turns":3.0},{"damage":0.0,"enemies":"Snake Plant","floor":21.0,"turns":2.0},{"damage":30.0,"enemies":"Sentry and Sphere","floor":22.0,"turns":4.0},{"damage":21,"enemies":"Book of Stabbing","floor":24,"turns":3}],"seed_played":"6709614008794615460","potions_obtained":[{"floor":11.0,"key":"LiquidMemories"},{"floor":19.0,"key":"FearPotion"},{"floor":21.0,"key":"Dexterity Potion"}],"is_trial":false,"path_per_floor":["M","?","M","$","?","R","M","R","T","R","M","?","R","$","R","B",null,"M","M","M","M","M","R","E"],"character_chosen":"WATCHER","items_purchased":["Pear"],"campfire_rested":0,"item_purchase_floors":[14],"current_hp_per_floor":[39,39,32,32,25,25,25,25,25,25,25,25,25,35,35,24,65,65,50,44,44,14,14,0,0],"gold":144,"neow_bonus":"REMOVE_TWO","is_daily":false,"chose_seed":false,"campfire_upgraded":6,"win_rate":0.0,"timestamp":1610184045,"path_taken":["M","?","M","$","?","R","M","R","T","R","M","?","R","$","R","BOSS","M","M","?","M","M","R","E"],"items_purchased_type":["Relic"],"build_version":"2020-12-22","purchased_purges":1,"victory":false,"max_hp_per_floor":[68,68,68,68,68,68,68,68,68,68,68,68,68,78,78,78,78,78,78,78,78,78,78,78,78],"relic_stats":{"Nunchaku":[5],"counters":[11,34],"obtain_stats":[{"Nunchaku":9,"Pear":14,"Coffee Dripper":17,"PureWater":0},{"Nunchaku":3,"Pear":4,"Coffee Dripper":5,"PureWater":0},{"Nunchaku":7,"Pear":10,"Coffee Dripper":18,"PureWater":0}]},"card_choices":[{"not_picked":["EmptyBody","ForeignInfluence"],"picked":"EmptyFist","floor":1.0},{"not_picked":["ClearTheMind","Tantrum"],"picked":"Adaptation","floor":3.0},{"not_picked":["Prostrate","Study"],"picked":"Wallop","floor":7.0},{"not_picked":["BowlingBash","Prostrate","FlurryOfBlows"],"picked":"SKIP","floor":11.0},{"not_picked":["Omniscience","LessonLearned"],"picked":"Ragnarok","floor":16.0},{"not_picked":["Worship","PathToVictory","Conclude"],"picked":"SKIP","floor":18.0},{"not_picked":["PathToVictory","Perseverance+1","Protect"],"picked":"SKIP","floor":19.0},{"not_picked":["EmptyFist","FlurryOfBlows","SashWhip"],"picked":"SKIP","floor":20.0},{"not_picked":["EmptyMind","FollowUp","Crescendo"],"picked":"SKIP","floor":21.0},{"not_picked":["Protect","JustLucky","ClearTheMind"],"picked":"SKIP","floor":22.0}],"player_experience":796933,"relics_obtained":[{"floor":9.0,"key":"Nunchaku"}],"event_choices":[{"cards_removed":["Defend_P"],"damage_healed":0.0,"max_hp_gain":0.0,"max_hp_loss":0.0,"gold_gain":0.0,"event_name":"The Cleric","player_choice":"Card Removal","floor":2.0,"gold_loss":75.0,"damage_taken":0.0},{"cards_removed":["Strike_P"],"damage_healed":0.0,"max_hp_gain":0.0,"max_hp_loss":0.0,"gold_gain":0.0,"event_name":"Golden Wing","player_choice":"Card Removal","floor":5.0,"gold_loss":0.0,"damage_taken":7.0},{"damage_healed":0.0,"max_hp_gain":0.0,"max_hp_loss":0.0,"gold_gain":275.0,"event_name":"Golden Shrine","player_choice":"Desecrate","floor":12.0,"gold_loss":0.0,"damage_taken":0.0,"cards_obtained":["Regret"]}],"is_beta":false,"boss_relics":[{"not_picked":["Ectoplasm","Cursed Key"],"picked":"Coffee Dripper"}],"items_purged_floors":[14],"is_endless":false,"potions_floor_spawned":[11,19,21],"killed_by":"Book of Stabbing","ascension_level":20}}