{"host":"v54ek091sdz7ha6h","time":1610225552,"event":{"mods":["BaseMod","Better Vampires","Colored Map","Colored Powertips","Custom Start","DeckTracker","Gremlin Mod","Highlight Path","KOR Keyword Fix","Minty Spire (QoL Compilation)","Quick Restart","Rare Cards Sparkle","StSLib","SuperFastMode","everything is the same but u backflip on backflip","slay the spire mod where everything is the same but ironclad has a cowboy hat"],"gold_per_floor":[116,191,37,2,15,48,48,48,116,141,141,151,151,179,179,280,280,295,96,106,119,119,119,119,151,230,258,258,258,277,277,277,376,376,395,408,27,40,59,59,84,97,97,97,97,128,128,28,28,28,28,28,28,56,56],"floor_reached":56,"playtime":2544,"items_purged":["Gremlin:Strike","Gremlin:Strike+1","Gremlin:Strike+1"],"score":1941,"play_id":"ded40ed5-dccc-447f-b853-71b6760746b9","local_time":"20210110055232","is_ascension_mode":true,"campfire_choices":[{"data":"Gremlin:BubbleBarrier","floor":7.0,"key":"SMITH"},{"data":"Gremlin:TagTeam","floor":11.0,"key":"SMITH"},{"data":"Gremlin:Heckle","floor":13.0,"key":"SMITH"},{"data":"Gremlin:Tadah","floor":15.0,"key":"SMITH"},{"floor":32,"key":"REST"},{"floor":45,"key":"REST"},{"floor":49,"key":"RECALL"}],"circlet_count":0,"master_deck":["AscendersBane","Gremlin:Defend+1","Gremlin:Defend+1","Gremlin:Defend+1","Gremlin:TagTeam+1","Gremlin:GremlinDance+1","Gremlin:FeelTheAudience","Gremlin:Heckle+1","Gremlin:BubbleBarrier+1","Gremlin:Tadah+1","Gremlin:Patsy","Gremlin:TwistTheKnife+1","Gremlin:Tricksy+1","Gremlin:GremlinArms+1","Gremlin:SecondVolley","CurseOfTheBell","Gremlin:Patsy","Gremlin:Tadah+1","Gremlin:BulkUp","Gremlin:PinNeedle","Gremlin:ArmsTheft+1","Gremlin:Rhythm+1","Gremlin:ToeStub+1","Gremlin:Encore+1","Gremlin:GremlinArms+1","Gremlin:Pinprick+1","Gremlin:Wizardry+1","Gremlin:Flurry+1","Gremlin:CatScratch+1","Gremlin:GlitterGuard+1","Gremlin:CounterStrike","Gremlin:InfiniteBlocks+1","Gremlin:GremlinArms+1"],"relics":["Gremlin:GremlinKnob","NeowsBlessing","Whetstone","Ornamental Fan","Letter Opener","Akabeko","Calling Bell","Smiling Mask","Shuriken","Peace Pipe","TheAbacus","Frozen Egg 2","Kunai","Enchiridion","Sozu","Gremlin Horn","Toxic Egg 2","Girya","Eternal Feather","War Paint"],"acts_visited":["Exordium","TheCity","TheBeyond","TheEnding"],"potions_floor_usage":[21,21,27,33,39],"damage_taken":[{"damage":0.0,"enemies":"2 Louse","floor":1.0,"turns":1.0},{"damage":0.0,"enemies":"Small Slimes","floor":5.0,"turns":1.0},{"damage":0.0,"enemies":"3 Sentries","floor":6.0,"turns":2.0},{"damage":15.0,"enemies":"Lagavulin","floor":10.0,"turns":9.0},{"damage":2.0,"enemies":"Jaw Worm","floor":12.0,"turns":4.0},{"damage":0.0,"enemies":"3 Sentries","floor":14.0,"turns":5.0},{"damage":29.0,"enemies":"The Guardian","floor":16.0,"turns":14.0},{"damage":6.0,"enemies":"Shell Parasite","floor":18.0,"turns":5.0},{"damage":0.0,"enemies":"Chosen","floor":20.0,"turns":6.0},{"damage":32,"enemies":"Snake Plant","floor":21,"turns":5},{"damage":34,"enemies":"Book of Stabbing","floor":25,"turns":8},{"damage":0,"enemies":"Slavers","floor":27,"turns":5},{"damage":8,"enemies":"Centurion and Healer","floor":30,"turns":6},{"damage":16,"enemies":"Automaton","floor":33,"turns":10},{"damage":0,"enemies":"3 Shapes","floor":35,"turns":3},{"damage":0,"enemies":"3 Darklings","floor":36,"turns":5},{"damage":0,"enemies":"Sphere and 2 Shapes","floor":38,"turns":4},{"damage":30,"enemies":"Writhing Mass","floor":39,"turns":5},{"damage":2,"enemies":"Nemesis","floor":41,"turns":6},{"damage":33,"enemies":"4 Shapes","floor":42,"turns":3},{"damage":0,"enemies":"Giant Head","floor":46,"turns":5},{"damage":5,"enemies":"Awakened One","floor":50,"turns":6},{"damage":17,"enemies":"Shield and Spear","floor":54,"turns":6},{"damage":82,"enemies":"The Heart","floor":55,"turns":10}],"seed_played":"1213349753717916305","potions_obtained":[{"floor":1.0,"key":"SteroidPotion"},{"floor":12.0,"key":"Energy Potion"},{"floor":14.0,"key":"BlessingOfTheForge"},{"floor":20.0,"key":"DuplicationPotion"},{"floor":25,"key":"Energy Potion"},{"floor":27,"key":"CultistPotion"},{"floor":33,"key":"AttackPotion"}],"is_trial":false,"path_per_floor":["M","?","$","?","M","E","R","$","T","E","R","M","R","E","R","B",null,"M","$","M","M","?","R","?","E","T","E","?","R","M","?","R","B",null,"M","M","$","M","M","R","E","M","T","?","R","E","R","$","R","B",null,"R","$","E","B",null],"character_chosen":"GREMLIN","items_purchased":["Gremlin:Heckle","Gremlin:BubbleBarrier","Gremlin:Tadah","TheAbacus","Gremlin:Wizardry+1","Gremlin Horn","Gremlin:GremlinArms+1"],"campfire_rested":2,"item_purchase_floors":[3,3,3,19,37,37,48],"current_hp_per_floor":[20,17,17,20,17,17,17,17,17,17,17,17,17,15,15,15,19,13,13,13,9,9,9,9,16,16,16,16,16,10,2,7,16,18,15,18,18,18,18,17,5,5,5,5,10,10,16,16,16,16,16,15,15,15,14],"gold":56,"neow_bonus":"THREE_ENEMY_KILL","is_daily":false,"chose_seed":false,"campfire_upgraded":4,"win_rate":0.0,"timestamp":1610225552,"path_taken":["M","?","$","?","M","E","R","$","T","E","R","M","R","E","R","BOSS","M","$","M","M","?","R","?","E","T","E","?","R","?","?","R","BOSS","M","M","$","M","M","R","E","M","T","?","R","E","R","$","R","BOSS","R","$","E","BOSS"],"items_purchased_type":["Card","Card","Card","Relic","Card","Relic","Card"],"build_version":"2020-12-22","purchased_purges":3,"victory":true,"max_hp_per_floor":[20,20,20,20,20,20,20,20,20,20,20,20,20,20,20,20,20,20,20,20,20,20,19,19,19,19,19,19,18,18,18,18,18,18,18,18,18,18,18,17,17,17,17,17,17,17,16,16,16,16,16,15,15,15,15],"card_choices":[{"not_picked":["Gremlin:ArmsTheft","Gremlin:Glimmer"],"picked":"Gremlin:FeelTheAudience","floor":1.0},{"not_picked":["Gremlin:FanOfKnives","Gremlin:Tricksy"],"picked":"Gremlin:Patsy","floor":5.0},{"not_picked":["Gremlin:BubbleBarrier","Gremlin:ArmsTheft"],"picked":"Gremlin:TwistTheKnife","floor":6.0},{"not_picked":["Gremlin:Fury","Gremlin:Changeo"],"picked":"Gremlin:Tricksy","floor":10.0},{"not_picked":["Gremlin:Tadah","Gremlin:CatScratch"],"picked":"Gremlin:GremlinArms","floor":12.0},{"not_picked":["Gremlin:BubbleBarrier","Gremlin:TwistTheKnife"],"picked":"Gremlin:SecondVolley","floor":14.0},{"not_picked":["Gremlin:Mockery","Gremlin:GremlinMeal"],"picked":"Gremlin:Patsy","floor":18.0},{"not_picked":["Gremlin:MakeshiftArmor","Gremlin:GremlinArms"],"picked":"Gremlin:Tadah+1","floor":20.0},{"not_picked":["Gremlin:Mockery","Gremlin:Patsy"],"picked":"Gremlin:BulkUp","floor":21},{"not_picked":["Gremlin:GlitterGuard","Gremlin:BubbleBarrier","Gremlin:GremlinMeal"],"picked":"SKIP","floor":25},{"not_picked":["Gremlin:BurlyBlow+1","Gremlin:PinNeedle"],"picked":"Gremlin:Rhythm+1","floor":27},{"not_picked":["Gremlin:Irritability","Gremlin:Changeo"],"picked":"Gremlin:ToeStub+1","floor":30},{"not_picked":["Gremlin:Unforgiving+1","Gremlin:Fury"],"picked":"Gremlin:Encore+1","floor":33},{"not_picked":["Gremlin:Jeer+1","Gremlin:Changeo+1"],"picked":"Gremlin:GremlinArms+1","floor":35},{"not_picked":["Gremlin:PourSalt+1","Gremlin:Pretaliation+1"],"picked":"Gremlin:Pinprick+1","floor":36},{"not_picked":["Gremlin:TwistTheKnife+1","Gremlin:Dazzle+1"],"picked":"Gremlin:Flurry","floor":38},{"not_picked":["Gremlin:ToeStub","Gremlin:Kablamo"],"picked":"Gremlin:CatScratch+1","floor":39},{"not_picked":["Gremlin:Heckle+1","Gremlin:BulkUp+1"],"picked":"Gremlin:GlitterGuard+1","floor":41},{"not_picked":["Gremlin:CatScratch","Gremlin:Revel+1"],"picked":"Gremlin:CounterStrike","floor":42},{"not_picked":["Gremlin:Tadah+1","Gremlin:Fury"],"picked":"Gremlin:InfiniteBlocks+1","floor":46},{"not_picked":["Gremlin:Presto","Gremlin:GremlinOffensive+1","Gremlin:Erupt+1"],"picked":"SKIP","floor":54}],"player_experience":1467412,"relics_obtained":[{"floor":6.0,"key":"Whetstone"},{"floor":9.0,"key":"Ornamental Fan"},{"floor":10.0,"key":"Letter Opener"},{"floor":14.0,"key":"Akabeko"},{"floor":17.0,"key":"Smiling Mask"},{"floor":17.0,"key":"Shuriken"},{"floor":17.0,"key":"Peace Pipe"},{"floor":25,"key":"Frozen Egg 2"},{"floor":27,"key":"Kunai"},{"floor":31,"key":"Enchiridion"},{"floor":41,"key":"Toxic Egg 2"},{"floor":43,"key":"Girya"},{"floor":46,"key":"Eternal Feather"},{"floor":54,"key":"War Paint"}],"event_choices":[{"damage_healed":0.0,"max_hp_gain":0.0,"max_hp_loss":0.0,"gold_gain":75.0,"event_name":"World of Goop","player_choice":"Gather Gold","floor":2.0,"gold_loss":0.0,"damage_taken":3.0},{"damage_healed":5.0,"max_hp_gain":0.0,"max_hp_loss":0.0,"gold_gain":0.0,"event_name":"The Cleric","player_choice":"Healed","floor":4.0,"gold_loss":35.0,"damage_taken":0.0},{"damage_healed":0,"gold_gain":0,"cards_transformed":["Gremlin:Strike","Gremlin:Defend"],"player_choice":"Became Test Subject","damage_taken":0,"max_hp_gain":0,"max_hp_loss":0,"event_name":"Drug Dealer","floor":22,"gold_loss":0,"cards_obtained":["Gremlin:PinNeedle","Gremlin:ArmsTheft"]},{"damage_healed":0,"gold_gain":0,"player_choice":"Simplicity","damage_taken":0,"max_hp_gain":0,"max_hp_loss":0,"event_name":"Back to Basics","floor":24,"gold_loss":0,"cards_upgraded":["Gremlin:Strike","Gremlin:Strike","Gremlin:Defend","Gremlin:Defend","Gremlin:Defend"]},{"damage_healed":0,"gold_gain":0,"player_choice":"Upgraded","damage_taken":0,"max_hp_gain":0,"max_hp_loss":0,"event_name":"Upgrade Shrine","floor":28,"gold_loss":0,"cards_upgraded":["Gremlin:GremlinArms"]},{"damage_healed":0,"gold_gain":0,"player_choice":"Obtained Book","damage_taken":8,"max_hp_gain":0,"max_hp_loss":0,"event_name":"Cursed Tome","floor":31,"gold_loss":0},{"damage_healed":0,"gold_gain":0,"player_choice":"Forge","damage_taken":0,"max_hp_gain":0,"max_hp_loss":0,"event_name":"Accursed Blacksmith","floor":44,"gold_loss":0,"cards_upgraded":["Gremlin:Flurry"]}],"is_beta":false,"boss_relics":[{"not_picked":["Pandora\u0027s Box","Philosopher\u0027s Stone"],"picked":"Calling Bell"},{"not_picked":["Runic Pyramid","Snecko Eye"],"picked":"Sozu"}],"items_purged_floors":[19,37,48],"is_endless":false,"potions_floor_spawned":[1,12,14,20,25,27,33,41,42,54],"ascension_level":11}}