{"host":"ik8ww1p4uabx5gam","time":1610180159,"event":{"mods":["Always Whale","Aspiration","BaseMod","Beaked The Cultist","Better Third Choice","BetterRewards","Colored Map","Colored Powertips","Conspire","Energized Spire","FetchMod","GifTheSpireLib","Hubris","Infinite Spire","Ironclad Rager","Jedi Mod","Minty Spire (QoL Compilation)","Random Character Button","Replay The Spire","Shop Mod","Spicy Shops","Spikes Relics","StSLib","Stuff the Spire","The Bladedancer","The Blue Laboratory","The Runesmith","Wandering Minibosses","??????REMEMod"],"gold_per_floor":[111,92,159,159,171,197,217,248,248,17,92,92,109,74,74,172,172,187,154,154,154,154],"floor_reached":21,"playtime":829,"items_purged":["Runesmith:Strike_RS"],"score":260,"play_id":"33d50767-0677-4869-ae67-70f15c057566","local_time":"20210109021559","is_ascension_mode":true,"campfire_choices":[{"floor":12,"key":"REST"},{"floor":15,"key":"REST"}],"circlet_count":0,"master_deck":["Runesmith:Strike_RS","Runesmith:Strike_RS","Runesmith:Defend_RS","Runesmith:Defend_RS","Runesmith:Defend_RS+1","Runesmith:CraftFirestone+1","Runesmith:Fortify","Immolate","Runesmith:BackupBattery","Runesmith:ChiselStab+1","Runesmith:EnergizedChisel","Runesmith:CraftMagma","Runesmith:EarthShield","Runesmith:CraftObretio","Runesmith:EarthShield+1","Runesmith:HammerThrow+1","StuffTheSpire:Deluminance","StuffTheSpire:Deluminance","StuffTheSpire:Deluminance","StuffTheSpire:Deluminance","StuffTheSpire:Deluminance"],"relics":["REME_ComplimentaryCards","StuffTheSpire:SapphireSignet","conspire:DecoderRing","hubris:Zylophone","Gremlin Food","Empty Cage","StuffTheSpire:BlackoutCurse"],"acts_visited":["Exordium","TheCity"],"potions_floor_usage":[6,8],"damage_taken":[{"damage":0,"enemies":"Small Slimes","floor":1,"turns":1},{"damage":15,"enemies":"Jaw Worm","floor":2,"turns":5},{"damage":0,"enemies":"Cultist","floor":5,"turns":3},{"damage":0,"enemies":"3 Sentries","floor":6,"turns":2},{"damage":4,"enemies":"Looter","floor":7,"turns":3},{"damage":14,"enemies":"Gremlin Nob","floor":8,"turns":3},{"damage":0,"enemies":"2 Fungi Beasts","floor":13,"turns":2},{"damage":25,"enemies":"Slime Boss","floor":16,"turns":9},{"damage":31,"enemies":"conspire:FuzzyDice","floor":18,"turns":4},{"damage":38,"enemies":"Shell Parasite","floor":19,"turns":10},{"damage":10,"enemies":"Snake Plant","floor":21,"turns":1}],"seed_played":"8098426162793945208","potions_obtained":[{"floor":5,"key":"DuplicationPotion"},{"floor":6,"key":"SteroidPotion"},{"floor":16,"key":"blueLaboratory:NullPotion"},{"floor":19,"key":"blueLaboratory:BottleOfVodka"}],"is_trial":false,"path_per_floor":["M","M","?","T","M","E","M","E","T","$","?","R","M","?","R","B",null,"M","M","?","M"],"character_chosen":"RUNESMITH_CLASS","items_purchased":["Runesmith:EmergencyProvisions"],"campfire_rested":2,"item_purchase_floors":[10],"current_hp_per_floor":[70,55,55,55,55,55,51,37,37,37,26,47,47,64,70,53,70,41,7,7,0,0],"gold":154,"neow_bonus":"UPGRADE_CARD","is_daily":false,"chose_seed":false,"campfire_upgraded":0,"win_rate":0.0,"timestamp":1610180159,"path_taken":["M","M","?","?","?","E","M","E","T","$","?","R","M","?","R","BOSS","M","M","?","M"],"items_purchased_type":["Relic"],"build_version":"2020-12-22","purchased_purges":1,"victory":false,"max_hp_per_floor":[70,70,70,70,70,70,70,70,70,70,70,70,70,70,70,70,70,70,70,70,70,70],"card_choices":[{"not_picked":["Runesmith:Grindstone","Runesmith:CraftReservo"],"picked":"Runesmith:BackupBattery","floor":1},{"not_picked":["Runesmith:ChaoticBlast","Runesmith:RuneHurl"],"picked":"Runesmith:ChiselStab","floor":2},{"not_picked":["aspiration:UnbridledHammer","Runesmith:Repurpose"],"picked":"Runesmith:EnergizedChisel","floor":5},{"not_picked":["Runesmith:HammerTime","Runesmith:StaticCage"],"picked":"Runesmith:CraftMagma","floor":6},{"not_picked":["Runesmith:CraftVitae","Runesmith:Retool","Runesmith:HeatedChisel"],"picked":"SKIP","floor":7},{"not_picked":["Runesmith:CraftProtectio","Runesmith:ChaoticBlast"],"picked":"Runesmith:EarthShield","floor":8},{"not_picked":["Runesmith:ChiselStab","Runesmith:Empowerment"],"picked":"Runesmith:CraftObretio","floor":13},{"not_picked":["Runesmith:Firestorm","Runesmith:ShiftingStrike"],"picked":"Runesmith:EarthShield+1","floor":18},{"not_picked":["Runesmith:UnstableHammer","Runesmith:Repurpose"],"picked":"Runesmith:HammerThrow+1","floor":19}],"player_experience":1000888,"relics_obtained":[{"floor":4,"key":"StuffTheSpire:SapphireSignet"},{"floor":6,"key":"conspire:DecoderRing"},{"floor":8,"key":"hubris:Zylophone"},{"floor":9,"key":"Gremlin Food"}],"event_choices":[{"damage_healed":0,"gold_gain":67,"player_choice":"Gained Gold","damage_taken":0,"max_hp_gain":0,"max_hp_loss":0,"event_name":"Golden Wing","floor":3,"gold_loss":0},{"damage_healed":0,"gold_gain":75,"player_choice":"Gold","damage_taken":11,"max_hp_gain":0,"max_hp_loss":0,"event_name":"betterThird:BetterGoop","floor":11,"gold_loss":0},{"damage_healed":17,"gold_gain":0,"player_choice":"Healed","damage_taken":0,"max_hp_gain":0,"max_hp_loss":0,"event_name":"The Cleric","floor":14,"gold_loss":35}],"is_beta":false,"boss_relics":[{"not_picked":["jedi:battlestandard","aspiration:PoetsPen_weak"],"picked":"Empty Cage"}],"items_purged_floors":[10],"is_endless":false,"potions_floor_spawned":[5,6,16,19],"killed_by":"Snake Plant","ascension_level":2}}