{"host":"eeuhgv8goqdjv4ip","time":1610162042,"event":{"mods":["2.2 Compatiblity","AchievementEnabler","BaseMod","Challenge The Spire","Colored Map","Colored Powertips","Conspire","Dark Map","Hubris","Infinite Spire","Marisa????????","Minty Spire (QoL Compilation)","Remilia??????","Replay The Spire","SIMod","StSLib","The Animator","The Saiyan","The Servant 0.9.4","The Wild Card"],"gold_per_floor":[128,128,151,151,161,191,191,191,191,191,41,64,84,97,97,199,199,219,12,23,40,4,4,64,64,114,124,140,165,182,196,196,293,318,335,352,366,416,436,436,451,451,451,504,504,542,556,614,614,614,614,614,614,39,96,96],"floor_reached":57,"playtime":13452,"items_purged":["animator:Strike","animator:Strike"],"score":1105,"play_id":"38948061-018e-4825-9d71-5a5bf66f1b43","local_time":"20210108231402","is_ascension_mode":true,"campfire_choices":[{"data":"infinitespire:Menacing","floor":7,"key":"SMITH"},{"data":"animator:Berserker","floor":10,"key":"SMITH"},{"data":"animator:Lancer","floor":15,"key":"SMITH"},{"data":"animator:GoblinSlayer","floor":23,"key":"SMITH"},{"data":"animator:Alexander","floor":25,"key":"SMITH"},{"floor":32,"key":"RECALL"},{"data":"infinitespire:Gouge","floor":40,"key":"SMITH"},{"data":"animator:Alexander","floor":42,"key":"SMITH"},{"data":"animator:Kira","floor":45,"key":"SMITH"},{"data":"animator:Caster","floor":49,"key":"SMITH"},{"data":"animator:ItamiYouji","floor":52,"key":"SMITH"}],"circlet_count":0,"master_deck":["animator:Strike_Fate","animator:Defend_Fate+1","animator:Strike","animator:Defend","animator:Defend","animator:Defend+1","animator:Alexander+1","animator:Rider","animator:Lancer+1","infinitespire:Menacing+1","animator:CrowleyEusford","animator:Lancer+1","animator:Berserker+1","animator:ShinjiMatou","animator:Priestess","animator:Alexander+1","animator:GoblinSlayer+1","animator:DwarfShaman+1","animator:Kira+1","animator:Caster+1","animator:Kuribayashi+1","animator:IrohaTamaki+1","animator:LizardPriest","animator:Darkness+1","animator:ItamiYouji+1","animator:Arpeggio","animator:Lancer+1","animator:CrowleyEusford+1","animator:Alexander+1","animator:ItamiYouji","animator:Verdia+1","animator:Illya+1","animator:TukaLunaMarceau+1","animator:Zero","animator:HououinKyouma","hubris:DuctTapeCard","animator:Mikaela+1"],"relics":["animator:VividPicture","animator:TheMissingPiece","ReplayTheSpireMod:TigerMarble","hubris:Towel","Centennial Puzzle","Replay:Bottled Snecko","War Paint","Sozu","hubris:MysteriousPyramids","Vajra","TungstenRod","ReplayTheSpireMod:Shallot","SlaversCollar","animator:BattleDrones","hubris:BottledRain","BargainBundle","Toy Ornithopter","Blood Vial","hubris:DuctTape"],"acts_visited":["Exordium","TheCity","TheBeyond","TheEnding"],"potions_floor_usage":[5,16,24,35],"damage_taken":[{"damage":0,"enemies":"Small Slimes","floor":1,"turns":5},{"damage":4,"enemies":"Jaw Worm","floor":3,"turns":4},{"damage":2,"enemies":"2 Louse","floor":5,"turns":3},{"damage":35,"enemies":"Lagavulin","floor":6,"turns":5},{"damage":0,"enemies":"Lots of Slimes","floor":12,"turns":1},{"damage":0,"enemies":"2 Fungi Beasts","floor":13,"turns":4},{"damage":0,"enemies":"Blue Slaver","floor":14,"turns":1},{"damage":0,"enemies":"Slime Boss","floor":16,"turns":3},{"damage":0,"enemies":"2 Thieves","floor":18,"turns":3},{"damage":0,"enemies":"Chosen","floor":20,"turns":4},{"damage":0,"enemies":"Snecko","floor":21,"turns":4},{"damage":35,"enemies":"Slavers","floor":24,"turns":3},{"damage":0,"enemies":"Centurion and Healer","floor":27,"turns":5},{"damage":2,"enemies":"Chosen and Byrds","floor":28,"turns":4},{"damage":0,"enemies":"Snecko","floor":30,"turns":3},{"damage":0,"enemies":"Sentry and Sphere","floor":31,"turns":1},{"damage":4,"enemies":"Champ","floor":33,"turns":7},{"damage":5,"enemies":"3 Darklings","floor":35,"turns":5},{"damage":0,"enemies":"Orb Walker","floor":36,"turns":1},{"damage":11,"enemies":"Sphere and 2 Shapes","floor":37,"turns":3},{"damage":4,"enemies":"Maw","floor":39,"turns":5},{"damage":0,"enemies":"Jaw Worm Horde","floor":41,"turns":3},{"damage":0,"enemies":"Giant Head","floor":44,"turns":5},{"damage":0,"enemies":"Transient","floor":46,"turns":9},{"damage":0,"enemies":"Spire Growth","floor":47,"turns":3},{"damage":22,"enemies":"Nemesis","floor":48,"turns":3},{"damage":0,"enemies":"Replay:Hell Engine","floor":50,"turns":6},{"damage":35,"enemies":"Shield and Spear","floor":55,"turns":3},{"damage":15,"enemies":"The Heart","floor":56,"turns":7}],"seed_played":"-6980858613624717046","potions_obtained":[{"floor":5,"key":"Fruit Juice"},{"floor":12,"key":"Cursed Concoction"},{"floor":13,"key":"Explosive Potion"},{"floor":14,"key":"Languid Potion"}],"is_trial":false,"path_per_floor":["M","?","M","?","M","E","R","?","T","R","$","M","M","M","R","B",null,"M","$","M","M","$","R","E","R","T","M","M","?","M","M","R_BF","B",null,"M","M","M","AVR","M","R","M","R","T","E","R","M","M","E","R","B",null,"R","??","$","E","B",null],"character_chosen":"THE_ANIMATOR","items_purchased":["War Paint","animator:Kira","animator:Caster","animator:IrohaTamaki+1","BargainBundle","animator:Zero","animator:HououinKyouma","Toy Ornithopter","Blood Vial"],"campfire_rested":0,"item_purchase_floors":[11,19,19,22,54,54,54,54,54],"current_hp_per_floor":[66,50,46,46,49,15,15,15,15,15,15,15,18,18,18,18,72,72,72,72,73,73,73,38,38,38,38,36,36,39,39,39,35,73,68,68,57,57,53,53,53,53,53,53,53,53,53,31,31,31,73,73,73,73,39,26],"gold":96,"neow_bonus":"RANDOM_COMMON_RELIC","is_daily":false,"chose_seed":false,"campfire_upgraded":10,"win_rate":0.0,"timestamp":1610162042,"path_taken":["M","?","M","?","M","E","R","?","T","R","$","?","M","M","R","BOSS","M","$","M","M","?","R","E","R","T","?","M","?","M","M","R_BF","BOSS","M","M","M","AVR","M","R","M","R","T","E","R","?","M","E","R","BOSS","R","??","$","E","BOSS"],"items_purchased_type":["Relic","Card","Card","Card","Relic","Card","Card","Relic","Relic"],"build_version":"2020-12-22","purchased_purges":2,"victory":true,"max_hp_per_floor":[66,66,66,66,71,72,72,72,72,72,72,72,72,72,72,72,72,72,72,72,73,73,73,73,73,73,73,73,73,73,73,73,73,73,73,73,73,73,73,73,73,73,73,73,73,73,73,73,73,73,73,73,73,73,74,74],"card_choices":[{"not_picked":["animator:Spearman","animator:MamiTomoe"],"picked":"animator:Lancer","floor":1},{"not_picked":["infinitespire:Punishment","infinitespire:Execution"],"picked":"infinitespire:Menacing","floor":2},{"not_picked":["animator:Mitsuba","animator:NagisaMomoe"],"picked":"animator:CrowleyEusford","floor":3},{"not_picked":["animator:ShinjiMatou","animator:Rider"],"picked":"animator:Lancer","floor":5},{"not_picked":["animator:LizardPriest","animator:Yoichi"],"picked":"animator:Berserker","floor":6},{"not_picked":["animator:Kazuma","animator:Sebas"],"picked":"animator:ShinjiMatou","floor":12},{"not_picked":["animator:Darkness","animator:Tyuule"],"picked":"animator:Priestess","floor":13},{"not_picked":["animator:Witch","animator:PandorasActor"],"picked":"animator:Alexander","floor":14},{"not_picked":["animator:MadokaKaname","animator:Kyubey"],"picked":"animator:GoblinSlayer","floor":16},{"not_picked":["animator:Lancer","animator:Demiurge+1"],"picked":"animator:DwarfShaman+1","floor":18},{"not_picked":["animator:Cocytus","animator:Sebas"],"picked":"animator:Kuribayashi+1","floor":20},{"not_picked":["animator:IrohaTamaki","animator:Shinoa+1"],"picked":"animator:Gilgamesh","floor":21},{"not_picked":["animator:Mitsuba","animator:HighElfArcher","animator:Alexander"],"picked":"SKIP","floor":24},{"not_picked":["animator:Yoichi","animator:Verdia","animator:Chris+1"],"picked":"SKIP","floor":27},{"not_picked":["animator:Shigure","animator:YuiTsuruno"],"picked":"animator:LizardPriest","floor":28},{"not_picked":["animator:Spearman","animator:Kuribayashi","animator:Vanir"],"picked":"SKIP","floor":30},{"not_picked":["animator:KyokoSakura","animator:Priestess"],"picked":"animator:Darkness+1","floor":31},{"not_picked":["animator:Hans","animator:FeridBathory"],"picked":"animator:ItamiYouji","floor":33},{"not_picked":["animator:Entoma+1","animator:KyokoSakura+1"],"picked":"animator:Arpeggio","floor":35},{"not_picked":["animator:Bozes","animator:Verdia"],"picked":"animator:Lancer+1","floor":36},{"not_picked":["animator:Rider+1","animator:Kazuma+1"],"picked":"animator:CrowleyEusford+1","floor":37},{"not_picked":["animator:IrohaTamaki","animator:YunYun+1"],"picked":"animator:Alexander+1","floor":39},{"not_picked":["animator:NagisaMomoe","animator:Mikaela+1"],"picked":"animator:ItamiYouji","floor":41},{"not_picked":["animator:Sebas","animator:Assassin+1"],"picked":"animator:Verdia+1","floor":44},{"not_picked":["animator:Spearman","animator:Demiurge"],"picked":"animator:Illya+1","floor":46},{"not_picked":["animator:KyokoSakura+1","animator:SakuraMatou"],"picked":"animator:TukaLunaMarceau+1","floor":47},{"not_picked":["animator:Arpeggio+1","animator:OrikoMikuni","animator:LizardPriest"],"picked":"SKIP","floor":48},{"not_picked":["animator:Wiz","animator:Yoichi+1"],"picked":"animator:Mikaela+1","floor":55}],"player_experience":416927,"relics_obtained":[{"floor":6,"key":"Centennial Puzzle"},{"floor":9,"key":"Replay:Bottled Snecko"},{"floor":24,"key":"hubris:MysteriousPyramids"},{"floor":26,"key":"Vajra"},{"floor":44,"key":"animator:BattleDrones"},{"floor":48,"key":"hubris:BottledRain"},{"floor":55,"key":"hubris:DuctTape"}],"event_choices":[{"damage_healed":0,"gold_gain":0,"player_choice":"Forge","damage_taken":0,"max_hp_gain":0,"max_hp_loss":0,"event_name":"Accursed Blacksmith","floor":8,"gold_loss":0,"cards_upgraded":["animator:Lancer"]}],"is_beta":false,"boss_relics":[{"not_picked":["ReplayTheSpireMod:SealedPack","Replay:Ancient Bell"],"picked":"Sozu"},{"not_picked":["Abe\u0027s Treasure","Replay:Wanted Poster"],"picked":"animator:VividPicture"}],"items_purged_floors":[38,54],"is_endless":false,"potions_floor_spawned":[5,12,13,14,18,21,31,36,37,41,44,48],"ascension_level":1}}