{"host":"o7j6aatxjwpw1421","time":1610203668,"event":{"mods":["2.2 Compatiblity","AchievementEnabler","BaseMod","Colored Map","DeckTracker","Highlight Path","Keyboard Shortcuts","Minty Spire (QoL Compilation)","Permanent Neow","Quick Restart","StSLib","SuperFastMode","everything is the same but u backflip on backflip"],"gold_per_floor":[115,115,140,164,187,187,187,187],"floor_reached":7,"playtime":1657,"items_purged":[],"score":86,"play_id":"7b3d05e8-98a3-4852-a2d9-8f2059be5ccf","local_time":"20210109234748","is_ascension_mode":true,"campfire_choices":[{"data":"Poisoned Stab","floor":6.0,"key":"SMITH"}],"circlet_count":0,"master_deck":["AscendersBane","Strike_G","Strike_G","Strike_G","Strike_G","Strike_G","Defend_G","Defend_G","Defend_G","Defend_G","Defend_G","Survivor","Neutralize","Poisoned Stab+1","Deflect","Dagger Spray","Prepared"],"relics":["Ring of the Snake","Ice Cream","Golden Idol"],"acts_visited":["Exordium"],"potions_floor_usage":[7,7],"damage_taken":[{"damage":2.0,"enemies":"Small Slimes","floor":1.0,"turns":5.0},{"damage":0.0,"enemies":"2 Louse","floor":3.0,"turns":3.0},{"damage":0.0,"enemies":"Jaw Worm","floor":4.0,"turns":5.0},{"damage":24.0,"enemies":"Large Slime","floor":5.0,"turns":6.0},{"damage":18,"enemies":"Gremlin Nob","floor":7,"turns":4}],"seed_played":"5491686882121221239","potions_obtained":[{"floor":4.0,"key":"Regen Potion"},{"floor":5.0,"key":"Block Potion"}],"is_trial":false,"path_per_floor":["M","?","M","M","M","R","E"],"character_chosen":"THE_SILENT","items_purchased":[],"campfire_rested":0,"item_purchase_floors":[],"current_hp_per_floor":[57,36,36,36,12,12,6,6],"gold":187,"neow_bonus":"ONE_RARE_RELIC","is_daily":false,"chose_seed":false,"campfire_upgraded":1,"win_rate":0.0,"timestamp":1610203668,"path_taken":["M","?","M","M","M","R","E"],"items_purchased_type":[],"build_version":"2020-12-22","purchased_purges":0,"victory":false,"max_hp_per_floor":[60,60,60,60,60,60,60,60],"card_choices":[{"not_picked":["Slice","Finisher"],"picked":"Poisoned Stab","floor":1.0},{"not_picked":["Underhanded Strike","Poisoned Stab"],"picked":"Deflect","floor":3.0},{"not_picked":["Dagger Throw","Backflip"],"picked":"Dagger Spray","floor":4.0},{"not_picked":["Quick Slash","Backflip"],"picked":"Prepared","floor":5.0}],"player_experience":464341,"relics_obtained":[],"event_choices":[{"damage_healed":0.0,"max_hp_gain":0.0,"max_hp_loss":0.0,"gold_gain":0.0,"event_name":"Golden Idol","player_choice":"Take Damage","floor":2.0,"gold_loss":0.0,"damage_taken":21.0,"relics_obtained":["Golden Idol"]}],"is_beta":false,"boss_relics":[],"items_purged_floors":[],"is_endless":false,"potions_floor_spawned":[4,5],"killed_by":"Gremlin Nob","ascension_level":20}}