{"host":"xv6tnu9e6lzjd13s","time":1610163165,"event":{"mods":["BaseMod","Colored Powertips","Downfall","Googly Eyes","Minty Spire (QoL Compilation)","Replay The Spire","StSLib"],"gold_per_floor":[99,99,99,99,99,99,125,50,70,55,72,72,8,25,36,36,36,36],"floor_reached":16,"playtime":862,"items_purged":[],"score":88,"play_id":"97efe9a6-7eda-4ee8-b958-311863c275a6","local_time":"20210108203245","is_ascension_mode":false,"campfire_choices":[{"floor":1,"key":"RECALL"},{"data":"Guardian:TwinSlam","floor":8,"key":"SMITH"},{"data":"Guardian:Preprogram","floor":12,"key":"SMITH"}],"circlet_count":0,"master_deck":["Guardian:Strike_Guardian","Guardian:Strike_Guardian","Guardian:Strike_Guardian","Guardian:Strike_Guardian","Guardian:Defend_Guardian","Guardian:Defend_Guardian","Guardian:Defend_Guardian","Guardian:Defend_Guardian","Guardian:CurlUp","Guardian:TwinSlam+1","Guardian:Reroute","Guardian:Preprogram+1","Guardian:Suspension","Guardian:Suspension","Guardian:Gem_Purple","Guardian:Gem_Cyan"],"relics":["Guardian:ModeShifter","downfall:HeartsMalice","downfall:HeartBlessingRed"],"acts_visited":["Exordium"],"potions_floor_usage":[16,16],"damage_taken":[{"damage":0,"enemies":"2 Louse","floor":2,"turns":1},{"damage":0,"enemies":"Jaw Worm","floor":3,"turns":1},{"damage":0,"enemies":"Small Slimes","floor":6,"turns":1},{"damage":10,"enemies":"Blue Slaver","floor":9,"turns":3},{"damage":0,"enemies":"downfall:FleeingMerchant","floor":10,"turns":4},{"damage":12,"enemies":"Exordium Thugs","floor":11,"turns":4},{"damage":0,"enemies":"downfall:FleeingMerchant","floor":13,"turns":4},{"damage":10,"enemies":"2 Fungi Beasts","floor":14,"turns":3},{"damage":10,"enemies":"Exordium Thugs","floor":15,"turns":5},{"damage":50,"enemies":"downfall:Ironclad","floor":16,"turns":9}],"seed_played":"6488984129215449143","potions_obtained":[{"floor":11,"key":"Strength Potion"},{"floor":14,"key":"Strength Potion"},{"floor":15,"key":"Energy Potion"}],"is_trial":false,"path_per_floor":["R","M","M","?","?","M","T","R","M","$","M","R","$","M","M","B"],"character_chosen":"GUARDIAN","items_purchased":["Guardian:Suspension"],"campfire_rested":0,"item_purchase_floors":[13],"current_hp_per_floor":[80,80,80,80,80,80,80,80,70,70,58,58,58,48,38,0,0,0],"gold":36,"neow_bonus":"THREE_ENEMY_KILL","is_daily":false,"chose_seed":false,"campfire_upgraded":2,"win_rate":0.0,"timestamp":1610163165,"path_taken":["R","M","M","?","?","M","T","R","M","$","M","R","$","M","M","BOSS"],"items_purchased_type":["Card"],"build_version":"2020-12-22","purchased_purges":0,"victory":false,"max_hp_per_floor":[80,80,80,80,80,80,80,80,80,80,80,80,80,80,80,80,80,80],"card_choices":[{"not_picked":["Guardian:FloatingOrbs","Guardian:Recover"],"picked":"Guardian:Gem_Green","floor":2},{"not_picked":["Guardian:PrimingBeam","Guardian:CrystalBeam"],"picked":"Guardian:Gem_Cyan","floor":3},{"not_picked":["Guardian:Clone","Guardian:PolyBeam","Guardian:ChargeUp"],"picked":"SKIP","floor":6},{"not_picked":["Guardian:ArmoredProtocol","Guardian:PrimingBeam"],"picked":"Guardian:Gem_Purple","floor":9},{"not_picked":["Guardian:Gem_Crimson","Guardian:SpikerProtocol"],"picked":"Guardian:Reroute","floor":10},{"not_picked":["Guardian:FloatingOrbs","Guardian:TimeCapacitor"],"picked":"Guardian:Preprogram","floor":11},{"not_picked":["Guardian:Harden","Guardian:TemporalShield"],"picked":"Guardian:Suspension","floor":13},{"not_picked":["Guardian:WalkerClaw","Guardian:Recover"],"picked":"Guardian:Gem_Purple","floor":14},{"not_picked":["Guardian:PiercingHide","Guardian:Planning"],"picked":"Guardian:Gem_Cyan","floor":15}],"player_experience":71475,"relics_obtained":[],"event_choices":[],"is_beta":false,"boss_relics":[],"items_purged_floors":[],"is_endless":false,"potions_floor_spawned":[11,14,15],"killed_by":"downfall:Ironclad","ascension_level":0}}