{"host":"j2lclbvdfoh0nnbr","time":1610180522,"event":{"mods":["ATMod(∞¢Ë™Mod)","Aspiration","BaseMod","Downfall","Lobotomy","LobotomyExtend","Minty Spire (QoL Compilation)","Reimu£®≤©¿ˆ¡È√Œ£©","Replay The Spire","StSLib","The Animator","The Bug Knight","Waifu the Spire","[IsaacMod]“‘»ˆº‚À˛"],"gold_per_floor":[119,294,314,314,326,326,336,351,420,452,452,784,385,405,405,503,503,503,503,514,267,277,306,322,197,274,274,291,304,304,339,339,438,438,452,106,117,117,130,130,183,194,268,288,305,355,355,371,371,371],"floor_reached":51,"playtime":3323,"items_purged":["Doubt","CommonCold","Dazed","Defend_Lin:ReiMu"],"score":851,"play_id":"7041bdd0-2b89-4295-9725-a75419ea406a","local_time":"20210109162202","is_ascension_mode":false,"campfire_choices":[{"data":"OrbThrow:ReiMu","floor":6.0,"key":"SMITH"},{"data":"InherentArray:ReiMu","floor":11.0,"key":"SMITH"},{"data":"Free:ReiMu","floor":15.0,"key":"SMITH"},{"data":"KamiRite:ReiMu","floor":27.0,"key":"SMITH"},{"data":"Mountainwind:ReiMu","floor":30.0,"key":"SMITH"},{"data":"LovePray:ReiMu","floor":32.0,"key":"SMITH"},{"data":"FoulBorder2:ReiMu","floor":40.0,"key":"SMITH"},{"data":"Dreaming2:ReiMu","floor":47.0,"key":"SMITH"},{"data":"RainPray2:ReiMu","floor":49.0,"key":"SMITH"}],"circlet_count":0,"master_deck":["Strike_Lin:ReiMu","Defend_Lin:ReiMu","NB:ReiMu","Stagnation:ReiMu","AT_ShrugMaster+1","PayForSelf:ReiMu+1","OrbThrow:ReiMu+1","Amulet:ReiMu","Free:ReiMu+1","Dreaming2:ReiMu+1","InherentArray:ReiMu+1","FoulBorder2:ReiMu+1","RainPray2:ReiMu+1","Mountainwind:ReiMu+1","KamiRite:ReiMu+1","SpringWay:ReiMu+1","LovePray:ReiMu+1","NineCharacters:ReiMu+1","HakureiPhantom:ReiMu+1","CareerPray:ReiMu+1","YinYangSange:ReiMu+1","RainPray2:ReiMu+1","Voices","FantasyMoon:ReiMu+1"],"relics":["FlyPower:ReiMu","AT_ATBox","HushsDoor","BelialBook","LetterFromLob","Gremlin Food","BookofShadows","Eternal Feather","Old Coin","Kintsugi","RedMistMask","Bow_fan:ReiMu","AT_EbonyIvory","Molten Egg 2","GuppysTail","MagicMushroom","Replay:Wax Seal","Guide Book","Garlic","Ornamental Fan","Ring of Hypnosis","Ring of Greed","Blue Doll","Golden Egg","MagicMushroom"],"acts_visited":["Exordium","TheCity","TheBeyond"],"potions_floor_usage":[],"damage_taken":[{"damage":0.0,"enemies":"Jaw Worm","floor":1.0,"turns":6.0},{"damage":0.0,"enemies":"Cultist","floor":3.0,"turns":4.0},{"damage":4.0,"enemies":"Small Slimes","floor":5.0,"turns":4.0},{"damage":0.0,"enemies":"Looter","floor":7.0,"turns":5.0},{"damage":2.0,"enemies":"Blue Slaver","floor":8.0,"turns":4.0},{"damage":11.0,"enemies":"3 Sentries","floor":10.0,"turns":5.0},{"damage":8.0,"enemies":"Lagavulin","floor":12.0,"turns":7.0},{"damage":5.0,"enemies":"Exordium Thugs","floor":14.0,"turns":5.0},{"damage":0.0,"enemies":"Fading Forest","floor":16.0,"turns":11.0},{"damage":13.0,"enemies":"2 Thieves","floor":20.0,"turns":4.0},{"damage":0.0,"enemies":"Snecko","floor":22.0,"turns":3.0},{"damage":21.0,"enemies":"Gremlin Leader","floor":23.0,"turns":5.0},{"damage":0.0,"enemies":"3 Cultists","floor":24.0,"turns":2.0},{"damage":0.0,"enemies":"Snake Plant","floor":28.0,"turns":3.0},{"damage":0.0,"enemies":"Cultist and Chosen","floor":29.0,"turns":3.0},{"damage":0.0,"enemies":"HollowMod:Nosk","floor":31.0,"turns":8.0},{"damage":10.0,"enemies":"Collector","floor":33.0,"turns":9.0},{"damage":8.0,"enemies":"3 Darklings","floor":35.0,"turns":4.0},{"damage":0.0,"enemies":"3 Shapes","floor":37.0,"turns":3.0},{"damage":23.0,"enemies":"Writhing Mass","floor":39.0,"turns":3.0},{"damage":5.0,"enemies":"4 Shapes","floor":42.0,"turns":3.0},{"damage":0.0,"enemies":"Transient","floor":44.0,"turns":5.0},{"damage":0.0,"enemies":"Maw","floor":45.0,"turns":6.0},{"damage":11.0,"enemies":"Writhing Mass","floor":48.0,"turns":4.0},{"damage":6.0,"enemies":"Donu and Deca","floor":50.0,"turns":6.0},{"damage":6.0,"enemies":"Malkuth","floor":51.0,"turns":7.0},{"damage":21.0,"enemies":"Yesod","floor":51.0,"turns":11.0}],"seed_played":"-5024621865193724832","potions_obtained":[{"floor":1.0,"key":"Fire Potion"},{"floor":8.0,"key":"Energy Potion"},{"floor":14.0,"key":"ColorlessPotion"},{"floor":16.0,"key":"Elixir"},{"floor":20.0,"key":"Swift Potion"},{"floor":23.0,"key":"Energy Potion"},{"floor":28.0,"key":"FairyPotion"},{"floor":33.0,"key":"champ:CounterPotion"},{"floor":39.0,"key":"Adrenaline Potion"},{"floor":44.0,"key":"ColorlessPotion"}],"is_trial":false,"path_per_floor":["M","?","M","?","M","R","M","M","T","E","R","E","$","M","R","B",null,"M","?","M","$","M","E","M","$","T","R","M","M","R","E","R","B",null,"M","$","M","?","M","R","?","M","T","M","M","?","R","M","R","B",null,null],"character_chosen":"REIMU","items_purchased":["Diplopia","RainPray2:ReiMu","Bow_fan:ReiMu","Replay:Wax Seal","Guide Book"],"campfire_rested":0,"item_purchase_floors":[13,13,21,36,36],"current_hp_per_floor":[65,65,65,40,36,36,36,34,34,23,32,24,24,19,31,31,65,62,62,49,49,49,28,28,28,28,37,37,37,46,46,55,50,69,61,61,62,62,40,52,35,31,31,44,45,45,57,47,59,61],"gold":371,"neow_bonus":"RANDOM_EVENT","is_daily":false,"chose_seed":false,"campfire_upgraded":9,"win_rate":0.0,"timestamp":1610180522,"path_taken":["M","?","?","?","M","R","M","M","T","E","R","E","?","M","R","BOSS","M","?","M","$","M","E","M","$","T","R","M","M","R","E","R","BOSS","M","$","M","?","M","R","?","M","T","M","M","?","R","M","R","BOSS"],"items_purchased_type":["Relic","Card","Relic","Relic","Relic"],"build_version":"2020-12-22","purchased_purges":4,"victory":true,"max_hp_per_floor":[65,65,65,65,65,65,65,65,65,65,65,65,65,65,65,65,65,62,62,62,62,62,62,62,62,62,62,62,62,62,62,62,62,69,69,69,69,69,69,69,69,69,69,69,69,69,69,69,69,76],"card_choices":[{"not_picked":[],"picked":"DoctorFetus","floor":0.0},{"not_picked":["SubcavityInstant:ReiMu","AlertArray:ReiMu"],"picked":"PayForSelf:ReiMu","floor":1.0},{"not_picked":["SafetyPray:ReiMu","Intuition:ReiMu"],"picked":"OrbThrow:ReiMu","floor":3.0},{"not_picked":["FineLineFantasy:ReiMu","PhosphorusFlame:ReiMu"],"picked":"Amulet:ReiMu","floor":5.0},{"not_picked":["SpreadBorder2:ReiMu","CareerPray:ReiMu"],"picked":"Free:ReiMu","floor":7.0},{"not_picked":["Conquer:ReiMu","AirStrike:ReiMu"],"picked":"Dreaming2:ReiMu","floor":8.0},{"not_picked":["SealNeedle:ReiMu","AirStrike:ReiMu"],"picked":"InherentArray:ReiMu","floor":10.0},{"not_picked":["SubAcupoint:ReiMu","SubcavityInstant:ReiMu"],"picked":"FoulBorder2:ReiMu","floor":12.0},{"not_picked":["PhosphorusFlame:ReiMu","Bomb"],"picked":"Mountainwind:ReiMu","floor":14.0},{"not_picked":["CeremonyResonance:ReiMu","CardOfSanctity:ReiMu"],"picked":"KamiRite:ReiMu","floor":16.0},{"not_picked":["KamiSacrifice:ReiMu","SafetyPray:ReiMu","SubcavityInstant:ReiMu"],"picked":"SKIP","floor":20.0},{"not_picked":["AirStrike:ReiMu+1","Intuition:ReiMu+1","PayForSelf:ReiMu"],"picked":"SKIP","floor":22.0},{"not_picked":["AirStrike:ReiMu+1","Intuition:ReiMu+1","PayForSelf:ReiMu"],"picked":"SKIP","floor":22.0},{"not_picked":["OrbThrow:ReiMu","TakeOff:ReiMu"],"picked":"SpringWay:ReiMu+1","floor":23.0},{"not_picked":["Amulet:ReiMu","AirManeuver:ReiMu+1"],"picked":"LovePray:ReiMu","floor":24.0},{"not_picked":["UniversalSpiritual:ReiMu","Dreaming2:ReiMu+1","SafetyPray:ReiMu"],"picked":"SKIP","floor":28.0},{"not_picked":["OctopathBindingBorder2:ReiMu","YinYangSign:ReiMu+1"],"picked":"NineCharacters:ReiMu+1","floor":29.0},{"not_picked":["FoulBorder2:ReiMu","SafetyPray:ReiMu+1","UniversalSpiritual:ReiMu"],"picked":"SKIP","floor":31.0},{"not_picked":["KyokaiOfKami:ReiMu","Dreaming:ReiMu+1"],"picked":"HakureiPhantom:ReiMu","floor":33.0},{"not_picked":["AirStrike:ReiMu+1","OrbThrow:ReiMu+1","SafetyPray:ReiMu+1"],"picked":"SKIP","floor":35.0},{"not_picked":["SpreadBorder2:ReiMu","SafetyPray:ReiMu+1","AirStrike:ReiMu+1"],"picked":"SKIP","floor":37.0},{"not_picked":["TakeOff:ReiMu","InherentArray:ReiMu+1"],"picked":"CareerPray:ReiMu+1","floor":39.0},{"not_picked":["WonderfulDomain:ReiMu+1","SubcavityInstant:ReiMu"],"picked":"YinYangSange:ReiMu+1","floor":41.0},{"not_picked":["Conquer:ReiMu+1","SubcavityInstant:ReiMu"],"picked":"RainPray2:ReiMu+1","floor":41.0},{"not_picked":["AlertArray:ReiMu+1","EmergencyTakeOff:ReiMu+1","InherentArray:ReiMu"],"picked":"SKIP","floor":42.0},{"not_picked":["EmergencyTakeOff:ReiMu+1","NineCharacters:ReiMu","Meditation:ReiMu+1"],"picked":"SKIP","floor":44.0},{"not_picked":["AlertArray:ReiMu+1","CareerPray:ReiMu+1","SubcavityInstant:ReiMu+1"],"picked":"SKIP","floor":45.0},{"not_picked":["KamiSacrifice:ReiMu","MountainWay:ReiMu"],"picked":"FantasyMoon:ReiMu+1","floor":48.0}],"player_experience":335055,"relics_obtained":[{"floor":1.0,"key":"LetterFromLob"},{"floor":9.0,"key":"BookofShadows"},{"floor":10.0,"key":"Eternal Feather"},{"floor":12.0,"key":"Old Coin"},{"floor":20.0,"key":"RedMistMask"},{"floor":23.0,"key":"AT_EbonyIvory"},{"floor":26.0,"key":"Molten Egg 2"},{"floor":31.0,"key":"GuppysTail"},{"floor":41.0,"key":"Garlic"},{"floor":43.0,"key":"Ornamental Fan"},{"floor":46.0,"key":"Ring of Hypnosis"},{"floor":46.0,"key":"Ring of Greed"},{"floor":46.0,"key":"Blue Doll"},{"floor":46.0,"key":"Golden Egg"}],"event_choices":[{"damage_healed":0.0,"max_hp_gain":0.0,"max_hp_loss":0.0,"gold_gain":0.0,"event_name":"Living Wall","player_choice":"Grow","floor":0.0,"gold_loss":0.0,"damage_taken":0.0,"cards_upgraded":["AT_ShrugMaster"]},{"damage_healed":0.0,"max_hp_gain":0.0,"max_hp_loss":0.0,"gold_gain":175.0,"event_name":"Liars Game","player_choice":"AGREE","floor":2.0,"gold_loss":0.0,"damage_taken":0.0,"cards_obtained":["Doubt"]},{"damage_healed":0.0,"max_hp_gain":0.0,"max_hp_loss":0.0,"gold_gain":0.0,"event_name":"Scrap Ooze","player_choice":"Success","floor":4.0,"gold_loss":0.0,"damage_taken":25.0,"relics_obtained":["Gremlin Food"]}],"is_beta":false,"boss_relics":[{"not_picked":["Replay:Drink Me","aspiration:SilentSkillbook"],"picked":"Kintsugi"},{"not_picked":[]},{"not_picked":["Replay:Ancient Bell","aspiration:RunicSpoon"],"picked":"MagicMushroom"},{"not_picked":[]}],"items_purged_floors":[13,21,25,36],"is_endless":false,"potions_floor_spawned":[1,8,14,16,20,23,24,28,33,39,44,48],"ascension_level":0}}