{"host":"pbf6u3tyx46snqc7","time":1610158149,"event":{"mods":["AchievementEnabler","BaseMod","Colored Map","Minty Spire (QoL Compilation)","Rare Cards Sparkle","SuperFastMode"],"gold_per_floor":[363,538,2,15,15,15,26,26,101,132,144,144,144],"floor_reached":12,"playtime":696,"items_purged":["Doubt"],"score":105,"play_id":"39a0918f-dee6-4f2a-8d25-aee689e4e5a8","local_time":"20210109110909","is_ascension_mode":true,"campfire_choices":[{"data":"Searing Blow","floor":6,"key":"SMITH"},{"data":"Searing Blow+1","floor":8,"key":"SMITH"}],"circlet_count":0,"master_deck":["Strike_R","Strike_R","Strike_R","Strike_R","Strike_R","Defend_R","Defend_R","Defend_R","Defend_R","Bash","Searing Blow+2","Secret Weapon","Pommel Strike","Sever Soul","Armaments","Flame Barrier"],"relics":["Burning Blood","Tiny Chest","Sundial","Ginger"],"acts_visited":["Exordium"],"potions_floor_usage":[10,12],"damage_taken":[{"damage":14,"enemies":"Cultist","floor":1,"turns":6},{"damage":9,"enemies":"Jaw Worm","floor":4,"turns":3},{"damage":5,"enemies":"Small Slimes","floor":7,"turns":4},{"damage":25,"enemies":"3 Sentries","floor":10,"turns":6},{"damage":11,"enemies":"Looter","floor":11,"turns":3},{"damage":25,"enemies":"Lagavulin","floor":12,"turns":5}],"seed_played":"1161347346355262664","potions_obtained":[{"floor":1,"key":"Ancient Potion"},{"floor":7,"key":"Fire Potion"},{"floor":11,"key":"Strength Potion"}],"is_trial":false,"path_per_floor":["M","?","$","M","T","R","M","R","T","E","M","E"],"character_chosen":"IRONCLAD","items_purchased":["Secret Weapon","Pommel Strike","Tiny Chest","Sever Soul"],"campfire_rested":0,"item_purchase_floors":[3,3,3,3],"current_hp_per_floor":[43,43,43,40,40,40,41,41,41,22,17,0,0],"gold":144,"neow_bonus":"TWO_FIFTY_GOLD","is_daily":false,"chose_seed":false,"campfire_upgraded":2,"win_rate":0.0,"timestamp":1610158149,"path_taken":["M","?","$","M","?","R","M","R","T","E","M","E"],"items_purchased_type":["Card","Card","Relic","Card"],"build_version":"2020-12-22","purchased_purges":1,"victory":false,"max_hp_per_floor":[80,80,80,80,80,80,80,80,80,80,80,80,80],"card_choices":[{"not_picked":["Sword Boomerang","Blood for Blood"],"picked":"Searing Blow","floor":1},{"not_picked":["Seeing Red","Hemokinesis"],"picked":"Armaments","floor":4},{"not_picked":["Headbutt","Warcry","Metallicize"],"picked":"SKIP","floor":7},{"not_picked":["Flame Barrier","Pummel","Clothesline"],"picked":"SKIP","floor":10},{"not_picked":["Pummel","Clothesline"],"picked":"Flame Barrier","floor":10},{"not_picked":["Sever Soul","Headbutt","Flex"],"picked":"SKIP","floor":11}],"player_experience":393146,"relics_obtained":[{"floor":9,"key":"Sundial"},{"floor":10,"key":"Ginger"}],"event_choices":[{"damage_healed":0,"gold_gain":175,"player_choice":"AGREE","damage_taken":0,"max_hp_gain":0,"max_hp_loss":0,"event_name":"Liars Game","floor":2,"gold_loss":0,"cards_obtained":["Doubt"]}],"is_beta":false,"boss_relics":[],"items_purged_floors":[3],"is_endless":false,"potions_floor_spawned":[1,7,11],"killed_by":"Lagavulin","ascension_level":7}}