{"host":"a4s27ghlnr83kbqz","time":1610190842,"event":{"mods":["AchievementEnabler","BaseMod","Colored Map","Minty Spire (QoL Compilation)","Permanent Neow","SuperFastMode"],"gold_per_floor":[117,133,144,144,69,101,113,157,196,226,238,250,288,310,322,334,334],"floor_reached":16,"playtime":352,"items_purged":["Strike_R"],"score":240,"play_id":"a91de02a-759e-4a2d-a778-be85031aae45","local_time":"20210109191402","is_ascension_mode":true,"campfire_choices":[{"floor":7,"key":"REST"},{"floor":11,"key":"REST"},{"data":"Evolve","floor":15,"key":"SMITH"}],"circlet_count":0,"master_deck":["AscendersBane","Strike_R","Strike_R","Strike_R","Strike_R","Defend_R","Defend_R","Defend_R","Defend_R","Bash","Wild Strike+1","Ghostly Armor","Evolve+1","Battle Trance","Carnage","Second Wind"],"relics":["Burning Blood","MawBank","Tiny Chest","PreservedInsect","HornCleat","MealTicket"],"acts_visited":["Exordium"],"potions_floor_usage":[10,16],"damage_taken":[{"damage":12,"enemies":"Small Slimes","floor":1,"turns":4},{"damage":6,"enemies":"Cultist","floor":2,"turns":3},{"damage":19,"enemies":"Jaw Worm","floor":3,"turns":4},{"damage":25,"enemies":"3 Sentries","floor":6,"turns":9},{"damage":30,"enemies":"Lagavulin","floor":8,"turns":7},{"damage":9,"enemies":"2 Fungi Beasts","floor":10,"turns":2},{"damage":10,"enemies":"3 Sentries","floor":13,"turns":7},{"damage":6,"enemies":"Lots of Slimes","floor":14,"turns":4},{"damage":26,"enemies":"Hexaghost","floor":16,"turns":9}],"seed_played":"3891294720237448318","potions_obtained":[{"floor":8,"key":"Explosive Potion"},{"floor":10,"key":"Dexterity Potion"},{"floor":13,"key":"SpeedPotion"}],"is_trial":false,"path_per_floor":["M","M","M","?","$","E","R","E","T","M","R","?","E","M","R","B"],"character_chosen":"IRONCLAD","items_purchased":[],"campfire_rested":2,"item_purchase_floors":[],"current_hp_per_floor":[62,62,49,49,49,30,52,28,28,25,47,29,25,25,25,0,0],"gold":334,"neow_bonus":"THREE_CARDS","is_daily":false,"chose_seed":false,"campfire_upgraded":1,"win_rate":0.0,"timestamp":1610190842,"path_taken":["M","M","M","?","?","E","R","E","T","?","R","?","E","M","R","BOSS"],"items_purchased_type":[],"build_version":"2020-12-22","purchased_purges":1,"victory":false,"max_hp_per_floor":[75,75,75,75,75,75,75,75,75,75,75,75,75,75,75,75,75],"card_choices":[{"not_picked":["Havoc","Headbutt"],"picked":"Wild Strike","floor":0},{"not_picked":["True Grit","Clash"],"picked":"Ghostly Armor","floor":1},{"not_picked":["Bloodletting","Entrench"],"picked":"Evolve","floor":2},{"not_picked":["Thunderclap","Clash","Sentinel"],"picked":"SKIP","floor":3},{"not_picked":["Whirlwind","Armaments"],"picked":"Battle Trance","floor":6},{"not_picked":["Perfected Strike","Searing Blow"],"picked":"Carnage","floor":8},{"not_picked":["Battle Trance","Pummel","Intimidate"],"picked":"SKIP","floor":10},{"not_picked":["Cleave","Flex","Spot Weakness"],"picked":"SKIP","floor":13},{"not_picked":["Iron Wave","Shrug It Off"],"picked":"Second Wind","floor":14}],"player_experience":1099226,"relics_obtained":[{"floor":6,"key":"MawBank"},{"floor":8,"key":"Tiny Chest"},{"floor":9,"key":"PreservedInsect"},{"floor":13,"key":"MealTicket"}],"event_choices":[{"damage_healed":0,"gold_gain":0,"player_choice":"Forge","damage_taken":0,"max_hp_gain":0,"max_hp_loss":0,"event_name":"Accursed Blacksmith","floor":4,"gold_loss":0,"cards_upgraded":["Wild Strike"]},{"damage_healed":0,"gold_gain":0,"player_choice":"Success","damage_taken":18,"relics_obtained":["HornCleat"],"max_hp_gain":0,"max_hp_loss":0,"event_name":"Scrap Ooze","floor":12,"gold_loss":0}],"is_beta":false,"boss_relics":[],"items_purged_floors":[5],"is_endless":false,"potions_floor_spawned":[8,10,13,14],"killed_by":"Hexaghost","ascension_level":20}}