{"host":"ta9mufxydm4vkknf","time":1610219303,"event":{"mods":["AchievementEnabler","BaseMod","Minty Spire (QoL Compilation)","Quick Restart"],"gold_per_floor":[117,117,137,137,161,161,201,201,201,201,219,244,268,286,286,405,405,418,418,418],"floor_reached":19,"playtime":822,"items_purged":[],"score":188,"play_id":"d309f1bd-fc49-45ad-95ac-258af2a0e99d","local_time":"20210109200823","is_ascension_mode":true,"campfire_choices":[{"data":"Dash","floor":6,"key":"SMITH"},{"data":"Deadly Poison","floor":8,"key":"SMITH"},{"data":"Masterful Stab","floor":10,"key":"SMITH"},{"data":"Well Laid Plans","floor":15,"key":"SMITH"}],"circlet_count":0,"master_deck":["Strike_G","Strike_G","Strike_G","Strike_G","Strike_G","Defend_G","Defend_G","Defend_G","Defend_G","Defend_G","Survivor","Neutralize","Masterful Stab+1","Dash+1","Prepared","Deadly Poison+1","Poisoned Stab","Well Laid Plans+1","Outmaneuver","Acrobatics","Venomology","Bane"],"relics":["Ring of the Snake","NeowsBlessing","Golden Idol","Question Card","Gremlin Horn","Black Star"],"acts_visited":["Exordium","TheCity"],"potions_floor_usage":[7,16,16,19,19,19],"damage_taken":[{"damage":0,"enemies":"Jaw Worm","floor":1,"turns":1},{"damage":0,"enemies":"Small Slimes","floor":3,"turns":1},{"damage":0,"enemies":"Cultist","floor":5,"turns":1},{"damage":7,"enemies":"Gremlin Nob","floor":7,"turns":4},{"damage":0,"enemies":"Red Slaver","floor":11,"turns":3},{"damage":0,"enemies":"3 Louse","floor":12,"turns":2},{"damage":0,"enemies":"Looter","floor":13,"turns":2},{"damage":0,"enemies":"Gremlin Gang","floor":14,"turns":4},{"damage":27,"enemies":"Slime Boss","floor":16,"turns":11},{"damage":40,"enemies":"3 Byrds","floor":18,"turns":7},{"damage":25,"enemies":"Spheric Guardian","floor":19,"turns":7}],"seed_played":"-1867069319757168397","potions_obtained":[{"floor":3,"key":"LiquidMemories"},{"floor":5,"key":"Dexterity Potion"},{"floor":11,"key":"SpeedPotion"},{"floor":13,"key":"Weak Potion"},{"floor":14,"key":"AttackPotion"},{"floor":16,"key":"DuplicationPotion"}],"is_trial":false,"path_per_floor":["M","?","M","?","M","R","E","R","T","R","M","M","M","M","R","B",null,"M","M"],"character_chosen":"THE_SILENT","items_purchased":[],"campfire_rested":0,"item_purchase_floors":[],"current_hp_per_floor":[70,65,65,65,65,65,58,58,58,58,58,58,58,58,58,31,65,25,0,0],"gold":418,"neow_bonus":"THREE_ENEMY_KILL","is_daily":false,"chose_seed":false,"campfire_upgraded":4,"win_rate":0.0,"timestamp":1610219303,"path_taken":["M","?","M","?","M","R","E","R","T","R","M","M","M","M","R","BOSS","M","M"],"items_purchased_type":[],"build_version":"2020-12-22","purchased_purges":0,"victory":false,"max_hp_per_floor":[70,65,65,65,65,65,65,65,65,65,65,65,65,65,65,65,65,65,65,65],"card_choices":[{"not_picked":["Dodge and Roll","Underhanded Strike"],"picked":"Masterful Stab","floor":1},{"not_picked":["Dagger Throw","Underhanded Strike"],"picked":"Dash","floor":3},{"not_picked":["Deadly Poison","All Out Attack"],"picked":"Prepared","floor":5},{"not_picked":["Backflip","Bouncing Flask"],"picked":"Deadly Poison","floor":7},{"not_picked":["Distraction","Bouncing Flask","Infinite Blades"],"picked":"Poisoned Stab","floor":11},{"not_picked":["Slice","Masterful Stab","Heel Hook"],"picked":"Well Laid Plans","floor":12},{"not_picked":["Distraction","Expertise","Prepared"],"picked":"Outmaneuver","floor":13},{"not_picked":["Quick Slash","Backflip","Tactician"],"picked":"Acrobatics","floor":14},{"not_picked":["Bullet Time","Wraith Form v2","Phantasmal Killer"],"picked":"Venomology","floor":16},{"not_picked":["Acrobatics+1","Flying Knee+1","Catalyst"],"picked":"Bane","floor":18}],"player_experience":260869,"relics_obtained":[{"floor":7,"key":"Question Card"},{"floor":9,"key":"Gremlin Horn"}],"event_choices":[{"damage_healed":0,"gold_gain":0,"player_choice":"Lose Max HP","damage_taken":0,"relics_obtained":["Golden Idol"],"max_hp_gain":0,"max_hp_loss":5,"event_name":"Golden Idol","floor":2,"gold_loss":0},{"damage_healed":0,"gold_gain":0,"player_choice":"Ignored","damage_taken":0,"max_hp_gain":0,"max_hp_loss":0,"event_name":"Liars Game","floor":4,"gold_loss":0}],"is_beta":false,"boss_relics":[{"not_picked":["Empty Cage","SlaversCollar"],"picked":"Black Star"}],"items_purged_floors":[],"is_endless":false,"potions_floor_spawned":[3,5,11,13,14,16],"killed_by":"Spheric Guardian","ascension_level":2}}