{"host":"uonldg9uriwfhjjx","time":1610187743,"event":{"mods":["AchievementEnabler","BaseMod","Minty Spire (QoL Compilation)","Relic Stats"],"gold_per_floor":[111,31,57,57,69,69,99,99,99,110,27,27,41,57,57,131,131,144,72,72,84,97,97,97,97,120,120,120],"floor_reached":27,"playtime":10364,"items_purged":[],"score":401,"play_id":"a4e43727-84ee-41fd-93c9-469273412ee9","local_time":"20210109052223","is_ascension_mode":true,"campfire_choices":[{"data":"Zap","floor":6,"key":"SMITH"},{"data":"White Noise","floor":8,"key":"SMITH"},{"data":"Heatsinks","floor":12,"key":"SMITH"},{"data":"Dualcast","floor":15,"key":"SMITH"},{"data":"Machine Learning","floor":23,"key":"SMITH"},{"data":"Chaos","floor":25,"key":"SMITH"}],"circlet_count":0,"master_deck":["AscendersBane","Strike_B","Strike_B","Strike_B","Strike_B","Defend_B","Defend_B","Defend_B","Defend_B","Zap+1","Dualcast+1","Heatsinks+1","Cold Snap","White Noise+1","Coolheaded","Storm","Conserve Battery","Coolheaded","Machine Learning+1","CurseOfTheBell","Coolheaded","Storm","Chaos+1"],"relics":["Cracked Core","NeowsBlessing","Strawberry","Akabeko","Molten Egg 2","Calling Bell","Lantern","White Beast Statue","Ginger","Ice Cream","Bag of Marbles"],"acts_visited":["Exordium","TheCity"],"potions_floor_usage":[10,27,27],"damage_taken":[{"damage":0,"enemies":"Cultist","floor":1,"turns":1},{"damage":0,"enemies":"2 Louse","floor":5,"turns":1},{"damage":0,"enemies":"3 Sentries","floor":7,"turns":1},{"damage":0,"enemies":"Small Slimes","floor":10,"turns":2},{"damage":1,"enemies":"3 Louse","floor":13,"turns":3},{"damage":17,"enemies":"Lots of Slimes","floor":14,"turns":4},{"damage":6,"enemies":"The Guardian","floor":16,"turns":15},{"damage":22,"enemies":"Spheric Guardian","floor":18,"turns":4},{"damage":0,"enemies":"3 Byrds","floor":21,"turns":2},{"damage":12,"enemies":"Snake Plant","floor":22,"turns":3},{"damage":41,"enemies":"Gremlin Leader","floor":27,"turns":12}],"seed_played":"579545075126220882","potions_obtained":[{"floor":1,"key":"Block Potion"},{"floor":7,"key":"Block Potion"},{"floor":10,"key":"Fruit Juice"},{"floor":18,"key":"ColorlessPotion"}],"is_trial":false,"path_per_floor":["M","$","T","$","M","R","E","R","T","M","$","R","M","M","R","B",null,"M","$","?","M","M","R","?","R","T","E"],"character_chosen":"DEFECT","items_purchased":["Heatsinks","Storm","Conserve Battery","Storm"],"campfire_rested":0,"item_purchase_floors":[2,11,11,19],"current_hp_per_floor":[64,64,71,71,71,71,71,71,71,76,76,76,75,58,58,52,75,53,53,53,53,41,41,41,41,41,0,0],"gold":120,"neow_bonus":"THREE_ENEMY_KILL","is_daily":false,"chose_seed":false,"campfire_upgraded":6,"win_rate":0.0,"timestamp":1610187743,"path_taken":["M","?","?","$","M","R","E","R","T","M","$","R","?","M","R","BOSS","M","$","?","M","M","R","?","R","T","E"],"items_purchased_type":["Card","Card","Card","Card"],"build_version":"2020-12-22","purchased_purges":0,"victory":false,"max_hp_per_floor":[71,71,78,78,78,78,78,78,78,83,83,83,83,83,83,83,83,83,83,83,83,83,83,83,83,83,83,83],"relic_stats":{"counters":[11,48],"Ginger":[3],"obtain_stats":[{"Calling Bell":17,"Ice Cream":24,"Lantern":17,"NeowsBlessing":0,"Strawberry":3,"Molten Egg 2":9,"Bag of Marbles":26,"Ginger":17,"Cracked Core":0,"Akabeko":7,"White Beast Statue":17},{"Calling Bell":7,"Ice Cream":10,"Lantern":7,"NeowsBlessing":0,"Strawberry":1,"Molten Egg 2":3,"Bag of Marbles":10,"Ginger":7,"Cracked Core":0,"Akabeko":3,"White Beast Statue":7},{"Calling Bell":27,"Ice Cream":36,"Lantern":27,"NeowsBlessing":0,"Strawberry":1,"Molten Egg 2":3,"Bag of Marbles":36,"Ginger":27,"Cracked Core":0,"Akabeko":3,"White Beast Statue":27}]},"card_choices":[{"not_picked":["Steam Power","Go for the Eyes","Hologram"],"picked":"SKIP","floor":1},{"not_picked":["Sweeping Beam","Double Energy"],"picked":"Cold Snap","floor":5},{"not_picked":["Fission","Go for the Eyes"],"picked":"White Noise","floor":7},{"not_picked":["Go for the Eyes+1","Cold Snap+1"],"picked":"Coolheaded","floor":10},{"not_picked":["Streamline+1","Go for the Eyes+1","Steam"],"picked":"SKIP","floor":13},{"not_picked":["Go for the Eyes+1","Hologram"],"picked":"Coolheaded","floor":14},{"not_picked":["Hyperbeam+1","Amplify"],"picked":"Machine Learning","floor":16},{"not_picked":["Cold Snap+1","Sunder+1"],"picked":"Coolheaded","floor":18},{"not_picked":["Compile Driver+1","Conserve Battery"],"picked":"Chaos","floor":21},{"not_picked":["Beam Cell+1","Hologram","Auto Shields"],"picked":"SKIP","floor":22}],"player_experience":749284,"relics_obtained":[{"floor":3,"key":"Strawberry"},{"floor":7,"key":"Akabeko"},{"floor":9,"key":"Molten Egg 2"},{"floor":17,"key":"Lantern"},{"floor":17,"key":"White Beast Statue"},{"floor":17,"key":"Ginger"},{"floor":26,"key":"Bag of Marbles"}],"event_choices":[{"damage_healed":0,"gold_gain":0,"player_choice":"Ignored","damage_taken":0,"max_hp_gain":0,"max_hp_loss":0,"event_name":"Ghosts","floor":20,"gold_loss":0},{"damage_healed":0,"gold_gain":0,"player_choice":"Opened","damage_taken":0,"relics_obtained":["Ice Cream"],"max_hp_gain":0,"max_hp_loss":0,"event_name":"The Mausoleum","floor":24,"gold_loss":0}],"is_beta":false,"boss_relics":[{"not_picked":["Velvet Choker","Coffee Dripper"],"picked":"Calling Bell"}],"items_purged_floors":[],"is_endless":false,"potions_floor_spawned":[1,7,10,18,21,22],"killed_by":"Gremlin Leader","ascension_level":14}}