{"host":"gsmj583br51y3r1c","time":1610215420,"event":{"mods":["AchievementEnabler","BaseMod","Better Note","Better Third Choice","Colored Map","Dark Map","Downfall","Hermit","Highlight Path","Hubris","Infinite Spire","Marisa????????","Minty Spire (QoL Compilation)","Permanent Neow","Quick Restart","StSLib","The Bug Knight","The Cursed","The Marked","The Mystic","The Servant 0.9.4","everything is the same but u backflip on backflip"],"gold_per_floor":[11,24,41,41,54,54,71,71,71,71,346,359,369,259,259,359,359,373,391,391,441,463,471,471],"floor_reached":23,"playtime":1893,"items_purged":["hermit:Strike_Hermit","hermit:Strike_Hermit"],"score":185,"play_id":"ae7f5b4c-4d12-4d94-a7ef-4c97ebe607c5","local_time":"20210109200340","is_ascension_mode":false,"campfire_choices":[{"data":"hermit:GoldenBullet","floor":6,"key":"SMITH"},{"data":"hermit:Brawl","floor":8,"key":"SMITH"},{"data":"hermit:Snapshot","floor":10,"key":"SMITH"},{"data":"hermit:Quickdraw","floor":15,"key":"SMITH"}],"circlet_count":0,"master_deck":["hermit:Strike_Hermit","hermit:Defend_Hermit","hermit:Defend_Hermit","hermit:Defend_Hermit","hermit:Snapshot+1","hermit:Covet","hermit:PistolWhip","hermit:Grudge","hermit:GoldenBullet+1","hermit:Ricochet","hermit:Midnight","hermit:Brawl+1","hermit:GhostlyPresence+1","Regret","hermit:Quickdraw+1","hermit:PistolWhip","hermit:Enervate","hermit:OverwhelmingPower","hermit:Misfire","hermit:LoneWolf+1"],"relics":["hermit:Momento","Regal Pillow","hubris:CuriousFeather","Strawberry","hubris:Backtick","Membership Card","infinitespire:Midas Blood","Tiny House"],"acts_visited":["Exordium","TheCity"],"potions_floor_usage":[16,16],"damage_taken":[{"damage":0,"enemies":"Cultist","floor":1,"turns":2},{"damage":0,"enemies":"Small Slimes","floor":2,"turns":1},{"damage":1,"enemies":"2 Louse","floor":3,"turns":2},{"damage":9,"enemies":"Red Slaver","floor":5,"turns":2},{"damage":8,"enemies":"Lots of Slimes","floor":7,"turns":2},{"damage":0,"enemies":"3 Louse","floor":12,"turns":3},{"damage":1,"enemies":"Large Slime","floor":13,"turns":3},{"damage":29,"enemies":"The Guardian","floor":16,"turns":6},{"damage":14,"enemies":"Shell Parasite","floor":18,"turns":4},{"damage":1,"enemies":"Chosen","floor":19,"turns":3},{"damage":26,"enemies":"Centurion and Healer","floor":22,"turns":5},{"damage":47,"enemies":"Nightmare","floor":23,"turns":5}],"seed_played":"-8936281513663624707","potions_obtained":[{"floor":2,"key":"SteroidPotion"},{"floor":3,"key":"SkillPotion"},{"floor":13,"key":"champ:CounterPotion"},{"floor":19,"key":"SteroidPotion"},{"floor":21,"key":"Explosive Potion"},{"floor":22,"key":"Fire Potion"}],"is_trial":false,"path_per_floor":["M","M","M","?","M","R","M","R","T","R","?","M","M","$","R","B",null,"M","M","?","AVR","M","NM"],"character_chosen":"HERMIT","items_purchased":["hermit:Enervate"],"campfire_rested":0,"item_purchase_floors":[14],"current_hp_per_floor":[75,75,74,64,55,55,47,47,54,54,54,54,53,53,53,24,82,68,67,67,72,46,0,0],"gold":471,"neow_bonus":"TRANSFORM_TWO_CARDS","is_daily":false,"chose_seed":false,"campfire_upgraded":4,"win_rate":0.0,"timestamp":1610215420,"path_taken":["M","?","M","?","M","R","M","R","T","R","?","?","M","$","R","BOSS","M","?","?","AVR","M","NM"],"items_purchased_type":["Card"],"build_version":"2020-12-22","purchased_purges":2,"victory":false,"max_hp_per_floor":[75,75,75,75,75,75,75,75,82,82,82,82,82,82,82,82,82,82,82,82,87,87,87,87],"card_choices":[{"not_picked":["hermit:FullyLoaded","hermit:Horror"],"picked":"hermit:GoldenBullet","floor":1},{"not_picked":["hermit:EyeOfTheStorm","hermit:WideOpen"],"picked":"hermit:Ricochet","floor":2},{"not_picked":["hermit:CalledShot","hermit:TrackingShot"],"picked":"hermit:Midnight","floor":3},{"not_picked":["hermit:Virtue","hermit:Headshot"],"picked":"hermit:Brawl","floor":5},{"not_picked":["hermit:LowProfile","hermit:Determination"],"picked":"hermit:GhostlyPresence","floor":7},{"not_picked":["hermit:Vantage","hermit:Ricochet"],"picked":"hermit:Quickdraw","floor":12},{"not_picked":["hermit:Snipe","hermit:HeroicBravado"],"picked":"hermit:PistolWhip","floor":13},{"not_picked":["hermit:RoundhouseKick","hermit:FromBeyond"],"picked":"hermit:OverwhelmingPower","floor":16},{"not_picked":["hermit:Coalescence","hermit:ItchyTrigger+1","hermit:TrackingShot"],"picked":"SKIP","floor":18},{"not_picked":["hermit:HoleUp","hermit:Coalescence+1","hermit:Desperado"],"picked":"SKIP","floor":19},{"not_picked":["hermit:TakeAim+1","hermit:Quickdraw"],"picked":"hermit:Misfire","floor":21},{"not_picked":["hermit:Glare","hermit:Showdown+1"],"picked":"hermit:LoneWolf+1","floor":22}],"player_experience":369552,"relics_obtained":[{"floor":9,"key":"Strawberry"}],"event_choices":[{"damage_healed":0,"gold_gain":1,"player_choice":"Relic Relic ","damage_taken":10,"max_hp_gain":0,"max_hp_loss":0,"event_name":"betterThird:BetterScrap","floor":4,"gold_loss":0,"cards_obtained":["All Out Attack"]},{"damage_healed":0,"gold_gain":275,"player_choice":"Desecrate","damage_taken":0,"max_hp_gain":0,"max_hp_loss":0,"event_name":"Golden Shrine","floor":11,"gold_loss":0,"cards_obtained":["Regret"]},{"cards_removed":["hermit:Strike_Hermit"],"damage_healed":0,"gold_gain":0,"player_choice":"Give","damage_taken":0,"max_hp_gain":0,"max_hp_loss":0,"event_name":"betterNote:BetterNote","floor":20,"gold_loss":0,"cards_obtained":["hermit:Strike_Hermit"]}],"is_beta":false,"boss_relics":[{"not_picked":["Runic Pyramid","hubris:VirtuousBlindfold"],"picked":"hubris:Backtick"}],"items_purged_floors":[14,21],"is_endless":false,"potions_floor_spawned":[2,3,13,19,22],"killed_by":"Nightmare","ascension_level":0}}