{"host":"25fn74ijs2305xd4","time":1610208013,"event":{"mods":["AchievementEnabler","BaseMod","Colored Map","Colored Powertips","Minty Spire (QoL Compilation)","Relic Stats","StSLib"],"gold_per_floor":[112,8,8,8,27,27,62,62,62,83,98,128,174,186,198,338,350,385,397,428,465,290,321,59,59,59,74,74,112,112,27,27,157,157,178,198,49,112,132,132,232,232,232,232,252,16,51,51,51,51,51,51,11,45,45],"floor_reached":56,"playtime":3304,"items_purged":["Strike_B","Defend_B","Defend_B","Strike_B"],"score":1439,"play_id":"39182c90-ec03-4093-8bdd-239418b8772b","local_time":"20210109170013","is_ascension_mode":true,"campfire_choices":[{"data":"Compile Driver","floor":6,"key":"SMITH"},{"data":"White Noise","floor":15,"key":"SMITH"},{"floor":25,"key":"REST"},{"floor":28,"key":"REST"},{"floor":32,"key":"REST"},{"floor":40,"key":"REST"},{"data":"White Noise","floor":42,"key":"SMITH"},{"floor":44,"key":"RECALL"},{"data":"Coolheaded","floor":49,"key":"SMITH"},{"data":"Capacitor","floor":52,"key":"SMITH"}],"circlet_count":0,"master_deck":["Strike_B","Strike_B","Defend_B+1","Defend_B","Zap","Dualcast","Cold Snap","Cold Snap","Capacitor+1","Compile Driver+1","White Noise+1","Coolheaded+1","Sunder","White Noise+1","Fission+1","Stack+1","Heatsinks","Cold Snap","Ball Lightning+1","Magnetism+1","BootSequence+1","Streamline","Skim","Seek","Consume+1","Coolheaded+1","Electrodynamics+1","Glacier+1","Loop+1","Defragment+1","Glacier+1"],"relics":["FrozenCore","NeowsBlessing","Golden Idol","FaceOfCleric","Mummified Hand","Mercury Hourglass","MawBank","Pantograph","Inserter","Membership Card","Oddly Smooth Stone","Frozen Egg 2","Prayer Wheel","Bottled Lightning","Regal Pillow","War Paint","Bird Faced Urn","Sundial","White Beast Statue","Ice Cream","Gremlin Horn"],"acts_visited":["Exordium","TheCity","TheBeyond","TheEnding"],"potions_floor_usage":[13,21,23,38,39,55,55,55,55,55],"damage_taken":[{"damage":0,"enemies":"2 Louse","floor":1,"turns":1},{"damage":0,"enemies":"Jaw Worm","floor":5,"turns":1},{"damage":0,"enemies":"Lagavulin","floor":7,"turns":1},{"damage":4,"enemies":"Cultist","floor":10,"turns":3},{"damage":8,"enemies":"3 Louse","floor":11,"turns":2},{"damage":6,"enemies":"Gremlin Nob","floor":13,"turns":4},{"damage":37,"enemies":"The Guardian","floor":16,"turns":12},{"damage":14,"enemies":"Spheric Guardian","floor":18,"turns":4},{"damage":14,"enemies":"Shell Parasite","floor":20,"turns":8},{"damage":3,"enemies":"Snake Plant","floor":21,"turns":4},{"damage":44,"enemies":"Slavers","floor":23,"turns":4},{"damage":6,"enemies":"Cultist and Chosen","floor":27,"turns":6},{"damage":20,"enemies":"Book of Stabbing","floor":29,"turns":6},{"damage":0,"enemies":"Champ","floor":33,"turns":12},{"damage":0,"enemies":"Orb Walker","floor":35,"turns":4},{"damage":15,"enemies":"3 Shapes","floor":36,"turns":7},{"damage":0,"enemies":"Mind Bloom Boss Battle","floor":38,"turns":5},{"damage":63,"enemies":"Transient","floor":39,"turns":5},{"damage":6,"enemies":"3 Darklings","floor":45,"turns":4},{"damage":13,"enemies":"Giant Head","floor":47,"turns":9},{"damage":18,"enemies":"Awakened One","floor":50,"turns":11},{"damage":16,"enemies":"Shield and Spear","floor":54,"turns":6},{"damage":44,"enemies":"The Heart","floor":55,"turns":12}],"seed_played":"9040098442738089440","potions_obtained":[{"floor":10,"key":"ColorlessPotion"},{"floor":11,"key":"SpeedPotion"},{"floor":16,"key":"AttackPotion"},{"floor":21,"key":"PotionOfCapacity"},{"floor":29,"key":"EntropicBrew"},{"floor":33,"key":"EssenceOfSteel"},{"floor":36,"key":"Energy Potion"},{"floor":38,"key":"Ancient Potion"},{"floor":45,"key":"Dexterity Potion"},{"floor":47,"key":"Energy Potion"}],"is_trial":false,"path_per_floor":["M","$","?","?","M","R","E","$","T","M","M","?","E","$","R","B",null,"M","?","M","M","$","E","$","R","T","M","R","E","?","?","R","B",null,"M","M","$","?","M","R","?","R","T","R","M","$","E","T","R","B",null,"R","$","E","B",null],"character_chosen":"DEFECT","items_purchased":["Cold Snap","Capacitor","Membership Card","Frozen Egg 2","Magnetism+1","Coolheaded","War Paint","Loop+1","Sundial","Defragment+1"],"campfire_rested":4,"item_purchase_floors":[2,2,22,24,24,37,37,46,46,53],"current_hp_per_floor":[75,75,69,69,70,70,71,71,71,68,61,61,56,56,56,38,75,62,62,49,47,47,4,4,27,27,22,46,27,27,27,66,82,82,83,69,69,85,25,65,65,65,65,65,74,74,79,79,79,82,89,89,89,76,63],"gold":45,"neow_bonus":"THREE_ENEMY_KILL","is_daily":false,"chose_seed":false,"campfire_upgraded":5,"win_rate":0.0,"timestamp":1610208013,"path_taken":["M","$","?","?","M","R","E","$","T","M","?","?","E","$","R","BOSS","M","?","?","M","$","E","?","R","T","M","R","E","?","?","R","BOSS","M","M","$","?","M","R","?","R","T","R","?","?","E","?","R","BOSS","R","$","E","BOSS"],"items_purchased_type":["Card","Card","Relic","Relic","Card","Card","Relic","Card","Relic","Card"],"build_version":"2020-12-22","purchased_purges":4,"victory":true,"max_hp_per_floor":[75,75,69,69,70,70,71,71,71,72,73,73,74,74,74,75,75,76,76,77,78,78,79,79,79,79,80,80,81,81,81,81,82,82,83,84,84,85,86,86,86,86,86,86,87,87,88,88,88,89,89,89,89,90,91],"relic_stats":{"Regal Pillow":30,"Inserter":[50],"Gremlin Horn":[0,0],"counters":[23,130],"Golden Idol":201,"War Paint":["Defend_B","Coolheaded"],"MawBank":120,"FrozenCore":[31],"Mercury Hourglass":[411],"FaceOfCleric":22,"Mummified Hand":[103],"Sundial":[8],"Pantograph":71,"Bird Faced Urn":[62],"Prayer Wheel":5,"obtain_stats":[{"Ice Cream":48,"Regal Pillow":31,"Inserter":17,"NeowsBlessing":0,"Gremlin Horn":54,"Golden Idol":3,"Oddly Smooth Stone":23,"Frozen Egg 2":24,"War Paint":37,"MawBank":12,"White Beast Statue":47,"Mercury Hourglass":9,"FrozenCore":34,"FaceOfCleric":4,"Mummified Hand":7,"Sundial":46,"Pantograph":13,"Bird Faced Urn":38,"Prayer Wheel":26,"Membership Card":22,"Bottled Lightning":29,"Cracked Core":0},{"Ice Cream":20,"Regal Pillow":13,"Inserter":7,"NeowsBlessing":0,"Gremlin Horn":22,"Golden Idol":1,"Oddly Smooth Stone":11,"Frozen Egg 2":11,"War Paint":16,"MawBank":5,"White Beast Statue":20,"Mercury Hourglass":3,"FrozenCore":14,"FaceOfCleric":1,"Mummified Hand":3,"Sundial":19,"Pantograph":6,"Bird Faced Urn":17,"Prayer Wheel":11,"Membership Card":10,"Bottled Lightning":13,"Cracked Core":0},{"Ice Cream":101,"Regal Pillow":55,"Inserter":23,"NeowsBlessing":0,"Gremlin Horn":118,"Golden Idol":1,"Oddly Smooth Stone":43,"Frozen Egg 2":43,"War Paint":78,"MawBank":7,"White Beast Statue":101,"Mercury Hourglass":3,"FrozenCore":67,"FaceOfCleric":1,"Mummified Hand":3,"Sundial":92,"Pantograph":11,"Bird Faced Urn":83,"Prayer Wheel":43,"Membership Card":39,"Bottled Lightning":55,"Cracked Core":0}]},"card_choices":[{"not_picked":["Coolheaded","Compile Driver"],"picked":"Cold Snap","floor":1},{"not_picked":["Rebound","Tempest"],"picked":"Compile Driver","floor":5},{"not_picked":["Hologram","Rebound"],"picked":"White Noise","floor":7},{"not_picked":["Go for the Eyes","Force Field"],"picked":"Coolheaded","floor":10},{"not_picked":["Stack","Cold Snap"],"picked":"Sunder","floor":11},{"not_picked":["Turbo","Heatsinks"],"picked":"White Noise","floor":13},{"not_picked":["Creative AI","Meteor Strike"],"picked":"Fission","floor":16},{"not_picked":["Conserve Battery","Gash"],"picked":"Stack+1","floor":18},{"not_picked":["BootSequence","Stack+1"],"picked":"Heatsinks","floor":20},{"not_picked":["Steam Power+1","Reprogram+1"],"picked":"Cold Snap","floor":21},{"not_picked":["Compile Driver","Cold Snap"],"picked":"Ball Lightning+1","floor":23},{"not_picked":["Rebound","Streamline"],"picked":"BootSequence+1","floor":27},{"not_picked":["Rebound","Compile Driver"],"picked":"Streamline","floor":27},{"not_picked":["Turbo","Steam Power"],"picked":"Skim","floor":29},{"not_picked":["Rainbow","Thunder Strike"],"picked":"Seek","floor":33},{"not_picked":["Coolheaded","Stack"],"picked":"Consume+1","floor":35},{"not_picked":["Compile Driver","Beam Cell+1","Leap+1"],"picked":"SKIP","floor":35},{"not_picked":["Compile Driver","Beam Cell+1","Leap+1"],"picked":"SKIP","floor":35},{"not_picked":["Melter","Heatsinks+1","Hologram"],"picked":"SKIP","floor":36},{"not_picked":["Hologram+1","Stack+1","Static Discharge+1"],"picked":"SKIP","floor":36},{"not_picked":["Conserve Battery+1","Static Discharge+1"],"picked":"Electrodynamics+1","floor":39},{"not_picked":["Compile Driver","Cold Snap+1","Melter"],"picked":"SKIP","floor":39},{"not_picked":["Capacitor+1","Conserve Battery"],"picked":"Glacier+1","floor":45},{"not_picked":["Streamline","Compile Driver+1","Sunder"],"picked":"SKIP","floor":45},{"not_picked":["Steam","Gash+1","BootSequence+1"],"picked":"SKIP","floor":47},{"not_picked":["Self Repair+1","Reinforced Body+1"],"picked":"Glacier+1","floor":54}],"player_experience":37080,"relics_obtained":[{"floor":7,"key":"Mummified Hand"},{"floor":9,"key":"Mercury Hourglass"},{"floor":13,"key":"Pantograph"},{"floor":23,"key":"Oddly Smooth Stone"},{"floor":26,"key":"Prayer Wheel"},{"floor":29,"key":"Bottled Lightning"},{"floor":38,"key":"Bird Faced Urn"},{"floor":47,"key":"White Beast Statue"},{"floor":48,"key":"Ice Cream"},{"floor":54,"key":"Gremlin Horn"}],"event_choices":[{"damage_healed":0,"gold_gain":0,"player_choice":"Lose Max HP","damage_taken":0,"relics_obtained":["Golden Idol"],"max_hp_gain":0,"max_hp_loss":6,"event_name":"Golden Idol","floor":3,"gold_loss":0},{"damage_healed":0,"gold_gain":0,"player_choice":"Trade","damage_taken":0,"relics_obtained":["FaceOfCleric"],"max_hp_gain":0,"max_hp_loss":0,"event_name":"FaceTrader","floor":4,"gold_loss":0},{"damage_healed":0,"gold_gain":30,"player_choice":"Searched \u00273\u0027 times","damage_taken":0,"relics_obtained":["MawBank"],"max_hp_gain":0,"max_hp_loss":0,"event_name":"Dead Adventurer","floor":12,"gold_loss":0},{"damage_healed":0,"gold_gain":0,"player_choice":"Upgraded","damage_taken":0,"max_hp_gain":0,"max_hp_loss":0,"event_name":"Upgrade Shrine","floor":19,"gold_loss":0,"cards_upgraded":["Fission"]},{"damage_healed":0,"gold_gain":0,"player_choice":"Ignored","damage_taken":0,"max_hp_gain":0,"max_hp_loss":0,"event_name":"Ghosts","floor":30,"gold_loss":0},{"damage_healed":0,"gold_gain":0,"player_choice":"Obtained Relic","damage_taken":0,"relics_obtained":["Regal Pillow"],"max_hp_gain":0,"max_hp_loss":0,"event_name":"Addict","floor":31,"gold_loss":85},{"damage_healed":0,"gold_gain":0,"player_choice":"Fight","damage_taken":0,"max_hp_gain":0,"max_hp_loss":0,"event_name":"MindBloom","floor":38,"gold_loss":0},{"damage_healed":0,"gold_gain":100,"player_choice":"Pray","damage_taken":0,"max_hp_gain":0,"max_hp_loss":0,"event_name":"Golden Shrine","floor":41,"gold_loss":0}],"is_beta":false,"boss_relics":[{"not_picked":["Coffee Dripper","Snecko Eye"],"picked":"Inserter"},{"not_picked":["Fusion Hammer","Tiny House"],"picked":"FrozenCore"}],"items_purged_floors":[22,24,37,46],"is_endless":false,"potions_floor_spawned":[10,11,16,21,29,33,36,38,45,47,54],"ascension_level":3}}