{"host":"8ujkkqjs1cxoxabk","time":1610223698,"event":{"mods":["AchievementEnabler","Act Like it!","Aspiration","BaseMod","Beaked The Cultist","BetterRewards","Colored Map","Conspire","Custom Start","Downfall","Glutton Mod","Halation","Hallownest","Hubris","Infinite Spire","Jorbs\u0027s Wanderer Trilogy","Marisa????????","Minty Spire (QoL Compilation)","Replay The Spire","Shop Mod","StSLib","The Animator","The Bug Knight","The Construct","The Cursed","The Disciple","The Factory","The Hierophant","The Jungle","The Mystic","The Necromancer","The Servant 0.9.4","The Valiant"],"gold_per_floor":[117,192,192,7,22,22,56,75,75,95,111,111,131,148,148,148,148],"floor_reached":16,"playtime":1356,"items_purged":[],"score":104,"play_id":"89b9d3d5-65ee-4d2f-8268-48d6410b4946","local_time":"20210109132138","is_ascension_mode":false,"campfire_choices":[{"data":"Searing Blow","floor":6,"key":"SMITH"},{"data":"Armaments","floor":15,"key":"SMITH"}],"circlet_count":0,"master_deck":["Strike_R","Strike_R","Strike_R","Strike_R","Strike_R","Defend_R","Defend_R","Defend_R","Defend_R","Bash","Searing Blow+1","Iron Wave","Uppercut","Uppercut","Rupture","Sword Boomerang","Flame Barrier","Rage","Entrench","Feel No Pain","Armaments+1","Pommel Strike"],"relics":["sneckomod:SneckoSoul","HollowMod:PaleOreRelic","Paper Frog","Gremlin Horn","infinitespire:Cubic Diamond"],"acts_visited":["Exordium"],"potions_floor_usage":[10,11,14,16],"damage_taken":[{"damage":5,"enemies":"Small Slimes","floor":1,"turns":4},{"damage":6,"enemies":"Jaw Worm","floor":5,"turns":3},{"damage":31,"enemies":"Gremlin Nob","floor":7,"turns":5},{"damage":0,"enemies":"Cultist","floor":8,"turns":4},{"damage":0,"enemies":"Blue Slaver","floor":10,"turns":3},{"damage":12,"enemies":"Large Slime","floor":11,"turns":5},{"damage":7,"enemies":"Exordium Wildlife","floor":13,"turns":2},{"damage":10,"enemies":"3 Louse","floor":14,"turns":3},{"damage":78,"enemies":"Fading Forest","floor":16,"turns":10}],"seed_played":"3270281391248557224","potions_obtained":[{"floor":7,"key":"HeartOfIron"},{"floor":8,"key":"Strength Potion"},{"floor":11,"key":"BlessingOfTheForge"},{"floor":13,"key":"Energy Potion"}],"is_trial":false,"path_per_floor":["M","?","?","$","M","R","E","M","T","M","M","?","M","M","R","B"],"character_chosen":"IRONCLAD","items_purchased":["Iron Wave","Uppercut","Rupture"],"campfire_rested":0,"item_purchase_floors":[4,4,4],"current_hp_per_floor":[80,69,77,77,77,77,52,58,58,64,58,58,51,41,41,0,0],"gold":148,"neow_bonus":"RANDOM_COMMON_RELIC","is_daily":false,"chose_seed":false,"campfire_upgraded":2,"win_rate":0.0,"timestamp":1610223698,"path_taken":["M","?","?","?","M","R","E","M","T","?","M","?","M","M","R","BOSS"],"items_purchased_type":["Card","Card","Card"],"build_version":"2020-12-22","purchased_purges":0,"victory":false,"max_hp_per_floor":[80,80,80,80,80,80,80,80,80,80,80,80,80,80,80,80,80],"card_choices":[{"not_picked":["Wild Strike","Defy Death"],"picked":"Searing Blow","floor":1},{"not_picked":["hubris:SharpeningStone","Clothesline"],"picked":"Sword Boomerang","floor":5},{"not_picked":["Thunderclap","Evolve"],"picked":"Flame Barrier","floor":7},{"not_picked":["Power Through","Iron Wave"],"picked":"Rage","floor":8},{"not_picked":["Wild Strike","True Grit"],"picked":"Entrench","floor":10},{"not_picked":["conspire:ExplosiveBarrier","True Grit"],"picked":"Feel No Pain","floor":11},{"not_picked":["Rage","Wild Strike"],"picked":"Armaments","floor":13},{"not_picked":["Rage","Dual Wield"],"picked":"Pommel Strike","floor":14}],"player_experience":149969,"relics_obtained":[{"floor":7,"key":"Paper Frog"},{"floor":9,"key":"Gremlin Horn"}],"event_choices":[{"damage_healed":0,"gold_gain":75,"player_choice":"Gather Gold","damage_taken":11,"max_hp_gain":0,"max_hp_loss":0,"event_name":"World of Goop","floor":2,"gold_loss":0}],"is_beta":false,"boss_relics":[],"items_purged_floors":[],"is_endless":false,"potions_floor_spawned":[7,8,11,13],"killed_by":"Fading Forest","ascension_level":0}}