{"host":"mydft8i2zzydgggw","time":1610180190,"event":{"mods":["AchievementEnabler","BaseMod","BetterRewards","Colored Map","Colored Powertips","DeckTracker","Keyboard Shortcuts","Minty Spire (QoL Compilation)","Rare Cards Sparkle","StSLib","SuperFastMode","The Poker Player","everything is the same but u backflip on backflip"],"gold_per_floor":[111,60,135,149,99,130,130,130,130,144,166,198,198,225,225,323,323,337,436,148,157,181,181,225,225,276,309,329,357,357,374,374,374,374],"floor_reached":33,"playtime":782,"items_purged":["Strike_R"],"score":400,"play_id":"e8cb305d-55a4-4217-8f34-1a14a7e23ed6","local_time":"20210109171630","is_ascension_mode":true,"campfire_choices":[{"data":"Armaments","floor":8,"key":"SMITH"},{"data":"Body Slam","floor":13,"key":"SMITH"},{"floor":15,"key":"REST"},{"data":"Shrug It Off","floor":23,"key":"SMITH"},{"data":"Body Slam","floor":25,"key":"SMITH"},{"data":"Flame Barrier","floor":30,"key":"SMITH"},{"data":"Shrug It Off","floor":32,"key":"SMITH"}],"circlet_count":0,"master_deck":["Strike_R","Strike_R","Defend_R","Defend_R+1","Defend_R","Defend_R+1","Bash","Armaments+1","Body Slam+1","Evolve","Feed","Shrug It Off+1","Body Slam+1","Shrug It Off+1","Body Slam+1","Flame Barrier+1"],"relics":["Burning Blood","NeowsBlessing","Du-Vu Doll","Question Card","Odd Mushroom","War Paint","Nunchaku","Busted Crown","Membership Card","CeramicFish","Bottled Lightning","Toy Ornithopter","Bag of Preparation"],"acts_visited":["Exordium","TheCity"],"potions_floor_usage":[11,14,16,18,22,24,28],"damage_taken":[{"damage":0,"enemies":"2 Louse","floor":1,"turns":1},{"damage":0,"enemies":"Jaw Worm","floor":4,"turns":1},{"damage":0,"enemies":"Gremlin Nob","floor":6,"turns":1},{"damage":7,"enemies":"Small Slimes","floor":10,"turns":4},{"damage":14,"enemies":"The Mushroom Lair","floor":11,"turns":5},{"damage":34,"enemies":"Lagavulin","floor":12,"turns":8},{"damage":16,"enemies":"Gremlin Nob","floor":14,"turns":4},{"damage":35,"enemies":"The Guardian","floor":16,"turns":15},{"damage":12,"enemies":"3 Byrds","floor":18,"turns":8},{"damage":17,"enemies":"2 Thieves","floor":22,"turns":4},{"damage":21,"enemies":"Slavers","floor":24,"turns":7},{"damage":45,"enemies":"Gremlin Leader","floor":27,"turns":4},{"damage":4,"enemies":"3 Cultists","floor":28,"turns":5},{"damage":0,"enemies":"Shelled Parasite and Fungi","floor":29,"turns":3},{"damage":0,"enemies":"Snake Plant","floor":31,"turns":2},{"damage":80,"enemies":"Collector","floor":33,"turns":6}],"seed_played":"4769784302353850885","potions_obtained":[{"floor":6,"key":"Fire Potion"},{"floor":10,"key":"LiquidBronze"},{"floor":11,"key":"BloodPotion"},{"floor":14,"key":"Strength Potion"},{"floor":16,"key":"AttackPotion"},{"floor":18,"key":"BloodPotion"},{"floor":27,"key":"AttackPotion"}],"is_trial":false,"path_per_floor":["M","$","?","M","?","E","?","R","T","M","?","E","R","E","R","B",null,"M","?","$","?","M","R","E","R","T","E","M","M","R","M","R","B"],"character_chosen":"IRONCLAD","items_purchased":["Armaments","Membership Card","Shrug It Off","CeramicFish"],"campfire_rested":1,"item_purchase_floors":[2,20,20,20],"current_hp_per_floor":[80,80,69,75,75,80,73,73,73,72,64,36,36,26,50,37,80,77,77,77,77,70,70,76,76,76,37,48,57,57,66,66,0,0],"gold":374,"neow_bonus":"THREE_ENEMY_KILL","is_daily":false,"chose_seed":false,"campfire_upgraded":6,"win_rate":0.0,"timestamp":1610180190,"path_taken":["M","$","?","M","?","E","?","R","T","?","?","E","R","E","R","BOSS","M","?","$","?","?","R","E","R","T","E","M","M","R","M","R","BOSS"],"items_purchased_type":["Card","Relic","Card","Relic"],"build_version":"2020-12-22","purchased_purges":1,"victory":false,"max_hp_per_floor":[80,80,80,80,80,80,80,80,80,80,80,80,80,80,80,80,80,83,83,83,83,87,87,91,91,91,91,95,98,98,101,101,101,101],"card_choices":[{"not_picked":["True Grit","Dark Embrace","Flex"],"picked":"SKIP","floor":1},{"not_picked":["Rage","Intimidate","Thunderclap"],"picked":"SKIP","floor":4},{"not_picked":["Reaper","Iron Wave"],"picked":"Body Slam","floor":6},{"not_picked":["Sentinel","Pummel","Warcry","Twin Strike"],"picked":"SKIP","floor":10},{"not_picked":["Power Through","True Grit","Pummel"],"picked":"Evolve","floor":11},{"not_picked":["Blood for Blood","Anger","Flex","Sword Boomerang"],"picked":"SKIP","floor":12},{"not_picked":["Iron Wave","Twin Strike","Perfected Strike","Warcry"],"picked":"SKIP","floor":14},{"not_picked":["Bludgeon","Fiend Fire","Demon Form"],"picked":"Feed","floor":16},{"not_picked":["Havoc+1","Dark Embrace"],"picked":"SKIP","floor":18},{"not_picked":["Pommel Strike"],"picked":"Shrug It Off","floor":22},{"not_picked":["Iron Wave"],"picked":"Body Slam","floor":24},{"not_picked":["Dark Embrace","Reaper"],"picked":"SKIP","floor":27},{"not_picked":["Flex","Warcry+1"],"picked":"SKIP","floor":28},{"not_picked":["Headbutt"],"picked":"Flame Barrier","floor":29},{"not_picked":["Combust","Headbutt"],"picked":"SKIP","floor":31}],"player_experience":156406,"relics_obtained":[{"floor":6,"key":"Du-Vu Doll"},{"floor":9,"key":"Question Card"},{"floor":11,"key":"Odd Mushroom"},{"floor":12,"key":"War Paint"},{"floor":14,"key":"Nunchaku"},{"floor":24,"key":"Bottled Lightning"},{"floor":26,"key":"Toy Ornithopter"},{"floor":27,"key":"Bag of Preparation"}],"event_choices":[{"damage_healed":0,"gold_gain":75,"player_choice":"Gather Gold","damage_taken":11,"max_hp_gain":0,"max_hp_loss":0,"event_name":"World of Goop","floor":3,"gold_loss":0},{"cards_removed":["Strike_R"],"damage_healed":0,"gold_gain":0,"player_choice":"Card Removal","damage_taken":0,"max_hp_gain":0,"max_hp_loss":0,"event_name":"The Cleric","floor":5,"gold_loss":50},{"cards_removed":["Strike_R"],"damage_healed":0,"gold_gain":0,"player_choice":"Card Removal","damage_taken":7,"max_hp_gain":0,"max_hp_loss":0,"event_name":"Golden Wing","floor":7,"gold_loss":0},{"damage_healed":0,"gold_gain":0,"player_choice":"Fought Mushrooms","damage_taken":0,"max_hp_gain":0,"max_hp_loss":0,"event_name":"Mushrooms","floor":11,"gold_loss":0},{"damage_healed":0,"gold_gain":99,"player_choice":"Stole From Cult","damage_taken":0,"max_hp_gain":0,"max_hp_loss":0,"event_name":"Nest","floor":19,"gold_loss":0},{"damage_healed":0,"gold_gain":0,"player_choice":"Copied","damage_taken":0,"max_hp_gain":0,"max_hp_loss":0,"event_name":"Duplicator","floor":21,"gold_loss":0,"cards_obtained":["Body Slam"]}],"is_beta":false,"boss_relics":[{"not_picked":["Snecko Eye","SacredBark"],"picked":"Busted Crown"}],"items_purged_floors":[20],"is_endless":false,"potions_floor_spawned":[6,10,11,14,16,18,27],"killed_by":"Collector","ascension_level":3}}