{"host":"vjkx177ju3wjmzef","time":1610230743,"event":{"mods":["BaseMod","Block Reminder","Colored Map","Colored Powertips","DeckTracker","Googly Eyes","Highlight Path","Minty Spire (QoL Compilation)","Quick Restart","Random Character Button","Relic Stats","Replay The Spire","StSLib"],"gold_per_floor":[112,112,37,49,49,49,49,49,99,114,126,126,138,163,163,268,268,288,288,301,301,8,8,8,8,8,8,8,8,8,8],"floor_reached":30,"playtime":1764,"items_purged":["Strike_P"],"score":224,"play_id":"c3939727-47c6-43dd-b513-138b23659cae","local_time":"20210109161903","is_ascension_mode":false,"campfire_choices":[{"data":"JustLucky","floor":6.0,"key":"SMITH"},{"data":"Eruption","floor":8.0,"key":"SMITH"},{"data":"JustLucky","floor":12,"key":"SMITH"},{"data":"Devotion","floor":23,"key":"SMITH"},{"data":"FollowUp","floor":27,"key":"SMITH"}],"circlet_count":0,"master_deck":["Strike_P","Strike_P","Defend_P","Defend_P","Defend_P","Defend_P","Eruption+1","Vigilance","JustLucky+1","JustLucky+1","FollowUp+1","JustLucky","FlurryOfBlows","LikeWater+1","Devotion+1","Prostrate","Necronomicurse","FlurryOfBlows","LikeWater+1","Shame"],"relics":["PureWater","NeowsBlessing","CultistMask","Juzu Bracelet","Snack Pack","Philosopher\u0027s Stone","Necronomicon","ReplayTheSpireMod:TigerMarble","DollysMirror","Garlic","Bag of Preparation"],"acts_visited":["Exordium","TheCity"],"potions_floor_usage":[14,30],"damage_taken":[{"damage":0.0,"enemies":"Jaw Worm","floor":1.0,"turns":1.0},{"damage":0.0,"enemies":"Small Slimes","floor":4.0,"turns":1.0},{"damage":0.0,"enemies":"Cultist","floor":10.0,"turns":1.0},{"damage":4,"enemies":"Blue Slaver","floor":11,"turns":5},{"damage":3,"enemies":"Exordium Wildlife","floor":13,"turns":5},{"damage":29,"enemies":"3 Sentries","floor":14,"turns":10},{"damage":25,"enemies":"Fading Forest","floor":16,"turns":11},{"damage":0,"enemies":"Chosen","floor":18,"turns":5},{"damage":12,"enemies":"Spheric Guardian","floor":20,"turns":6},{"damage":73,"enemies":"Slavers","floor":30,"turns":4}],"seed_played":"-6203745737957023077","potions_obtained":[{"floor":1.0,"key":"Milkshake"},{"floor":10.0,"key":"FairyPotion"},{"floor":14,"key":"FearPotion"},{"floor":16,"key":"LiquidBronze"}],"is_trial":false,"path_per_floor":["M","?","$","M","?","R","?","R","T","M","M","R","M","E","R_BF","B",null,"M","?","M","?","$","R","$","?","T","R","?","?","E"],"character_chosen":"WATCHER","items_purchased":["ReplayTheSpireMod:TigerMarble","DollysMirror"],"campfire_rested":0,"item_purchase_floors":[22,22],"current_hp_per_floor":[72,72,72,72,72,72,72,72,72,72,68,68,65,36,57,49,72,72,56,46,33,33,33,33,33,33,33,33,33,0,0],"gold":8,"neow_bonus":"THREE_ENEMY_KILL","is_daily":false,"chose_seed":false,"campfire_upgraded":5,"win_rate":0.0,"timestamp":1610230743,"path_taken":["M","?","$","M","?","R","?","R","T","M","M","R","M","E","R_BF","BOSS","M","?","M","?","?","R","$","?","T","R","?","?","E"],"items_purchased_type":["Relic","Relic"],"build_version":"2020-12-22","purchased_purges":1,"victory":false,"max_hp_per_floor":[72,72,72,72,72,72,72,72,72,72,72,72,72,72,72,72,72,72,72,72,77,77,77,77,77,77,77,77,77,77,77],"relic_stats":{"counters":[10,49],"Juzu Bracelet":1,"Necronomicon":[0],"Bag of Preparation":[2],"obtain_stats":[{"NeowsBlessing":0,"DollysMirror":22,"Philosopher\u0027s Stone":17,"CultistMask":7,"Juzu Bracelet":9,"Snack Pack":14,"Necronomicon":19,"ReplayTheSpireMod:TigerMarble":22,"Garlic":25,"Bag of Preparation":26,"PureWater":0},{"NeowsBlessing":0,"DollysMirror":9,"Philosopher\u0027s Stone":7,"CultistMask":2,"Juzu Bracelet":2,"Snack Pack":6,"Necronomicon":8,"ReplayTheSpireMod:TigerMarble":9,"Garlic":9,"Bag of Preparation":9,"PureWater":0},{"NeowsBlessing":0,"DollysMirror":45,"Philosopher\u0027s Stone":34,"CultistMask":2,"Juzu Bracelet":2,"Snack Pack":23,"Necronomicon":39,"ReplayTheSpireMod:TigerMarble":45,"Garlic":45,"Bag of Preparation":45,"PureWater":0}]},"card_choices":[{"not_picked":["SignatureMove","Nirvana"],"picked":"JustLucky","floor":1.0},{"not_picked":["Protect","Replay:Battleflow"],"picked":"JustLucky","floor":4.0},{"not_picked":["BowlingBash","EmptyFist"],"picked":"FollowUp","floor":10.0},{"not_picked":["EmptyFist","Blasphemy"],"picked":"JustLucky","floor":11},{"not_picked":["Collect","Nirvana"],"picked":"FlurryOfBlows","floor":13},{"not_picked":["Establishment","BowlingBash"],"picked":"LikeWater","floor":14},{"not_picked":["MasterReality","Establishment"],"picked":"Devotion","floor":16},{"not_picked":["CarveReality","Replay:DivineShield+1"],"picked":"Prostrate","floor":18},{"not_picked":["Fasting2+1","Replay:Hum"],"picked":"FlurryOfBlows","floor":20}],"player_experience":158279,"relics_obtained":[{"floor":9.0,"key":"Juzu Bracelet"},{"floor":14,"key":"Snack Pack"},{"floor":19,"key":"Necronomicon"},{"floor":26,"key":"Bag of Preparation"}],"event_choices":[{"damage_healed":0.0,"max_hp_gain":0.0,"max_hp_loss":0.0,"gold_gain":0.0,"event_name":"The Cleric","player_choice":"Leave","floor":5.0,"gold_loss":0.0,"damage_taken":0.0},{"damage_healed":0.0,"max_hp_gain":0.0,"max_hp_loss":0.0,"gold_gain":0.0,"event_name":"FaceTrader","player_choice":"Trade","floor":7.0,"gold_loss":0.0,"damage_taken":0.0,"relics_obtained":["CultistMask"]},{"damage_healed":0,"gold_gain":0,"player_choice":"Obtained Book","damage_taken":16,"max_hp_gain":0,"max_hp_loss":0,"event_name":"Cursed Tome","floor":19,"gold_loss":0},{"damage_healed":0,"gold_gain":0,"player_choice":"Shed Blood","damage_taken":18,"max_hp_gain":5,"max_hp_loss":0,"event_name":"Forgotten Altar","floor":21,"gold_loss":0},{"damage_healed":0,"gold_gain":0,"player_choice":"Stole Relic","damage_taken":0,"relics_obtained":["Garlic"],"max_hp_gain":0,"max_hp_loss":0,"event_name":"Addict","floor":25,"gold_loss":0,"cards_obtained":["Shame"]},{"damage_healed":0,"gold_gain":0,"player_choice":"Ignored","damage_taken":0,"max_hp_gain":0,"max_hp_loss":0,"event_name":"Ghosts","floor":29,"gold_loss":0}],"is_beta":false,"boss_relics":[{"not_picked":["Replay:Drink Me","Cursed Key"],"picked":"Philosopher\u0027s Stone"}],"items_purged_floors":[3],"is_endless":false,"potions_floor_spawned":[1,10,14,16,20],"killed_by":"Slavers","ascension_level":0}}