{"host":"nptej036rrbiurf5","time":1610160558,"event":{"mods":["BaseMod","Colored Map","Colored Powertips","DeckTracker","Minty Spire (QoL Compilation)","StSLib","SuperFastMode"],"gold_per_floor":[118,118,135,210,43,69,34,34,59,85,101,101,113,125,125,199,199,215,140,158,158,58,58,75,75,75,75,75],"floor_reached":27,"playtime":588,"items_purged":["Strike_G","Strike_G"],"score":472,"play_id":"5e5d59e5-1130-4d86-bd0c-e5ddb40ae84f","local_time":"20210109114918","is_ascension_mode":true,"campfire_choices":[{"data":"Bouncing Flask","floor":12.0,"key":"SMITH"},{"data":"Leg Sweep","floor":15.0,"key":"SMITH"},{"data":"Night Terror","floor":23,"key":"SMITH"},{"data":"Tactician","floor":25,"key":"SMITH"}],"circlet_count":0,"master_deck":["AscendersBane","Strike_G","Strike_G","Strike_G","Defend_G","Defend_G","Defend_G","Defend_G","Defend_G","Survivor","Neutralize","Leg Sweep+1","Bouncing Flask+1","Tactician+1","Envenom","Dash","Night Terror+1"],"relics":["Ring of the Snake","NeowsBlessing","Pocketwatch","Akabeko","Dream Catcher","Odd Mushroom","Velvet Choker","Shuriken","Sundial"],"acts_visited":["Exordium","TheCity"],"potions_floor_usage":[18,18],"damage_taken":[{"damage":0.0,"enemies":"Jaw Worm","floor":1.0,"turns":1.0},{"damage":0.0,"enemies":"2 Louse","floor":3.0,"turns":1.0},{"damage":0.0,"enemies":"3 Sentries","floor":6.0,"turns":1.0},{"damage":18.0,"enemies":"The Mushroom Lair","floor":10.0,"turns":6.0},{"damage":2.0,"enemies":"Small Slimes","floor":11.0,"turns":3.0},{"damage":1.0,"enemies":"Blue Slaver","floor":13.0,"turns":3.0},{"damage":2.0,"enemies":"2 Fungi Beasts","floor":14.0,"turns":4.0},{"damage":10.0,"enemies":"Hexaghost","floor":16.0,"turns":10.0},{"damage":14,"enemies":"3 Byrds","floor":18,"turns":4},{"damage":3,"enemies":"Spheric Guardian","floor":20,"turns":4},{"damage":11,"enemies":"Shelled Parasite and Fungi","floor":24,"turns":6},{"damage":19,"enemies":"Cultist and Chosen","floor":27,"turns":5}],"seed_played":"-4946123123211652059","potions_obtained":[{"floor":6.0,"key":"Block Potion"},{"floor":11.0,"key":"AttackPotion"},{"floor":16.0,"key":"PowerPotion"},{"floor":18,"key":"SteroidPotion"}],"is_trial":false,"path_per_floor":["M","?","M","?","$","E","?","$","T","?","M","R","M","M","R","B",null,"M","$","M","?","$","R","M","R","T","M"],"character_chosen":"THE_SILENT","items_purchased":["Bouncing Flask","Tactician"],"campfire_rested":0,"item_purchase_floors":[5,5],"current_hp_per_floor":[59,41,41,30,30,30,46,46,46,28,26,26,25,23,23,13,53,39,39,36,36,36,36,25,25,25,6,6],"gold":75,"neow_bonus":"THREE_ENEMY_KILL","is_daily":false,"chose_seed":false,"campfire_upgraded":4,"win_rate":0.0,"timestamp":1610160558,"path_taken":["M","?","M","?","$","E","?","?","T","?","?","R","M","M","R","BOSS","M","$","M","?","?","R","M","R","T","M"],"items_purchased_type":["Card","Card"],"build_version":"2020-12-22","purchased_purges":2,"victory":false,"max_hp_per_floor":[66,66,66,66,66,66,66,66,66,66,66,66,66,66,66,66,66,66,66,66,66,66,66,66,66,66,66,66],"card_choices":[{"not_picked":["Dodge and Roll","PiercingWail"],"picked":"Leg Sweep","floor":1.0},{"not_picked":["Infinite Blades","Prepared","Underhanded Strike"],"picked":"SKIP","floor":3.0},{"not_picked":["Blade Dance","Dagger Throw"],"picked":"Envenom","floor":6.0},{"not_picked":["Flying Knee","Bane","Sucker Punch"],"picked":"SKIP","floor":11.0},{"not_picked":["Setup","Flying Knee"],"picked":"Dash","floor":13.0},{"not_picked":["Cloak And Dagger","Deflect","Sucker Punch"],"picked":"SKIP","floor":14.0},{"not_picked":["Storm of Steel","Adrenaline"],"picked":"Night Terror","floor":16.0},{"not_picked":["Underhanded Strike+1","Bouncing Flask","Setup"],"picked":"SKIP","floor":18},{"not_picked":["Heel Hook","Blade Dance","Bane"],"picked":"SKIP","floor":20},{"not_picked":["Poisoned Stab","Prepared","Dodge and Roll"],"picked":"SKIP","floor":24}],"player_experience":883231,"relics_obtained":[{"floor":6.0,"key":"Akabeko"},{"floor":9.0,"key":"Dream Catcher"},{"floor":10.0,"key":"Odd Mushroom"},{"floor":26,"key":"Sundial"}],"event_choices":[{"damage_healed":0.0,"max_hp_gain":0.0,"max_hp_loss":0.0,"gold_gain":0.0,"event_name":"Scrap Ooze","player_choice":"Success","floor":2.0,"gold_loss":0.0,"damage_taken":18.0,"relics_obtained":["Pocketwatch"]},{"damage_healed":0.0,"max_hp_gain":0.0,"max_hp_loss":0.0,"gold_gain":75.0,"event_name":"World of Goop","player_choice":"Gather Gold","floor":4.0,"gold_loss":0.0,"damage_taken":11.0},{"damage_healed":16.0,"max_hp_gain":0.0,"max_hp_loss":0.0,"gold_gain":0.0,"event_name":"The Cleric","player_choice":"Healed","floor":7.0,"gold_loss":35.0,"damage_taken":0.0},{"damage_healed":0.0,"max_hp_gain":0.0,"max_hp_loss":0.0,"gold_gain":0.0,"event_name":"Mushrooms","player_choice":"Fought Mushrooms","floor":10.0,"gold_loss":0.0,"damage_taken":0.0},{"damage_healed":0,"gold_gain":0,"player_choice":"Gave Potion","damage_taken":0,"relics_obtained":["Shuriken"],"max_hp_gain":0,"max_hp_loss":0,"event_name":"WeMeetAgain","floor":21,"gold_loss":0}],"is_beta":false,"boss_relics":[{"not_picked":["Black Star","SlaversCollar"],"picked":"Velvet Choker"}],"items_purged_floors":[19,22],"is_endless":false,"potions_floor_spawned":[6,11,16,18],"killed_by":"Cultist and Chosen","ascension_level":20}}