{"host":"qswkx8hggytna0kc","time":1610194913,"event":{"mods":["Aspiration","BaseMod","BetterRewards","Colored Map","Colored Powertips","Highlight Path","Hubris","Mimic Mod","Minty Spire (QoL Compilation)","MostiFishMod","Quick Restart","Replay The Spire","StSLib","SuperFastMode"],"gold_per_floor":[114,114,131,151,151,177,177,211,263,275,314,326,338,375,387,509,521,548,586,598,610,648,707,719,779,791,1428,1466,1478,884,921,921,1036,1036,1071,1100,1132,1132,1178,1825,1865,1926,1949,1985,2023,2062,1575,1643,1643,1679],"floor_reached":51,"playtime":2124,"items_purged":["Strike_B","Strike_B"],"score":2170,"play_id":"32980319-11e5-4813-89b0-b1e422098ccf","local_time":"20210109202153","is_ascension_mode":true,"campfire_choices":[{"data":"MostiFishMod:NightSea","floor":7,"key":"SMITH"},{"data":"MostiFishMod:Neptune","floor":12,"key":"SMITH"},{"data":"MostiFishMod:FantasySummer","floor":15,"key":"SMITH"},{"floor":24,"key":"REST"},{"floor":32,"key":"DIG"},{"floor":49,"key":"DIG"}],"circlet_count":0,"master_deck":["AscendersBane","Strike_B","Defend_B","Defend_B","Defend_B","Defend_B","Zap","Dualcast","Eruption","Neutralize","MostiFishMod:Neptune+1","MostiFishMod:TheEndOfMoonlight","MostiFishMod:SparklingWater+1","MostiFishMod:FantasySummer+1","MostiFishMod:NightSea+1","Gash","MostiFishMod:Culaccino","Gash","Aggregate","Seek","Genetic Algorithm","FTL","MostiFishMod:DeathFromBelow","MostiFishMod:FrostNova","MostiFishMod:WinterMarkForm","Genetic Algorithm","ReplayTheSpireMod:Reroute Power","MostiFishMod:InterfaceCompatibility","Gash","Rip and Tear+1","Echo Form","Redo+1","Turbo+1","Turbo","Beam Cell+1","Panic Button+1","Scrape","MostiFishMod:ButterFly","Go for the Eyes"],"relics":["Cracked Core","DaveBox","Replay:Towering Pillar of Hats","MoonlightInvasionPlan","SynthV:TestCard","hubris:Icosahedron","aspiration:ChemicalBlood","MawBank","Bag of Marbles","Pet Ghost","Replay:Bandana","FrostBlade","aspiration:RitualStick","Shovel","aspiration:HiddenCompartment","Garlic","Replay:Baseball","Durian","Gremlin Horn","aspiration:RandomNobGenerator","Centennial Puzzle","Eternal Feather","Blood Vial","Bag of Preparation","aspiration:Nostalgia","Sizzling Blood","hubris:SlimyHat","hubris:SphereOfDissonance","aspiration:FrozenJewel"],"acts_visited":["Exordium","TheCity","TheBeyond"],"potions_floor_usage":[22],"damage_taken":[{"damage":0,"enemies":"Jaw Worm","floor":1,"turns":1},{"damage":5,"enemies":"Small Slimes","floor":3,"turns":2},{"damage":0,"enemies":"2 Louse","floor":4,"turns":2},{"damage":0,"enemies":"Gremlin Nob","floor":6,"turns":1},{"damage":0,"enemies":"Lagavulin","floor":8,"turns":4},{"damage":0,"enemies":"Blue Slaver","floor":9,"turns":2},{"damage":20,"enemies":"3 Sentries","floor":11,"turns":5},{"damage":5,"enemies":"Lagavulin","floor":14,"turns":3},{"damage":9,"enemies":"The Guardian","floor":16,"turns":12},{"damage":0,"enemies":"Shell Parasite","floor":18,"turns":2},{"damage":3,"enemies":"Chosen","floor":19,"turns":3},{"damage":0,"enemies":"Snake Plant","floor":22,"turns":4},{"damage":11,"enemies":"Slavers","floor":23,"turns":5},{"damage":0,"enemies":"Gremlin Leader","floor":25,"turns":5},{"damage":4,"enemies":"Chosen and Byrds","floor":27,"turns":4},{"damage":0,"enemies":"Snecko","floor":28,"turns":2},{"damage":0,"enemies":"3 Cultists","floor":31,"turns":3},{"damage":12,"enemies":"Pondfish","floor":33,"turns":6},{"damage":0,"enemies":"3 Darklings","floor":35,"turns":2},{"damage":5,"enemies":"3 Shapes","floor":36,"turns":5},{"damage":0,"enemies":"3 Darklings","floor":37,"turns":2},{"damage":5,"enemies":"Sphere and 2 Shapes","floor":39,"turns":3},{"damage":0,"enemies":"R_Hoarder","floor":40,"turns":5},{"damage":0,"enemies":"Maw","floor":41,"turns":3},{"damage":0,"enemies":"Giant Head","floor":42,"turns":3},{"damage":8,"enemies":"Jaw Worm Horde","floor":44,"turns":3},{"damage":5,"enemies":"Writhing Mass","floor":45,"turns":2},{"damage":0,"enemies":"Nemesis","floor":46,"turns":1},{"damage":5,"enemies":"Giant Head","floor":48,"turns":3},{"damage":0,"enemies":"hubris:GrandSnecko","floor":50,"turns":4}],"seed_played":"-3892121037856572675","potions_obtained":[{"floor":6,"key":"Elixir"},{"floor":11,"key":"Fire Potion"},{"floor":46,"key":"Venom Potion"},{"floor":48,"key":"Adrenaline Potion"}],"is_trial":false,"path_per_floor":["M","?","M","M","?","E","R","E","MIM","?","E","R","$","E","R","B",null,"M","M","?","?","M","E","R","E","T","M","M","?","$","M","R","B",null,"M","M","M","?","M","E","M","E","T","M","M","E","$","E","R","B",null],"character_chosen":"DEFECT","items_purchased":["Replay:Baseball","Durian","DistilledChaos","aspiration:Nostalgia","hubris:SlimyHat","MostiFishMod:ButterFly"],"campfire_rested":1,"item_purchase_floors":[30,30,30,47,47,47],"current_hp_per_floor":[68,68,63,63,63,63,63,63,63,71,51,51,51,46,46,37,66,66,63,48,34,34,23,47,47,47,43,43,43,48,48,48,36,73,73,68,68,68,63,63,63,63,63,57,54,56,60,77,89,89],"gold":1679,"neow_bonus":"ONE_RARE_RELIC","is_daily":false,"chose_seed":false,"campfire_upgraded":3,"win_rate":0.0,"timestamp":1610194913,"path_taken":["M","?","M","M","?","E","R","E","MIM","?","E","R","?","E","R","BOSS","M","M","?","?","M","E","R","E","T","M","M","?","$","M","R","BOSS","M","M","M","?","M","E","M","E","T","M","M","E","$","E","R","BOSS"],"items_purchased_type":["Relic","Relic","Potion","Relic","Relic","Card"],"build_version":"2020-12-22","purchased_purges":2,"victory":true,"max_hp_per_floor":[75,75,75,75,75,75,75,75,75,75,75,75,75,75,75,75,75,75,75,75,80,80,80,80,80,80,80,80,80,85,85,85,85,85,85,85,85,85,85,85,85,85,85,85,85,85,89,89,89,89],"card_choices":[{"not_picked":["Leap","Go for the Eyes"],"picked":"Gash","floor":1},{"not_picked":["Auto Shields","Coolheaded","Turbo","Barrage"],"picked":"MostiFishMod:Culaccino","floor":3},{"not_picked":["MostiFishMod:ReprogramOld","Compile Driver","Static Discharge","Streamline"],"picked":"Gash","floor":4},{"not_picked":["Steam","Reprogram","Conserve Battery","Capacitor"],"picked":"Aggregate","floor":6},{"not_picked":["Self Repair","Sweeping Beam","Rip and Tear","Heatsinks"],"picked":"Seek","floor":8},{"not_picked":["Coolheaded","Skim","Recycle","Streamline"],"picked":"Genetic Algorithm","floor":9},{"not_picked":["Streamline","Stack","Heatsinks","Genetic Algorithm"],"picked":"FTL","floor":11},{"not_picked":["Streamline","Conserve Battery","Stack","Undo","Compile Driver"],"picked":"SKIP","floor":14},{"not_picked":["hubris:SpecializedCircuitry","MostiFishMod:Distribution","MostiFishMod:SeaWaves","Amplify"],"picked":"MostiFishMod:DeathFromBelow","floor":16},{"not_picked":["Barrage","Leap","Compile Driver","BasicCrystalCard","Panic Button"],"picked":"SKIP","floor":18},{"not_picked":["Conserve Battery","Ball Lightning+1","MostiFishMod:PushDownKick","Redo"],"picked":"Genetic Algorithm","floor":19},{"not_picked":["Static Discharge","Streamline","Darkness","Reprogram"],"picked":"ReplayTheSpireMod:Reroute Power","floor":22},{"not_picked":["hubris:PowerSurge","Barrage+1","Aggregate+1","Meteor Strike"],"picked":"MostiFishMod:InterfaceCompatibility","floor":23},{"not_picked":["Rebound+1","Genetic Algorithm+1","Chill","Panic Button"],"picked":"Gash","floor":25},{"not_picked":["Steam","Barrage","MostiFishMod:PushDownKick","ReplaySort","ReplaySolidLightProjector"],"picked":"SKIP","floor":27},{"not_picked":["Glacier","Streamline+1","Sweeping Beam","Hologram+1"],"picked":"Rip and Tear+1","floor":28},{"not_picked":["Conserve Battery+1","ReplayTheSpireMod:Repulse+1","Steam","Stack","Hologram+1"],"picked":"SKIP","floor":31},{"not_picked":["Electrodynamics","Buffer","MostiFishMod:SeaWaves","MostiFishMod:Hijack"],"picked":"Echo Form","floor":33},{"not_picked":["Leap","Ball Lightning","Barrage+1","Steam"],"picked":"Redo+1","floor":35},{"not_picked":["Lockon+1","Rip and Tear+1","Sweeping Beam+1","Rebound+1"],"picked":"Turbo+1","floor":36},{"not_picked":["Coolheaded","Conserve Battery","Undo","ReplaySort+1","Hologram"],"picked":"SKIP","floor":37},{"not_picked":["Coolheaded","Hologram+1","Steam+1","Auto Shields+1","BasicCrystalCard+1"],"picked":"SKIP","floor":39},{"not_picked":["MostiFishMod:GatherIntelligence+1","Redo","Multi-Cast","Reinforced Body","ReplayTheSpireMod:System Scan"],"picked":"SKIP","floor":40},{"not_picked":["Cold Snap","Steam","Melter","Tempest+1"],"picked":"Turbo","floor":41},{"not_picked":["hubris:Ukulele+1","Rebound","Ball Lightning+1","Rip and Tear"],"picked":"Beam Cell+1","floor":42},{"not_picked":["Chaos+1","Steam+1","Defragment+1","Capacitor+1"],"picked":"Panic Button+1","floor":44},{"not_picked":["Crystallizer","Streamline+1","Defragment+1","Barrage+1"],"picked":"Scrape","floor":45},{"not_picked":["Heatsinks+1","BasicCrystalCard","Cold Snap+1","Reprogram+1","Darkness+1"],"picked":"SKIP","floor":46},{"not_picked":["Genetic Algorithm+1","Sweeping Beam","ReplayTheSpireMod:Repulse","BasicCrystalCard"],"picked":"Go for the Eyes","floor":48}],"player_experience":262407,"relics_obtained":[{"floor":1,"key":"SynthV:TestCard"},{"floor":6,"key":"aspiration:ChemicalBlood"},{"floor":8,"key":"MawBank"},{"floor":9,"key":"Bag of Marbles"},{"floor":11,"key":"Pet Ghost"},{"floor":14,"key":"Replay:Bandana"},{"floor":23,"key":"Shovel"},{"floor":25,"key":"aspiration:HiddenCompartment"},{"floor":26,"key":"Garlic"},{"floor":32,"key":"Gremlin Horn"},{"floor":40,"key":"Centennial Puzzle"},{"floor":42,"key":"Eternal Feather"},{"floor":43,"key":"Blood Vial"},{"floor":46,"key":"Bag of Preparation"},{"floor":48,"key":"hubris:SphereOfDissonance"},{"floor":49,"key":"aspiration:FrozenJewel"}],"event_choices":[{"damage_healed":0,"gold_gain":0,"player_choice":"Shed Blood","damage_taken":19,"max_hp_gain":5,"max_hp_loss":0,"event_name":"Forgotten Altar","floor":21,"gold_loss":0},{"cards_removed":["Strike_B"],"damage_healed":0,"gold_gain":0,"player_choice":"Purged","damage_taken":0,"max_hp_gain":0,"max_hp_loss":0,"event_name":"Purifier","floor":29,"gold_loss":0}],"is_beta":false,"boss_relics":[{"not_picked":["aspiration:SecretTechniqueScroll","Pandora\u0027s Box"],"picked":"FrostBlade"},{"not_picked":["Replay:Ancient Bell","aspiration:RunicSpoon"],"picked":"aspiration:RandomNobGenerator"}],"items_purged_floors":[30,47],"is_endless":false,"potions_floor_spawned":[6,11,14,19,25,31,33,36,39,46,48],"ascension_level":11}}