{"host":"Qube","time":1610151309,"event":{"mods":["AchievementEnabler","BaseMod","Colored Map","Colored Powertips","Minty Spire (QoL Compilation)","Quick Restart","Random Character Button","StSLib"],"gold_per_floor":[114,125,125,125,150,150,181,181,181,181,202,233,313,333,333,424,424,445,445,461,386,59,59,82,121,121,184,184,184,199,259,259,259,259],"floor_reached":33,"playtime":1148,"items_purged":["Twin Strike"],"score":903,"play_id":"6a67161e-eca2-4e3d-b4b6-ae0b34753495","local_time":"20210108161509","is_ascension_mode":true,"campfire_choices":[{"floor":6.0,"key":"REST"},{"data":"Headbutt","floor":8.0,"key":"SMITH"},{"data":"Flex","floor":10.0,"key":"SMITH"},{"data":"Battle Trance","floor":15.0,"key":"SMITH"},{"floor":23.0,"key":"REST"},{"data":"Armaments","floor":32,"key":"SMITH"}],"circlet_count":0,"master_deck":["AscendersBane","Bash","Flex+1","Shrug It Off","Cleave","Headbutt+1","Whirlwind","Battle Trance+1","Fiend Fire","Bloodletting","Fiend Fire","Corruption","Iron Wave","Headbutt","Shockwave","Armaments","Pummel","Necronomicurse","HandOfGreed","Armaments+1","RitualDagger","Whirlwind"],"relics":["Busted Crown","Golden Idol","White Beast Statue","Eternal Feather","Darkstone Periapt","Boot","Ornamental Fan","Pandora\u0027s Box","Necronomicon","MealTicket","Bag of Preparation","Peace Pipe","Anchor"],"acts_visited":["Exordium","TheCity"],"potions_floor_usage":[33],"damage_taken":[{"damage":1.0,"enemies":"Cultist","floor":1.0,"turns":3.0},{"damage":12.0,"enemies":"Jaw Worm","floor":2.0,"turns":3.0},{"damage":3.0,"enemies":"2 Louse","floor":5.0,"turns":3.0},{"damage":12.0,"enemies":"3 Sentries","floor":7.0,"turns":5.0},{"damage":6.0,"enemies":"2 Fungi Beasts","floor":11.0,"turns":3.0},{"damage":0.0,"enemies":"Gremlin Nob","floor":12.0,"turns":3.0},{"damage":8.0,"enemies":"Gremlin Nob","floor":13.0,"turns":3.0},{"damage":0.0,"enemies":"Large Slime","floor":14.0,"turns":3.0},{"damage":7.0,"enemies":"Slime Boss","floor":16.0,"turns":7.0},{"damage":9.0,"enemies":"2 Thieves","floor":18.0,"turns":2.0},{"damage":16.0,"enemies":"Shell Parasite","floor":20.0,"turns":2.0},{"damage":0.0,"enemies":"Cultist and Chosen","floor":24.0,"turns":3.0},{"damage":0.0,"enemies":"Slavers","floor":25.0,"turns":1.0},{"damage":4.0,"enemies":"Book of Stabbing","floor":27.0,"turns":3.0},{"damage":0.0,"enemies":"Snake Plant","floor":30.0,"turns":1.0},{"damage":7,"enemies":"Gremlin Leader","floor":31,"turns":3},{"damage":36,"enemies":"Champ","floor":33,"turns":6}],"seed_played":"1726862699107220654","potions_obtained":[{"floor":5.0,"key":"ColorlessPotion"},{"floor":7.0,"key":"FearPotion"},{"floor":11.0,"key":"SpeedPotion"},{"floor":12.0,"key":"SteroidPotion"},{"floor":13.0,"key":"FearPotion"},{"floor":16.0,"key":"BlessingOfTheForge"},{"floor":18.0,"key":"Ancient Potion"},{"floor":20.0,"key":"Fire Potion"},{"floor":24.0,"key":"AttackPotion"},{"floor":25.0,"key":"ColorlessPotion"},{"floor":27.0,"key":"FairyPotion"},{"floor":30.0,"key":"GamblersBrew"}],"is_trial":false,"path_per_floor":["M","M","?","T","M","R","E","R","T","R","M","E","?","M","R","B",null,"M","?","M","?","$","R","M","E","T","E","?","?","M","E","R","B"],"character_chosen":"IRONCLAD","items_purchased":["HandOfGreed","Armaments"],"campfire_rested":2,"item_purchase_floors":[22,22],"current_hp_per_floor":[67,55,29,29,26,48,36,45,45,54,48,48,40,40,49,42,67,58,43,27,27,27,63,63,63,63,59,53,53,53,46,58,22,22],"gold":259,"neow_bonus":"BOSS_RELIC","is_daily":false,"chose_seed":false,"campfire_upgraded":4,"win_rate":0.0,"timestamp":1610151309,"path_taken":["M","?","?","?","M","R","E","R","T","R","M","E","?","M","R","BOSS","M","?","M","?","$","R","M","E","T","E","?","?","M","E","R","BOSS"],"items_purchased_type":["Card","Card"],"build_version":"2020-12-18","purchased_purges":1,"victory":false,"max_hp_per_floor":[75,75,75,75,75,75,75,75,75,75,75,75,75,75,75,75,75,75,81,81,81,81,81,81,81,81,81,81,81,81,81,81,81,81],"card_choices":[{"not_picked":[],"picked":"Flex","floor":1.0},{"not_picked":[],"picked":"Shrug It Off","floor":2.0},{"not_picked":[],"picked":"Cleave","floor":5.0},{"not_picked":[],"picked":"Headbutt","floor":7.0},{"not_picked":["Thunderclap"],"picked":"SKIP","floor":11.0},{"not_picked":[],"picked":"Whirlwind","floor":12.0},{"not_picked":[],"picked":"Battle Trance","floor":14.0},{"not_picked":[],"picked":"Fiend Fire","floor":16.0},{"not_picked":[],"picked":"Pummel","floor":18.0},{"not_picked":["Cleave"],"picked":"SKIP","floor":20.0},{"not_picked":["Headbutt"],"picked":"SKIP","floor":24.0},{"not_picked":["Fire Breathing"],"picked":"SKIP","floor":25.0},{"not_picked":["Dropkick"],"picked":"SKIP","floor":27.0},{"not_picked":["Cleave"],"picked":"SKIP","floor":30.0},{"not_picked":["Body Slam"],"picked":"SKIP","floor":31}],"player_experience":853329,"relics_obtained":[{"floor":4.0,"key":"White Beast Statue"},{"floor":7.0,"key":"Eternal Feather"},{"floor":9.0,"key":"Darkstone Periapt"},{"floor":12.0,"key":"Boot"},{"floor":13.0,"key":"Ornamental Fan"},{"floor":19.0,"key":"Necronomicon"},{"floor":25.0,"key":"MealTicket"},{"floor":26.0,"key":"Bag of Preparation"},{"floor":27.0,"key":"Peace Pipe"},{"floor":31,"key":"Anchor"}],"event_choices":[{"damage_healed":0.0,"max_hp_gain":0.0,"max_hp_loss":0.0,"gold_gain":0.0,"event_name":"Golden Idol","player_choice":"Take Damage","floor":3.0,"gold_loss":0.0,"damage_taken":26.0,"relics_obtained":["Golden Idol"]},{"damage_healed":0.0,"max_hp_gain":0.0,"max_hp_loss":0.0,"gold_gain":0.0,"event_name":"Dead Adventurer","player_choice":"Searched \u00271\u0027 times","floor":13.0,"gold_loss":0.0,"damage_taken":0.0},{"damage_healed":0.0,"max_hp_gain":0.0,"max_hp_loss":0.0,"gold_gain":0.0,"event_name":"Cursed Tome","player_choice":"Obtained Book","floor":19.0,"gold_loss":0.0,"damage_taken":21.0},{"cards_removed":["Evolve"],"damage_healed":0.0,"max_hp_gain":0.0,"max_hp_loss":0.0,"gold_gain":0.0,"event_name":"Beggar","player_choice":"Gave Gold","floor":21.0,"gold_loss":75.0,"damage_taken":0.0},{"damage_healed":0.0,"max_hp_gain":0.0,"max_hp_loss":0.0,"gold_gain":0.0,"event_name":"Nest","player_choice":"Joined the Cult","floor":28.0,"gold_loss":0.0,"damage_taken":6.0,"cards_obtained":["RitualDagger"]},{"damage_healed":0.0,"max_hp_gain":0.0,"max_hp_loss":0.0,"gold_gain":0.0,"event_name":"The Library","player_choice":"Read","floor":29.0,"gold_loss":0.0,"damage_taken":0.0,"cards_obtained":["Whirlwind"]}],"is_beta":true,"boss_relics":[{"not_picked":["Runic Cube","Fusion Hammer"],"picked":"Pandora\u0027s Box"}],"items_purged_floors":[22],"is_endless":false,"potions_floor_spawned":[5,7,11,12,13,14,16,18,20,24,25,27,30,31],"killed_by":"Champ","ascension_level":19}}