{"host":"c97twqu0op5dg8i4","time":1610166051,"event":{"mods":["BaseMod","Minty Spire (QoL Compilation)"],"gold_per_floor":[109,59,59,74,50,50,77,77,77,92,92,92,92,103,103,198,198,215,235,235,252,10,38,52,52,99,111,111,111,36,51,51,155,155,172,272,71,85,85,85,120,139,139,0,28,28,28],"floor_reached":46,"playtime":7272,"items_purged":["Strike_P"],"score":595,"play_id":"e3cf63f0-ae27-4fdb-9ce7-4090fc1b73fa","local_time":"20210108232051","is_ascension_mode":true,"campfire_choices":[{"data":"SandsOfTime","floor":6,"key":"SMITH"},{"data":"Apotheosis","floor":8,"key":"SMITH"},{"data":"Crescendo","floor":11,"key":"SMITH"},{"floor":15,"key":"REST"},{"floor":25,"key":"REST"},{"data":"Wish","floor":28,"key":"SMITH"},{"data":"Eruption","floor":32,"key":"SMITH"},{"floor":40,"key":"REST"}],"circlet_count":0,"master_deck":["Strike_P","Strike_P","Defend_P","Defend_P","Defend_P","Defend_P","Eruption+1","Vigilance","SandsOfTime+1","SashWhip","PathToVictory","CarveReality","Crescendo+1","MasterReality","Wish+1","SandsOfTime+1","FollowUp","CarveReality+1","Omniscience","Ragnarok","Protect","FollowUp"],"relics":["PureWater","Dead Branch","Matryoshka","Snecko Eye","Bottled Lightning","Singing Bowl","Ancient Tea Set","Juzu Bracelet","Fusion Hammer","Bag of Preparation","Ice Cream","Art of War","Toxic Egg 2","Red Mask","Lantern"],"acts_visited":["Exordium","TheCity","TheBeyond"],"potions_floor_usage":[16,24,33,33,42,42],"damage_taken":[{"damage":0,"enemies":"2 Louse","floor":1,"turns":1},{"damage":2,"enemies":"Small Slimes","floor":4,"turns":4},{"damage":12,"enemies":"Lagavulin","floor":7,"turns":4},{"damage":7,"enemies":"Jaw Worm","floor":10,"turns":2},{"damage":12,"enemies":"Exordium Thugs","floor":14,"turns":3},{"damage":44,"enemies":"Hexaghost","floor":16,"turns":7},{"damage":7,"enemies":"Chosen","floor":18,"turns":2},{"damage":0,"enemies":"Spheric Guardian","floor":19,"turns":3},{"damage":10,"enemies":"Snecko","floor":21,"turns":3},{"damage":20,"enemies":"Book of Stabbing","floor":23,"turns":4},{"damage":8,"enemies":"Centurion and Healer","floor":24,"turns":2},{"damage":4,"enemies":"3 Cultists","floor":27,"turns":3},{"damage":0,"enemies":"Shelled Parasite and Fungi","floor":31,"turns":2},{"damage":12,"enemies":"Collector","floor":33,"turns":3},{"damage":28,"enemies":"3 Shapes","floor":35,"turns":2},{"damage":0,"enemies":"3 Darklings","floor":38,"turns":2},{"damage":1,"enemies":"Reptomancer","floor":41,"turns":3},{"damage":53,"enemies":"Sphere and 2 Shapes","floor":42,"turns":4},{"damage":10,"enemies":"Nemesis","floor":45,"turns":3},{"damage":26,"enemies":"4 Shapes","floor":46,"turns":2}],"seed_played":"-763343940378690919","potions_obtained":[{"floor":1,"key":"SkillPotion"},{"floor":14,"key":"BlessingOfTheForge"},{"floor":23,"key":"ColorlessPotion"},{"floor":27,"key":"Weak Potion"},{"floor":31,"key":"Energy Potion"},{"floor":38,"key":"Fire Potion"},{"floor":41,"key":"EssenceOfSteel"},{"floor":45,"key":"Strength Potion"}],"is_trial":false,"path_per_floor":["M","?","?","M","$","R","E","R","T","M","R","?","$","M","R","B",null,"M","M","?","M","$","E","M","R","T","M","R","?","$","M","R","B",null,"M","?","$","M","?","R","E","M","T","?","E","M"],"character_chosen":"WATCHER","items_purchased":["PathToVictory","Bottled Lightning","Bag of Preparation","Protect"],"campfire_rested":3,"item_purchase_floors":[5,22,37,37],"current_hp_per_floor":[65,65,70,68,68,68,56,56,56,49,49,49,49,37,58,14,70,63,63,80,70,70,52,44,68,68,64,64,64,64,66,66,54,84,58,58,58,60,60,84,83,32,32,32,24,0,0],"gold":28,"neow_bonus":"RANDOM_COLORLESS_2","is_daily":false,"chose_seed":false,"campfire_upgraded":5,"win_rate":0.0,"timestamp":1610166051,"path_taken":["M","?","?","M","$","R","E","R","T","M","R","?","$","?","R","BOSS","M","M","?","?","$","E","M","R","T","M","R","?","$","M","R","BOSS","M","?","?","M","?","R","E","M","T","?","E","M"],"items_purchased_type":["Card","Relic","Relic","Card"],"build_version":"2020-12-22","purchased_purges":1,"victory":false,"max_hp_per_floor":[65,65,70,70,70,70,70,70,70,70,70,70,70,70,70,70,70,70,70,80,80,80,82,82,82,82,82,82,82,82,84,84,84,84,86,86,86,88,84,84,84,86,86,86,88,88,88],"card_choices":[{"not_picked":["Mayhem","Panache"],"picked":"Apotheosis","floor":0},{"not_picked":["Crescendo","ClearTheMind"],"picked":"SandsOfTime","floor":1},{"not_picked":["JustLucky","Sanctity"],"picked":"SashWhip","floor":4},{"not_picked":["CrushJoints","BowlingBash"],"picked":"CarveReality","floor":7},{"not_picked":["FollowUp","BowlingBash"],"picked":"Crescendo","floor":10},{"not_picked":["EmptyFist","Wallop"],"picked":"MasterReality","floor":14},{"not_picked":["MasterReality","Blasphemy"],"picked":"Wish","floor":16},{"not_picked":["Evaluate","SashWhip","JustLucky+1"],"picked":"SKIP","floor":18},{"not_picked":["Sanctity+1","SashWhip","EmptyFist+1"],"picked":"SKIP","floor":19},{"not_picked":["Evaluate","BowlingBash"],"picked":"SandsOfTime+1","floor":21},{"not_picked":["FlyingSleeves","Nirvana+1","ClearTheMind"],"picked":"Singing Bowl","floor":23},{"not_picked":["ThirdEye+1","Swivel"],"picked":"FollowUp","floor":24},{"not_picked":["CutThroughFate","MentalFortress"],"picked":"CarveReality+1","floor":27},{"not_picked":["WreathOfFlame","Weave+1","Wireheading+1"],"picked":"Singing Bowl","floor":31},{"not_picked":["Judgement","ConjureBlade"],"picked":"Ragnarok","floor":33},{"not_picked":["Consecrate+1","SashWhip","Prostrate"],"picked":"Singing Bowl","floor":35},{"not_picked":["Evaluate+1","WaveOfTheHand+1","Perseverance"],"picked":"Singing Bowl","floor":38},{"not_picked":["PathToVictory","FlurryOfBlows"],"picked":"FollowUp","floor":41},{"not_picked":["Omniscience","Wireheading+1","CrushJoints"],"picked":"Singing Bowl","floor":42},{"not_picked":["EmptyBody+1","Collect+1","Tantrum+1"],"picked":"Singing Bowl","floor":45}],"player_experience":249637,"relics_obtained":[{"floor":7,"key":"Dead Branch"},{"floor":9,"key":"Matryoshka"},{"floor":23,"key":"Singing Bowl"},{"floor":26,"key":"Ancient Tea Set"},{"floor":26,"key":"Juzu Bracelet"},{"floor":41,"key":"Ice Cream"},{"floor":43,"key":"Art of War"},{"floor":43,"key":"Toxic Egg 2"},{"floor":45,"key":"Lantern"}],"event_choices":[{"cards_removed":["Strike_P"],"damage_healed":0,"gold_gain":0,"player_choice":"Card Removal","damage_taken":0,"max_hp_gain":0,"max_hp_loss":0,"event_name":"The Cleric","floor":2,"gold_loss":50},{"damage_healed":0,"gold_gain":0,"player_choice":"Donut","damage_taken":0,"max_hp_gain":5,"max_hp_loss":0,"event_name":"Big Fish","floor":3,"gold_loss":0},{"damage_healed":0,"gold_gain":0,"player_choice":"Searched \u00270\u0027 times","damage_taken":0,"max_hp_gain":0,"max_hp_loss":0,"event_name":"Dead Adventurer","floor":12,"gold_loss":0},{"cards_removed":["Apotheosis"],"damage_healed":7,"gold_gain":0,"player_choice":"Offered Rare","damage_taken":0,"max_hp_gain":10,"max_hp_loss":0,"event_name":"Bonfire Elementals","floor":20,"gold_loss":0},{"damage_healed":0,"gold_gain":0,"player_choice":"Read","damage_taken":0,"max_hp_gain":0,"max_hp_loss":0,"event_name":"The Library","floor":29,"gold_loss":0,"cards_obtained":["Omniscience"]},{"damage_healed":0,"gold_gain":100,"player_choice":"Pray","damage_taken":0,"max_hp_gain":0,"max_hp_loss":0,"event_name":"Golden Shrine","floor":36,"gold_loss":0},{"damage_healed":0,"gold_gain":0,"player_choice":"Max HP","damage_taken":0,"max_hp_gain":0,"max_hp_loss":4,"event_name":"Winding Halls","floor":39,"gold_loss":0},{"damage_healed":0,"gold_gain":0,"player_choice":"Paid","damage_taken":0,"relics_obtained":["Red Mask"],"max_hp_gain":0,"max_hp_loss":0,"event_name":"Tomb of Lord Red Mask","floor":44,"gold_loss":139}],"is_beta":false,"boss_relics":[{"not_picked":["SlaversCollar","Astrolabe"],"picked":"Snecko Eye"},{"not_picked":["Coffee Dripper","Velvet Choker"],"picked":"Fusion Hammer"}],"items_purged_floors":[30],"is_endless":false,"potions_floor_spawned":[1,14,23,27,31,38,41,45],"killed_by":"4 Shapes","ascension_level":3}}