{"host":"ayh4nqhr0ddw4ozv","time":1610180950,"event":{"mods":["BaseMod","Minty Spire (QoL Compilation)","Relic Stats","Replay The Spire","Robot Space Explorer","StSLib"],"gold_per_floor":[112,128,140,140,140,168,168,185,185,185,202,202,230,247,247,321,321,339,354,370,381,392,392,427,427,476,476,490,490,524,200,200,200,200],"floor_reached":33,"playtime":2251,"items_purged":["Strike_R"],"score":576,"play_id":"c097231f-7934-4927-b011-6109f474f87b","local_time":"20210109002910","is_ascension_mode":true,"campfire_choices":[{"data":"Whirlwind","floor":10,"key":"SMITH"},{"data":"Hemokinesis","floor":12,"key":"SMITH"},{"floor":15,"key":"REST"},{"floor":23,"key":"REST"},{"floor":29,"key":"REST"},{"data":"Abandon","floor":32,"key":"SMITH"}],"circlet_count":0,"master_deck":["AscendersBane","Strike_R","Strike_R+1","Defend_R","Defend_R","Defend_R+1","Bash+1","Berserk+1","ReplayReversal+1","Iron Wave","Hemokinesis+1","Whirlwind+1","Brutality","Abandon+1","Fiend Fire","ReplayTheSpireMod:Stacked","Shrug It Off","Shrug It Off","Flex+1"],"relics":["Black Blood","War Paint","Replay:Bottled Flurry","Onion Ring","Art of War","Replay:Multitool","Omamori","InkBottle","Replay:Kaleidoscope","Medical Kit"],"acts_visited":["Exordium","TheCity"],"potions_floor_usage":[13,14,16,20,22,28,30,31,33,33],"damage_taken":[{"damage":4,"enemies":"Cultist","floor":1,"turns":3},{"damage":7,"enemies":"Jaw Worm","floor":2,"turns":3},{"damage":2,"enemies":"Small Slimes","floor":3,"turns":3},{"damage":20,"enemies":"Gremlin Nob","floor":6,"turns":4},{"damage":3,"enemies":"2 Fungi Beasts","floor":8,"turns":2},{"damage":11,"enemies":"Gremlin Gang","floor":11,"turns":2},{"damage":26,"enemies":"Lagavulin","floor":13,"turns":5},{"damage":21,"enemies":"Exordium Thugs","floor":14,"turns":4},{"damage":4,"enemies":"Slime Boss","floor":16,"turns":4},{"damage":20,"enemies":"2 Thieves","floor":18,"turns":4},{"damage":13,"enemies":"Spheric Guardian","floor":19,"turns":3},{"damage":3,"enemies":"Centurion and Healer","floor":20,"turns":5},{"damage":46,"enemies":"Snecko","floor":21,"turns":6},{"damage":19,"enemies":"Snake Plant","floor":22,"turns":4},{"damage":37,"enemies":"Replay:Snechameleon","floor":24,"turns":8},{"damage":6,"enemies":"Centurion and Healer","floor":28,"turns":7},{"damage":41,"enemies":"Gremlin Leader","floor":30,"turns":7},{"damage":37,"enemies":"Collector","floor":33,"turns":7}],"seed_played":"2060321957281077234","potions_obtained":[{"floor":2,"key":"PowerPotion"},{"floor":3,"key":"Milkshake"},{"floor":13,"key":"AttackPotion"},{"floor":14,"key":"Strength Potion"},{"floor":18,"key":"DuplicationPotion"},{"floor":21,"key":"LiquidBronze"},{"floor":24,"key":"LifebloodPotion"},{"floor":30,"key":"LifebloodPotion"}],"is_trial":false,"path_per_floor":["M","M","M","?","?","E","?","M","T","R","M","R","E","M","R","B",null,"M","M","M","M","M","R","E","T","T","?","M","R","E","$","R","B"],"character_chosen":"IRONCLAD","items_purchased":["Medical Kit","BloodPotion","Weak Potion"],"campfire_rested":3,"item_purchase_floors":[31,31,31],"current_hp_per_floor":[72,71,72,72,58,44,44,47,47,47,42,42,22,7,28,30,62,54,53,62,28,21,42,17,17,17,17,23,44,15,29,29,0,0],"gold":200,"neow_bonus":"TRANSFORM_TWO_CARDS","is_daily":false,"chose_seed":false,"campfire_upgraded":3,"win_rate":0.0,"timestamp":1610180950,"path_taken":["M","M","?","?","?","E","?","M","T","R","M","R","E","M","R","BOSS","M","M","?","M","M","R","E","?","T","?","M","R","E","$","R","BOSS"],"items_purchased_type":["Relic","Potion","Potion"],"build_version":"2020-12-22","purchased_purges":1,"victory":false,"max_hp_per_floor":[72,72,72,72,72,72,72,72,72,72,72,72,72,72,72,72,72,72,72,72,72,72,72,72,72,72,72,72,72,72,72,72,72,72],"relic_stats":{"counters":[18,81],"Black Blood":145,"Art of War":[3],"War Paint":["Defend_R","ReplayReversal"],"Medical Kit":[1],"obtain_stats":[{"Black Blood":17,"Onion Ring":13,"Replay:Bottled Flurry":9,"Art of War":24,"Replay:Multitool":25,"Omamori":26,"Replay:Kaleidoscope":30,"War Paint":6,"Medical Kit":31,"Burning Blood":0,"InkBottle":27},{"Black Blood":9,"Onion Ring":7,"Replay:Bottled Flurry":5,"Art of War":15,"Replay:Multitool":15,"Omamori":15,"Replay:Kaleidoscope":17,"War Paint":4,"Medical Kit":17,"Burning Blood":0,"InkBottle":15},{"Black Blood":30,"Onion Ring":22,"Replay:Bottled Flurry":15,"Art of War":60,"Replay:Multitool":60,"Omamori":60,"Replay:Kaleidoscope":74,"War Paint":13,"Medical Kit":74,"Burning Blood":0,"InkBottle":60}],"InkBottle":[5]},"card_choices":[{"not_picked":["Twin Strike","Evolve"],"picked":"Iron Wave","floor":1},{"not_picked":["Havoc","Thunderclap"],"picked":"Hemokinesis","floor":2},{"not_picked":["Anger","Rupture"],"picked":"Whirlwind","floor":3},{"not_picked":["Searing Blow","Flame Barrier"],"picked":"Brutality","floor":6},{"not_picked":["Defy Death","Armaments","Heavy Blade"],"picked":"SKIP","floor":8},{"not_picked":["Armaments","Headbutt","Thunderclap"],"picked":"SKIP","floor":11},{"not_picked":["ReplayTheSpireMod:Strike From Hell","Defy Death"],"picked":"Fiend Fire","floor":13},{"not_picked":["Flex","Clash","Armaments"],"picked":"SKIP","floor":14},{"not_picked":["Perfected Strike","Massacre+1","Dropkick"],"picked":"SKIP","floor":18},{"not_picked":["Perfected Strike","Massacre+1","Dropkick"],"picked":"SKIP","floor":18},{"not_picked":["Cleave","Headbutt","ReplayTheSpireMod:Strike From Hell"],"picked":"SKIP","floor":19},{"not_picked":["Heavy Blade","Cleave"],"picked":"ReplayTheSpireMod:Stacked","floor":20},{"not_picked":["Clash","Wild Strike+1"],"picked":"Shrug It Off","floor":21},{"not_picked":["True Grit","Run Through","Replay:Undeath\u0027s Touch"],"picked":"SKIP","floor":22},{"not_picked":["True Grit","Run Through","Replay:Undeath\u0027s Touch"],"picked":"SKIP","floor":22},{"not_picked":["Berserk","True Grit"],"picked":"Shrug It Off","floor":24},{"not_picked":["Wild Strike","Body Slam"],"picked":"Flex+1","floor":28},{"not_picked":["Headbutt","Heavy Blade","ReplayTheSpireMod:Strike From Hell"],"picked":"SKIP","floor":30}],"player_experience":315827,"relics_obtained":[{"floor":6,"key":"War Paint"},{"floor":9,"key":"Replay:Bottled Flurry"},{"floor":13,"key":"Onion Ring"},{"floor":24,"key":"Art of War"},{"floor":25,"key":"Replay:Multitool"},{"floor":26,"key":"Omamori"},{"floor":30,"key":"Replay:Kaleidoscope"}],"event_choices":[{"damage_healed":0,"gold_gain":0,"player_choice":"Entered Light","damage_taken":14,"max_hp_gain":0,"max_hp_loss":0,"event_name":"Shining Light","floor":5,"gold_loss":0,"cards_upgraded":["Strike_R","Bash"]},{"damage_healed":0,"gold_gain":0,"cards_transformed":["Strike_R"],"player_choice":"Transformed","damage_taken":0,"max_hp_gain":0,"max_hp_loss":0,"event_name":"Transmorgrifier","floor":7,"gold_loss":0,"cards_obtained":["Abandon"]},{"damage_healed":0,"gold_gain":0,"player_choice":"Stole Relic","damage_taken":0,"relics_obtained":["InkBottle"],"max_hp_gain":0,"max_hp_loss":0,"event_name":"Addict","floor":27,"gold_loss":0,"cards_obtained":["Shame"]}],"is_beta":false,"boss_relics":[{"not_picked":["Calling Bell","Black Star"],"picked":"Black Blood"}],"items_purged_floors":[31],"is_endless":false,"potions_floor_spawned":[2,3,13,14,18,21,24,30],"killed_by":"Collector","ascension_level":13}}