{"host":"k5ezbu40hxyit46v","time":1610220349,"event":{"mods":["Act Like it!","Aspiration","Astrologer","BaseMod","BetterRewards","Conspire","DeckTracker","Energized Spire","Gensokyo","Googly Eyes","Halation","HexUI Lib","Highlight Path","Hubris","Infinite Spire","Ironclad Rager","Jedi Mod","Mad Scientist","Marisa????????","Minty Spire (QoL Compilation)","Quarter Circle Forward PUNCH!","Quick Restart","Replay The Spire","Reworked Bosses","Shop Mod","Spikes Relics","StSLib","The Administrix","The Awakened One except there are too many feathers","The Bladedancer","The Cursed","The IronCluck","The Servant 0.9.4","The Wild Card","everything is the same but u backflip on backflip","slay the spire mod where everything is the same but ironclad has a cowboy hat","vexMod"],"gold_per_floor":[115,115,132,149,168,168,197,197,221,62,62,62,62,62,62,62,62,219,289,301,313,325,337,366,378,415,427,512,524,568,318,332,361,361,436,436,446,495,509,212,46,79,91,91,91,103,103,130,130,153,153,153,153],"floor_reached":54,"playtime":2748,"items_purged":["Strike_R","Strike_R"],"score":2696,"play_id":"5543d460-ce5c-435b-8065-53cbff74b7d7","local_time":"20210109142549","is_ascension_mode":true,"campfire_choices":[{"data":"Bash","floor":6.0,"key":"SMITH"},{"data":"jedi:forcepush","floor":8.0,"key":"SMITH"},{"floor":12.0,"key":"REST"},{"data":"Strike_R","floor":15.0,"key":"SMITH"},{"data":"hubris:StunningStrike","floor":25.0,"key":"SMITH"},{"data":"Defend_R","floor":27.0,"key":"SMITH"},{"data":"Defend_R","floor":29.0,"key":"SMITH"},{"floor":34.0,"key":"REST"},{"data":"Defend_R","floor":47.0,"key":"SMITH"},{"floor":51.0,"key":"REST"}],"circlet_count":0,"master_deck":["AscendersBane","Strike_R","Strike_R","Strike_R+1","Defend_R+1","Defend_R","Defend_R+1","Defend_R+1","Bash+1","jedi:forcepush+1","conspire:Banana+1","hubris:StunningStrike+1","infinitespire:UltimateForm+1","Twin Strike+1","hubris:DuctTapeCard"],"relics":["Burning Blood","vexMod:Cooldron","Eternal Feather","HandDrill","Frozen Egg 2","BargainBundle","hubris:SphereOfDissonance","King of Hearts","Lee\u0027s Waffle","jedi:leech","Pen Nib","jedi:ominousloannote","aspiration:Nostalgia","Iron Core","ClockworkSouvenir","MawBank","energizedSpire:NeverEndingSparkler","halation:Jellyphish","hubris:RunicObelisk","SpikesRelics:ToyHorsey","hubris:TinFlute","Ornamental Fan","Matryoshka","ReplayTheSpireMod:TigerMarble","conspire:SpecialSausage","InkBottle","ExplosiveVial","hubris:DuctTape","hubris:Backtick","Potion Belt","aspiration:TomeofQuesting","ReplayTheSpireMod:Shallot","GiantMaggot","hubris:Towel"],"acts_visited":["Gensokyo:Gensokyo","TheCity","TheBeyond"],"potions_floor_usage":[53,53,53,53,53,53,53],"damage_taken":[{"damage":9.0,"enemies":"Gensokyo:2_Kodama","floor":1.0,"turns":3.0},{"damage":0.0,"enemies":"Gensokyo:Python","floor":3.0,"turns":4.0},{"damage":7.0,"enemies":"Gensokyo:Gryphon","floor":4.0,"turns":4.0},{"damage":18.0,"enemies":"Gensokyo:LivingMonolith","floor":5.0,"turns":5.0},{"damage":33.0,"enemies":"Gensokyo:Cirno","floor":7.0,"turns":7.0},{"damage":46.0,"enemies":"Gensokyo:3_Kodama","floor":11.0,"turns":6.0},{"damage":54.0,"enemies":"Gensokyo:Reimu","floor":16.0,"turns":11.0},{"damage":24.0,"enemies":"Chosen","floor":18.0,"turns":7.0},{"damage":53.0,"enemies":"conspire:FuzzyDice","floor":19.0,"turns":10.0},{"damage":18.0,"enemies":"Sentry and Sphere","floor":24.0,"turns":6.0},{"damage":14.0,"enemies":"Book of Stabbing","floor":26.0,"turns":6.0},{"damage":23.0,"enemies":"Nightmare","floor":30.0,"turns":8.0},{"damage":0.0,"enemies":"conspire:HollyBat","floor":32.0,"turns":7.0},{"damage":38.0,"enemies":"Slavers","floor":33.0,"turns":5.0},{"damage":14.0,"enemies":"conspire:MysteriousRune","floor":35.0,"turns":7.0},{"damage":8.0,"enemies":"Orb Walker","floor":37.0,"turns":4.0},{"damage":0.0,"enemies":"conspire:MimicChest","floor":38.0,"turns":6.0},{"damage":25.0,"enemies":"3 Darklings","floor":39.0,"turns":7.0},{"damage":7.0,"enemies":"R_Hoarder","floor":42.0,"turns":11.0},{"damage":2.0,"enemies":"Maw","floor":43.0,"turns":6.0},{"damage":13.0,"enemies":"Transient","floor":46.0,"turns":6.0},{"damage":12.0,"enemies":"Reptomancer","floor":48.0,"turns":5.0},{"damage":64.0,"enemies":"Jaw Worm Horde","floor":50.0,"turns":5.0},{"damage":56.0,"enemies":"infinitespire:MassOfShapes","floor":52.0,"turns":10.0},{"damage":21,"enemies":"Time Eater","floor":53,"turns":6}],"seed_played":"5489174074560078666","potions_obtained":[{"floor":5.0,"key":"EntropicBrew"},{"floor":16.0,"key":"EntropicBrew"},{"floor":18.0,"key":"EntropicBrew"},{"floor":26.0,"key":"EntropicBrew"},{"floor":30.0,"key":"EntropicBrew"},{"floor":32.0,"key":"EntropicBrew"},{"floor":37.0,"key":"EntropicBrew"},{"floor":42.0,"key":"EntropicBrew"},{"floor":46.0,"key":"EntropicBrew"},{"floor":50.0,"key":"EntropicBrew"}],"is_trial":false,"path_per_floor":["M","?","M","M","M","R","E","R","T","COS","M","R","?","$","R","B",null,"M","M","?","PTL","PTL","AVR","M","R","E","R","T","R","NM","$","M","E","R","B",null,"M","?","M","$","$","E","M","E","T","M","R","E","?","M","R","B","B",null],"character_chosen":"IRONCLAD","items_purchased":["vexMod:Cooldron","Eternal Feather","HandDrill","Frozen Egg 2","jedi:forcepush","EntropicBrew","BargainBundle","conspire:Banana","Magnetism+1","hubris:SphereOfDissonance","King of Hearts","Lee\u0027s Waffle","Matryoshka","Magnetism+1","ExplosiveVial"],"campfire_rested":3,"item_purchase_floors":[0,0,0,0,0,0,0,0,0,0,0,0,31,40,41],"current_hp_per_floor":[80,80,85,86,76,82,57,63,63,63,25,61,57,57,66,20,76,79,53,53,53,53,53,43,52,46,55,55,64,51,51,59,29,70,64,99,99,107,90,90,90,116,121,121,121,124,131,127,127,71,120,72,74],"gold":153,"neow_bonus":"","is_daily":false,"chose_seed":false,"campfire_upgraded":7,"win_rate":0.0,"timestamp":1610220349,"path_taken":["M","?","?","M","M","R","E","R","T","COS","M","R","?","?","R","BOSS","M","?","?","PTL","PTL","AVR","?","R","E","R","T","R","NM","$","M","E","R","BOSS","M","?","M","$","$","E","M","E","T","M","R","E","?","?","R","BOSS","BOSS"],"items_purchased_type":["Relic","Relic","Relic","Relic","Card","Potion","Relic","Card","Card","Relic","Relic","Relic","Relic","Card","Relic"],"build_version":"2020-12-22","purchased_purges":2,"victory":true,"max_hp_per_floor":[83,83,85,87,89,89,91,91,91,91,93,93,93,93,93,95,95,97,99,99,99,99,99,101,101,103,103,103,103,105,105,107,109,109,111,111,113,115,117,117,117,119,121,121,121,131,131,133,133,135,135,137,139],"card_choices":[{"not_picked":["Warcry","hubris:ReadiedAction","Flex"],"picked":"SKIP","floor":1.0},{"not_picked":["True Grit","infinitespire:OneForAll","Flex"],"picked":"SKIP","floor":3.0},{"not_picked":["True Grit","Power Through","ReplayTheSpireMod:LeadingStrike"],"picked":"SKIP","floor":4.0},{"not_picked":["Wild Strike","Body Slam","Havoc"],"picked":"SKIP","floor":5.0},{"not_picked":["jedi:fear","Wild Strike","Heavy Blade"],"picked":"SKIP","floor":7.0},{"not_picked":["Clash","Firewall","Hologram"],"picked":"SKIP","floor":11.0},{"not_picked":["Firewall","Corruption+1"],"picked":"hubris:StunningStrike","floor":16.0},{"not_picked":["Body Slam","Pommel Strike","Pummel+1"],"picked":"SKIP","floor":18.0},{"not_picked":["conspire:Charge","Thunderclap","Twin Strike"],"picked":"SKIP","floor":19.0},{"not_picked":["hubris:SharpeningStone","ReplayReversal","Pummel"],"picked":"SKIP","floor":24.0},{"not_picked":["Twin Strike","jedi:suffering","Cleave"],"picked":"SKIP","floor":26.0},{"not_picked":["Firewall","ReplayTheSpireMod:Limb From Limb","jedi:hate"],"picked":"SKIP","floor":30.0},{"not_picked":["Turbo","jedi:controlledanger+1","Flex"],"picked":"SKIP","floor":32.0},{"not_picked":["ReplayTheSpireMod:Strike From Hell","Havoc"],"picked":"Twin Strike","floor":33.0},{"not_picked":["Life Link+1","ReplayTheSpireMod:Corrosion Curse","Wild Strike"],"picked":"SKIP","floor":37.0},{"not_picked":["Sever Soul+1","Battle Trance+1","Run Through"],"picked":"SKIP","floor":39.0},{"not_picked":["jedi:suffering+1","Twin Strike","Replay:Undeath\u0027s Touch"],"picked":"SKIP","floor":42.0},{"not_picked":["Headbutt","Warcry+1","jedi:fear"],"picked":"SKIP","floor":43.0},{"not_picked":["ReplayTheSpireMod:Muscle Training","Havoc+1","Gash"],"picked":"SKIP","floor":46.0},{"not_picked":["Thunderclap","Defragment+1","Gash+1"],"picked":"SKIP","floor":48.0},{"not_picked":["Cold Snap","WeaponsOverheat+1","Gash+1"],"picked":"SKIP","floor":50.0}],"player_experience":1236601,"relics_obtained":[{"floor":7.0,"key":"jedi:leech"},{"floor":9.0,"key":"Pen Nib"},{"floor":26.0,"key":"SpikesRelics:ToyHorsey"},{"floor":28.0,"key":"hubris:TinFlute"},{"floor":30.0,"key":"Ornamental Fan"},{"floor":33.0,"key":"ReplayTheSpireMod:TigerMarble"},{"floor":38.0,"key":"InkBottle"},{"floor":42.0,"key":"hubris:DuctTape"},{"floor":45.0,"key":"aspiration:TomeofQuesting"},{"floor":45.0,"key":"ReplayTheSpireMod:Shallot"},{"floor":48.0,"key":"GiantMaggot"}],"event_choices":[{"damage_healed":0.0,"max_hp_gain":0.0,"max_hp_loss":0.0,"gold_gain":0.0,"event_name":"conspire:Investor","player_choice":"Leave","floor":13.0,"gold_loss":0.0,"damage_taken":0.0}],"is_beta":false,"boss_relics":[{"not_picked":["Ring of Chaos","halation:CatFaceCupcake"],"picked":"energizedSpire:NeverEndingSparkler"},{"not_picked":["HailfireSword","hubris:ScarierMask"],"picked":"conspire:SpecialSausage"}],"items_purged_floors":[0,40],"is_endless":false,"potions_floor_spawned":[5,16,18,26,30,32,37,42,46,50],"ascension_level":20}}