{"host":"cs4mnqnj3e1ejebq","time":1610190038,"event":{"mods":["BaseMod","Hermit","Minty Spire (QoL Compilation)","StSLib","The Runesmith"],"gold_per_floor":[116,41,58,28,45,45,72,72,118,148,148,167,186,215,215,319,319,330,75,109,109,125,125,125,125,195,195,44,71,84,100,100,100,100],"floor_reached":33,"playtime":1256,"items_purged":["Strike_R","Strike_R"],"score":480,"play_id":"18df0f67-354a-41ad-a32b-64a96a4f8dad","local_time":"20210109200038","is_ascension_mode":true,"campfire_choices":[{"data":"Bash","floor":6,"key":"SMITH"},{"data":"Warcry","floor":8,"key":"SMITH"},{"data":"Heavy Blade","floor":15,"key":"SMITH"},{"data":"Heavy Blade","floor":23,"key":"SMITH"},{"floor":25,"key":"REST"},{"data":"Seeing Red","floor":27,"key":"SMITH"},{"data":"Rampage","floor":32,"key":"SMITH"}],"circlet_count":0,"master_deck":["Defend_R","Defend_R+1","Defend_R","Defend_R+1","Bash+1","Bludgeon","Warcry+1","Clash","Battle Trance","Spot Weakness","Heavy Blade+1","Heavy Blade+1","Flex","Flex","Feed","Pummel+1","Evolve+1","Cleave+1","Seeing Red+1","Warcry+1","Rampage+1","Seeing Red+1"],"relics":["Burning Blood","Toy Ornithopter","Strawberry","Omamori","Matryoshka","Odd Mushroom","Astrolabe","Bag of Marbles","Red Mask","Smiling Mask","Frozen Egg 2","War Paint","Eternal Feather"],"acts_visited":["Exordium","TheCity"],"potions_floor_usage":[7,10,10,14,16,20,22,24,29,33],"damage_taken":[{"damage":1,"enemies":"Cultist","floor":1,"turns":3},{"damage":2,"enemies":"Jaw Worm","floor":3,"turns":3},{"damage":1,"enemies":"Small Slimes","floor":5,"turns":3},{"damage":10,"enemies":"3 Sentries","floor":7,"turns":6},{"damage":0,"enemies":"Gremlin Nob","floor":10,"turns":1},{"damage":9,"enemies":"Red Slaver","floor":12,"turns":4},{"damage":1,"enemies":"Exordium Wildlife","floor":13,"turns":3},{"damage":15,"enemies":"The Mushroom Lair","floor":14,"turns":3},{"damage":84,"enemies":"The Guardian","floor":16,"turns":11},{"damage":1,"enemies":"Spheric Guardian","floor":18,"turns":3},{"damage":51,"enemies":"Masked Bandits","floor":20,"turns":5},{"damage":35,"enemies":"3 Byrds","floor":22,"turns":5},{"damage":7,"enemies":"3 Cultists","floor":24,"turns":3},{"damage":0,"enemies":"Gremlin Leader","floor":29,"turns":8},{"damage":12,"enemies":"Cultist and Chosen","floor":30,"turns":4},{"damage":1,"enemies":"Shelled Parasite and Fungi","floor":31,"turns":3},{"damage":91,"enemies":"Collector","floor":33,"turns":6}],"seed_played":"-171023988556067978","potions_obtained":[{"floor":4,"key":"GamblersBrew"},{"floor":4,"key":"SmokeBomb"},{"floor":5,"key":"Explosive Potion"},{"floor":7,"key":"DistilledChaos"},{"floor":12,"key":"SpeedPotion"},{"floor":13,"key":"LiquidMemories"},{"floor":16,"key":"Block Potion"},{"floor":20,"key":"Energy Potion"},{"floor":22,"key":"FearPotion"},{"floor":30,"key":"Dexterity Potion"}],"is_trial":false,"path_per_floor":["M","$","M","?","M","R","E","R","T","E","T","M","M","?","R","B",null,"M","$","?","?","M","R","M","R","T","R","$","E","M","M","R","B"],"character_chosen":"IRONCLAD","items_purchased":["Bag of Marbles","War Paint"],"campfire_rested":1,"item_purchase_floors":[19,28],"current_hp_per_floor":[77,77,80,80,80,80,76,76,83,87,87,84,87,83,83,10,68,73,73,36,36,12,12,19,46,46,46,46,57,54,62,74,0,0],"gold":100,"neow_bonus":"ONE_RANDOM_RARE_CARD","is_daily":false,"chose_seed":false,"campfire_upgraded":6,"win_rate":0.0,"timestamp":1610190038,"path_taken":["M","$","M","?","?","R","E","R","T","E","?","M","M","?","R","BOSS","M","$","?","?","?","R","M","R","T","R","?","E","M","M","R","BOSS"],"items_purchased_type":["Relic","Relic"],"build_version":"2020-12-22","purchased_purges":2,"victory":false,"max_hp_per_floor":[80,80,80,80,80,80,80,80,87,87,87,87,87,87,87,87,87,87,87,90,90,90,90,93,93,93,93,93,93,96,99,99,99,99],"card_choices":[{"not_picked":["Sword Boomerang","Perfected Strike"],"picked":"Warcry","floor":1},{"not_picked":["Hemokinesis","Iron Wave"],"picked":"Clash","floor":3},{"not_picked":["Evolve","Hemokinesis"],"picked":"Battle Trance","floor":5},{"not_picked":["Armaments","Flame Barrier"],"picked":"Spot Weakness","floor":7},{"not_picked":["Feel No Pain","Twin Strike"],"picked":"Heavy Blade","floor":10},{"not_picked":["Headbutt","Sword Boomerang"],"picked":"Heavy Blade","floor":12},{"not_picked":["Burning Pact","Heavy Blade"],"picked":"Flex","floor":13},{"not_picked":["Armaments","Evolve"],"picked":"Flex","floor":14},{"not_picked":["Offering","Corruption"],"picked":"Feed","floor":16},{"not_picked":["Armaments","Clash"],"picked":"Seeing Red","floor":18},{"not_picked":["Reckless Charge+1","Shockwave"],"picked":"Warcry+1","floor":20},{"not_picked":["Dropkick","Carnage","Armaments"],"picked":"SKIP","floor":22},{"not_picked":["Clash+1","Spot Weakness"],"picked":"Rampage","floor":29},{"not_picked":["Armaments","Anger"],"picked":"Seeing Red+1","floor":30},{"not_picked":["Infernal Blade","Cleave","Thunderclap"],"picked":"SKIP","floor":31}],"player_experience":211959,"relics_obtained":[{"floor":7,"key":"Toy Ornithopter"},{"floor":9,"key":"Strawberry"},{"floor":10,"key":"Omamori"},{"floor":11,"key":"Matryoshka"},{"floor":14,"key":"Odd Mushroom"},{"floor":20,"key":"Red Mask"},{"floor":26,"key":"Smiling Mask"},{"floor":26,"key":"Frozen Egg 2"},{"floor":29,"key":"Eternal Feather"}],"event_choices":[{"damage_healed":0,"gold_gain":0,"player_choice":"Bought 2 Potions","damage_taken":0,"max_hp_gain":0,"max_hp_loss":0,"event_name":"The Woman in Blue","floor":4,"gold_loss":0},{"damage_healed":0,"gold_gain":0,"player_choice":"Fought Mushrooms","damage_taken":0,"max_hp_gain":0,"max_hp_loss":0,"event_name":"Mushrooms","floor":14,"gold_loss":0},{"damage_healed":0,"gold_gain":0,"player_choice":"Fought Bandits","damage_taken":0,"max_hp_gain":0,"max_hp_loss":0,"event_name":"Masked Bandits","floor":20,"gold_loss":0},{"damage_healed":0,"gold_gain":0,"player_choice":"Ignored","damage_taken":0,"max_hp_gain":0,"max_hp_loss":0,"event_name":"N\u0027loth","floor":21,"gold_loss":0}],"is_beta":false,"boss_relics":[{"not_picked":["Runic Pyramid","Fusion Hammer"],"picked":"Astrolabe"}],"items_purged_floors":[2,19],"is_endless":false,"potions_floor_spawned":[5,7,12,13,16,20,22,30],"killed_by":"Collector","ascension_level":8}}