{"host":"9v3x998ddbx8o276","time":1610168315,"event":{"mods":["AchievementEnabler","BaseMod","Colored Map","Colored Powertips","Highlight Path","Minty Spire (QoL Compilation)","Quick Restart","Rare Cards Sparkle"],"gold_per_floor":[117,136,101,119,129,157,157,167,191,191,65,85,136,172,172,262,325,341,28,28,48,48,48,62,62,87,87,130,130,130],"floor_reached":29,"playtime":800,"items_purged":["Strike_G"],"score":506,"play_id":"8a2ef5d7-48b0-40d3-b80e-bf5591a7f06f","local_time":"20210109152835","is_ascension_mode":true,"campfire_choices":[{"data":"Bouncing Flask","floor":7.0,"key":"SMITH"},{"floor":15.0,"key":"REST"},{"floor":23.0,"key":"REST"},{"floor":25.0,"key":"REST"},{"data":"Catalyst","floor":27.0,"key":"SMITH"}],"circlet_count":0,"master_deck":["AscendersBane","Strike_G+1","Strike_G","Strike_G","Strike_G","Defend_G","Defend_G","Defend_G","Defend_G","Defend_G","Survivor","Neutralize","Poisoned Stab","Dagger Throw+1","Dagger Spray+1","Dagger Spray","Bouncing Flask+1","Catalyst+1","Noxious Fumes+1","Blur","Footwork+1","Slice","Bullet Time","Flechettes","Bouncing Flask+1","Crippling Poison","PanicButton","Noxious Fumes+1","Shame","Backflip","Blur","Leg Sweep"],"relics":["Sozu","Frozen Egg 2","Whetstone","Golden Idol","MealTicket","Tiny House","Smiling Mask","Strawberry","The Courier"],"acts_visited":["Exordium","TheCity"],"potions_floor_usage":[],"damage_taken":[{"damage":0.0,"enemies":"2 Louse","floor":1.0,"turns":4.0},{"damage":6.0,"enemies":"Small Slimes","floor":2.0,"turns":5.0},{"damage":2.0,"enemies":"Jaw Worm","floor":4.0,"turns":4.0},{"damage":3.0,"enemies":"Blue Slaver","floor":5.0,"turns":3.0},{"damage":21.0,"enemies":"Gremlin Nob","floor":6.0,"turns":4.0},{"damage":7.0,"enemies":"Exordium Wildlife","floor":8.0,"turns":4.0},{"damage":0.0,"enemies":"Large Slime","floor":12.0,"turns":5.0},{"damage":21.0,"enemies":"Lagavulin","floor":14.0,"turns":6.0},{"damage":17.0,"enemies":"The Guardian","floor":16.0,"turns":8.0},{"damage":23.0,"enemies":"2 Thieves","floor":18.0,"turns":5.0},{"damage":23.0,"enemies":"Shell Parasite","floor":21.0,"turns":5.0},{"damage":12.0,"enemies":"Snake Plant","floor":24.0,"turns":4.0},{"damage":50,"enemies":"Slavers","floor":28,"turns":4},{"damage":2,"enemies":"Snecko","floor":29,"turns":3}],"seed_played":"-8223708418236517203","potions_obtained":[],"is_trial":false,"path_per_floor":["M","M","?","M","M","E","R","M","T","?","$","M","?","E","R","B",null,"M","$","?","M","?","R","M","R","T","R","E","M"],"character_chosen":"THE_SILENT","items_purchased":["Noxious Fumes+1","Blur","Crippling Poison","PanicButton","Noxious Fumes+1"],"campfire_rested":3,"item_purchase_floors":[11,11,19,19,19],"current_hp_per_floor":[59,53,66,64,61,40,40,33,33,33,33,33,33,12,30,13,53,30,45,45,22,22,41,29,48,55,55,5,3,3],"gold":130,"neow_bonus":"BOSS_RELIC","is_daily":false,"chose_seed":false,"campfire_upgraded":2,"win_rate":0.0,"timestamp":1610168315,"path_taken":["M","M","?","M","M","E","R","M","T","?","$","M","?","E","R","BOSS","M","$","?","M","?","R","M","R","T","R","E","M"],"items_purchased_type":["Card","Card","Card","Card","Card"],"build_version":"2020-12-22","purchased_purges":1,"victory":false,"max_hp_per_floor":[66,66,66,66,66,66,66,66,66,60,60,60,60,60,60,60,65,65,65,65,65,65,65,65,65,72,72,72,72,72],"card_choices":[{"not_picked":["PiercingWail","Deflect"],"picked":"Poisoned Stab","floor":1.0},{"not_picked":["Bane","Sucker Punch"],"picked":"Dagger Throw","floor":2.0},{"not_picked":["Deadly Poison","Eviscerate"],"picked":"Dagger Spray","floor":4.0},{"not_picked":["Prepared","Flying Knee"],"picked":"Dagger Spray","floor":5.0},{"not_picked":["Masterful Stab","Endless Agony"],"picked":"Bouncing Flask","floor":6.0},{"not_picked":["Distraction","Deflect"],"picked":"Catalyst","floor":8.0},{"not_picked":["Quick Slash","Die Die Die"],"picked":"Footwork+1","floor":12.0},{"not_picked":["All Out Attack","Flying Knee"],"picked":"Slice","floor":14.0},{"not_picked":["Doppelganger","Glass Knife"],"picked":"Bullet Time","floor":16.0},{"not_picked":["Bane","Slice"],"picked":"Flechettes","floor":17.0},{"not_picked":["Backflip","Deadly Poison"],"picked":"Bouncing Flask+1","floor":18.0},{"not_picked":["Poisoned Stab","Eviscerate"],"picked":"Backflip","floor":21.0},{"not_picked":["Quick Slash+1","Deflect"],"picked":"Blur","floor":24.0},{"not_picked":["Sucker Punch","Dodge and Roll"],"picked":"Leg Sweep","floor":28}],"player_experience":1635718,"relics_obtained":[{"floor":6.0,"key":"Frozen Egg 2"},{"floor":9.0,"key":"Whetstone"},{"floor":14.0,"key":"MealTicket"},{"floor":26.0,"key":"Strawberry"},{"floor":28,"key":"The Courier"}],"event_choices":[{"damage_healed":16.0,"max_hp_gain":0.0,"max_hp_loss":0.0,"gold_gain":0.0,"event_name":"The Cleric","player_choice":"Healed","floor":3.0,"gold_loss":35.0,"damage_taken":0.0},{"damage_healed":0.0,"max_hp_gain":0.0,"max_hp_loss":6.0,"gold_gain":0.0,"event_name":"Golden Idol","player_choice":"Lose Max HP","floor":10.0,"gold_loss":0.0,"damage_taken":0.0,"relics_obtained":["Golden Idol"]},{"damage_healed":0.0,"max_hp_gain":0.0,"max_hp_loss":0.0,"gold_gain":51.0,"event_name":"Golden Wing","player_choice":"Gained Gold","floor":13.0,"gold_loss":0.0,"damage_taken":0.0},{"damage_healed":0.0,"max_hp_gain":0.0,"max_hp_loss":0.0,"gold_gain":0.0,"event_name":"Addict","player_choice":"Stole Relic","floor":20.0,"gold_loss":0.0,"damage_taken":0.0,"relics_obtained":["Smiling Mask"],"cards_obtained":["Shame"]},{"damage_healed":0.0,"max_hp_gain":0.0,"max_hp_loss":0.0,"gold_gain":0.0,"event_name":"Vampires","player_choice":"Ignored","floor":22.0,"gold_loss":0.0,"damage_taken":0.0}],"is_beta":false,"boss_relics":[{"not_picked":["SacredBark","Coffee Dripper"],"picked":"Tiny House"}],"items_purged_floors":[19],"is_endless":false,"potions_floor_spawned":[8,12,14,16,18,21],"killed_by":"Snecko","ascension_level":20}}