{"host":"kjehzzhcyp0nyrrl","time":1610205056,"event":{"mods":["AchievementEnabler","BaseMod","Custom Start","Hermit","Keyboard Shortcuts","Koishi","Minty Spire (QoL Compilation)","StSLib","SuperFastMode","The Dragon Tamer","The Hierophant","everything is the same but u backflip on backflip"],"gold_per_floor":[116,129,54,129,129,129,141,141,166,25,39,58,58,77,77,177,177,177],"floor_reached":17,"playtime":422,"items_purged":["CutThroughFate"],"score":147,"play_id":"6870949e-0842-41ee-a2c5-973bb990286e","local_time":"20210110001056","daily_mods":["SealedDeck","Heirloom","DeadlyEvents"],"is_ascension_mode":false,"campfire_choices":[{"data":"MentalFortress","floor":6,"key":"SMITH"},{"data":"EmptyMind","floor":8,"key":"SMITH"},{"data":"Meditate","floor":13,"key":"SMITH"},{"data":"Evaluate","floor":15,"key":"SMITH"}],"circlet_count":0,"master_deck":["ForeignInfluence+1","ClearTheMind","Crescendo","CutThroughFate+1","EmptyFist","EmptyBody+1","FlurryOfBlows","MentalFortress+1","EmptyMind+1","FlurryOfBlows","Meditate+1","Ragnarok+1","LessonLearned","Evaluate+1","Scrawl"],"relics":["PureWater","StoneCalendar","War Paint","Busted Crown"],"acts_visited":["Exordium","TheCity"],"potions_floor_usage":[],"damage_taken":[{"damage":0,"enemies":"Cultist","floor":1,"turns":2},{"damage":7,"enemies":"Jaw Worm","floor":2,"turns":3},{"damage":0,"enemies":"Small Slimes","floor":7,"turns":1},{"damage":2,"enemies":"Blue Slaver","floor":11,"turns":2},{"damage":0,"enemies":"Looter","floor":12,"turns":2},{"damage":0,"enemies":"2 Fungi Beasts","floor":14,"turns":2},{"damage":32,"enemies":"The Guardian","floor":16,"turns":9}],"seed_played":"-4391207571368888874","potions_obtained":[{"floor":1,"key":"SkillPotion"},{"floor":2,"key":"Weak Potion"},{"floor":16,"key":"SkillPotion"}],"is_trial":true,"path_per_floor":["M","M","$","?","$","R","M","R","T","$","M","M","R","M","R","B",null],"character_chosen":"WATCHER","items_purchased":["Meditate","Ragnarok"],"campfire_rested":0,"item_purchase_floors":[10,10],"current_hp_per_floor":[72,65,65,54,54,54,54,54,54,54,52,52,52,52,52,20,72,72],"gold":177,"neow_bonus":"","is_daily":false,"chose_seed":false,"campfire_upgraded":4,"win_rate":0.0,"timestamp":1610205056,"path_taken":["M","M","$","?","$","R","M","R","T","$","M","?","R","M","R","BOSS"],"items_purchased_type":["Card","Card"],"build_version":"2020-12-22","purchased_purges":1,"victory":false,"max_hp_per_floor":[72,72,72,72,72,72,72,72,72,72,72,72,72,72,72,72,72,72],"card_choices":[{"not_picked":["FollowUp","Prostrate","EmptyBody"],"picked":"SKIP","floor":1},{"not_picked":["Sanctity","Consecrate"],"picked":"FlurryOfBlows","floor":2},{"not_picked":["FlurryOfBlows","Consecrate","Prostrate"],"picked":"SKIP","floor":7},{"not_picked":["FlurryOfBlows","Consecrate","Prostrate"],"picked":"SKIP","floor":7},{"not_picked":["Prostrate","FollowUp","EmptyFist"],"picked":"SKIP","floor":11},{"not_picked":["PathToVictory","JustLucky"],"picked":"LessonLearned","floor":12},{"not_picked":["LikeWater","CrushJoints"],"picked":"Evaluate","floor":14},{"not_picked":["Judgement","LessonLearned"],"picked":"Scrawl","floor":16}],"player_experience":393546,"relics_obtained":[{"floor":9,"key":"War Paint"}],"event_choices":[{"damage_healed":0,"gold_gain":75,"player_choice":"Gather Gold","damage_taken":11,"max_hp_gain":0,"max_hp_loss":0,"event_name":"World of Goop","floor":4,"gold_loss":0}],"is_beta":false,"boss_relics":[{"not_picked":["Astrolabe","Fusion Hammer"],"picked":"Busted Crown"}],"items_purged_floors":[3],"is_endless":false,"potions_floor_spawned":[1,2,16],"ascension_level":0}}