{"host":"vhvm1b4sel61ztfv","time":1610188939,"event":{"mods":["BaseMod","BetterRewards","Displayed Cursed Tome","Minty Spire (QoL Compilation)","StSLib"],"gold_per_floor":[135,180,228,264,306,381,61,61,61,148,148,184,265,326,326,326,326],"floor_reached":16,"playtime":908,"items_purged":[],"score":258,"play_id":"adbdeedf-1f8d-4a6e-bc89-2f1b0e4d0094","local_time":"20210109054219","daily_mods":["Draft","Vintage","Heirloom","Time Dilation","Flight","DeadlyEvents","Elite Swarm","Lethality","Midas"],"is_ascension_mode":true,"campfire_choices":[{"floor":11,"key":"REST"},{"floor":15,"key":"REST"}],"circlet_count":0,"master_deck":["AscendersBane","Ball Lightning","Chaos","Redo","Defragment","Redo","Sweeping Beam","Streamline","Self Repair","Gash","Force Field","Self Repair","Heatsinks","Consume","Redo","Leap","Creative AI","Defragment","Electrodynamics","Thunder Strike"],"relics":["Cracked Core","Mango","Letter Opener","Pantograph","Incense Burner","PreservedInsect","Happy Flower","Gremlin Horn","Toolbox","Ginger","Pen Nib","Smiling Mask","Ice Cream"],"acts_visited":["Exordium"],"potions_floor_usage":[16,16],"damage_taken":[{"damage":15,"enemies":"Small Slimes","floor":1,"turns":3},{"damage":0,"enemies":"2 Louse","floor":2,"turns":2},{"damage":9,"enemies":"Cultist","floor":3,"turns":3},{"damage":11,"enemies":"Blue Slaver","floor":4,"turns":3},{"damage":30,"enemies":"3 Louse","floor":5,"turns":4},{"damage":27,"enemies":"3 Sentries","floor":6,"turns":4},{"damage":18,"enemies":"Lagavulin","floor":10,"turns":4},{"damage":19,"enemies":"Looter","floor":12,"turns":3},{"damage":11,"enemies":"Gremlin Nob","floor":13,"turns":3},{"damage":93,"enemies":"The Guardian","floor":16,"turns":8}],"seed_played":"-6645327910883990781","potions_obtained":[{"floor":3,"key":"Dexterity Potion"},{"floor":10,"key":"Ancient Potion"}],"is_trial":true,"path_per_floor":["M","M","M","M","M","E","$","?","T","E","R","M","E","?","R","B"],"character_chosen":"DEFECT","items_purchased":["Toolbox","CultistPotion","Defragment"],"campfire_rested":2,"item_purchase_floors":[7,7,7],"current_hp_per_floor":[81,88,86,89,66,53,53,53,53,55,81,62,65,65,89,0,0],"gold":326,"neow_bonus":"","is_daily":false,"chose_seed":false,"campfire_upgraded":0,"win_rate":0.0,"timestamp":1610188939,"path_taken":["M","M","M","M","M","E","$","?","T","E","R","M","E","?","R","BOSS"],"items_purchased_type":["Relic","Potion","Card"],"build_version":"2020-12-22","purchased_purges":0,"victory":false,"max_hp_per_floor":[89,89,89,89,89,89,89,89,89,89,89,89,89,89,89,89,89],"card_choices":[{"not_picked":["Steam","FTL"],"picked":"Ball Lightning","floor":0},{"not_picked":["Scrape","Hologram"],"picked":"Chaos","floor":0},{"not_picked":["Barrage","Rip and Tear"],"picked":"Redo","floor":0},{"not_picked":["Loop","Rebound"],"picked":"Defragment","floor":0},{"not_picked":["Streamline","Barrage"],"picked":"Redo","floor":0},{"not_picked":["Streamline","Redo"],"picked":"Sweeping Beam","floor":0},{"not_picked":["Go for the Eyes","Sweeping Beam"],"picked":"Streamline","floor":0},{"not_picked":["Cold Snap","Turbo"],"picked":"Self Repair","floor":0},{"not_picked":["Conserve Battery","Force Field"],"picked":"Gash","floor":0},{"not_picked":["Loop","Stack"],"picked":"Force Field","floor":0},{"not_picked":["Gash","Leap"],"picked":"Self Repair","floor":0},{"not_picked":["Rebound","Beam Cell"],"picked":"Heatsinks","floor":0},{"not_picked":["Skim","Stack"],"picked":"Consume","floor":0},{"not_picked":["Reinforced Body","Beam Cell"],"picked":"Redo","floor":0},{"not_picked":["Compile Driver","Redo"],"picked":"Leap","floor":0},{"not_picked":["Multi-Cast","Amplify"],"picked":"Creative AI","floor":6},{"not_picked":["Amplify","Reboot"],"picked":"Electrodynamics","floor":10},{"not_picked":["Reboot","Rainbow"],"picked":"Thunder Strike","floor":13}],"player_experience":128611,"relics_obtained":[{"floor":1,"key":"Letter Opener"},{"floor":2,"key":"Pantograph"},{"floor":3,"key":"Incense Burner"},{"floor":4,"key":"PreservedInsect"},{"floor":5,"key":"Happy Flower"},{"floor":6,"key":"Gremlin Horn"},{"floor":9,"key":"Ginger"},{"floor":10,"key":"Pen Nib"},{"floor":12,"key":"Smiling Mask"},{"floor":13,"key":"Ice Cream"}],"event_choices":[{"damage_healed":0,"gold_gain":0,"player_choice":"Ignored","damage_taken":0,"max_hp_gain":0,"max_hp_loss":0,"event_name":"Liars Game","floor":8,"gold_loss":0},{"damage_healed":0,"gold_gain":61,"player_choice":"Gained Gold","damage_taken":0,"max_hp_gain":0,"max_hp_loss":0,"event_name":"Golden Wing","floor":14,"gold_loss":0}],"is_beta":false,"boss_relics":[],"items_purged_floors":[],"is_endless":true,"potions_floor_spawned":[3,10,13],"killed_by":"The Guardian","ascension_level":10}}