{"host":"b4asi0laiv85suj9","time":1610187060,"event":{"mods":["ATMod(阿瑾Mod)","BaseMod","Minty Spire (QoL Compilation)","MostiFishMod","Relic Stats","StSLib","TestMod","noobMod"],"gold_per_floor":[-1282,-1282,-1282,-882,-871,-836,-823,-812,-812,-787,-787,-787,-775,-750,-750,-676,-676,-660,-660,-645,-635,-622,-622,-606,-572,-545,-511,-498,-498,-471,-457,-457,-380,-380,-365,-340,-340,-324,-324,-291,-291,-256,-232,-232,-202,-184,-184,-168,-168,-168,-168,-168,-168,-168,-137,-137],"floor_reached":57,"playtime":1783,"items_purged":[],"score":3794,"play_id":"d113d2d9-6bd5-4ead-b437-103c544fbbd5","local_time":"20210109181100","is_ascension_mode":true,"campfire_choices":[{"data":"Armaments","floor":15.0,"key":"SMITH"},{"floor":23.0,"key":"RECALL"},{"data":"MostiFishMod:SephirahHod","floor":32.0,"key":"SMITH"},{"data":"MostiFishMod:404NotFound","floor":41,"key":"SMITH"},{"data":"MostiFishMod:FireWorks","floor":44,"key":"SMITH"},{"data":"Pummel","floor":49,"key":"SMITH"},{"data":"Dark Embrace","floor":53,"key":"SMITH"}],"circlet_count":0,"master_deck":["AscendersBane","Strike_R","Strike_R","Strike_R","Strike_R+1","Strike_R","Defend_R","Defend_R","Defend_R","Defend_R+1","Bash","AT_KingSlayer","Sword Boomerang","Armaments+1","Disarm","Dark Embrace+1","Shrug It Off","MostiFishMod:HellRitual","Metallicize","MostiFishMod:PerfectStrikeMKII","Entrench","MostiFishMod:404NotFound+1","MostiFishMod:SephirahHod+1","Feel No Pain","MostiFishMod:PerfectStrikeMKII","Seeing Red","Pommel Strike","Body Slam","MostiFishMod:WingOfPhoenix","Battle Trance","RitualDagger","AT_IchimonjiDouble","MostiFishMod:FireWorks+1","Pummel+1","Pommel Strike","MostiFishMod:PerfectStrikeMKII","AT_BodySlamDance+1"],"relics":["DaveBox","ice","AT_ATBox","SynthV:MejaisSoulstealer","testmod-ObsoleteBoomerang","RhineFirstAidKit","SynthV:TestCard","InkBottle","Mercury Hourglass","BionicSphere","MostiFishMod:Hod","Pantograph","testmod-IndustrialRevolution","testmod-Déjàvu","Runic Dome","testmod-HeartOfStrike","Red Mask","Art of War","Bottled Tornado","Potion Belt","AT_SunfireAegis","Toxic Egg 2","AT_ForceNature"],"acts_visited":["Exordium","TheCity","TheBeyond","TheEnding"],"potions_floor_usage":[56],"damage_taken":[{"damage":7.0,"enemies":"Jaw Worm","floor":1.0,"turns":4.0},{"damage":0.0,"enemies":"2 Louse","floor":5.0,"turns":2.0},{"damage":0.0,"enemies":"Gremlin Nob","floor":6.0,"turns":2.0},{"damage":0.0,"enemies":"Small Slimes","floor":7.0,"turns":1.0},{"damage":0.0,"enemies":"3 Louse","floor":8.0,"turns":3.0},{"damage":0.0,"enemies":"3 Sentries","floor":10.0,"turns":3.0},{"damage":0.0,"enemies":"Lots of Slimes","floor":13.0,"turns":2.0},{"damage":0.0,"enemies":"Gremlin Nob","floor":14.0,"turns":3.0},{"damage":0.0,"enemies":"The Guardian","floor":16.0,"turns":5.0},{"damage":0.0,"enemies":"Chosen","floor":18.0,"turns":2.0},{"damage":0.0,"enemies":"Shell Parasite","floor":20.0,"turns":1.0},{"damage":0.0,"enemies":"Chosen and Byrds","floor":21.0,"turns":2.0},{"damage":0.0,"enemies":"Centurion and Healer","floor":22.0,"turns":1.0},{"damage":0.0,"enemies":"Snake Plant","floor":24.0,"turns":1.0},{"damage":0.0,"enemies":"Slavers","floor":25.0,"turns":2.0},{"damage":0.0,"enemies":"Gremlin Leader","floor":27.0,"turns":1.0},{"damage":0.0,"enemies":"Shelled Parasite and Fungi","floor":28.0,"turns":1.0},{"damage":0.0,"enemies":"Slavers","floor":30.0,"turns":1.0},{"damage":0.0,"enemies":"Centurion and Healer","floor":31.0,"turns":1.0},{"damage":0.0,"enemies":"Automaton","floor":33.0,"turns":1.0},{"damage":4.0,"enemies":"3 Shapes","floor":35.0,"turns":1.0},{"damage":0.0,"enemies":"Mind Bloom Boss Battle","floor":36.0,"turns":3.0},{"damage":0,"enemies":"Orb Walker","floor":38,"turns":1},{"damage":0,"enemies":"Giant Head","floor":40,"turns":2},{"damage":0,"enemies":"Nemesis","floor":42,"turns":1},{"damage":0,"enemies":"Reptomancer","floor":45,"turns":1},{"damage":0,"enemies":"3 Darklings","floor":46,"turns":1},{"damage":0,"enemies":"Sphere and 2 Shapes","floor":48,"turns":1},{"damage":0,"enemies":"Time Eater","floor":50,"turns":3},{"damage":4,"enemies":"Awakened One","floor":51,"turns":2},{"damage":4,"enemies":"Shield and Spear","floor":55,"turns":1},{"damage":2,"enemies":"The Heart","floor":56,"turns":5}],"seed_played":"-5705774918331566190","potions_obtained":[{"floor":6.0,"key":"Block Potion"},{"floor":7.0,"key":"Block Potion"},{"floor":20.0,"key":"SkillPotion"},{"floor":33.0,"key":"Swift Potion"},{"floor":36.0,"key":"PowerPotion"},{"floor":45,"key":"EntropicBrew"},{"floor":46,"key":"Weak Potion"}],"is_trial":false,"path_per_floor":["M","?","$","?","M","E","M","M","T","E","?","?","M","E","R","B",null,"M","$","M","M","M","R","M","E","T","E","M","?","E","M","R","B",null,"M","?","?","M","?","E","R","E","T","R","E","M","T","M","R","B","B",null,"R","$","E","B",null],"character_chosen":"IRONCLAD","items_purchased":[],"campfire_rested":0,"item_purchase_floors":[],"current_hp_per_floor":[61,66,66,66,66,66,66,66,66,66,42,42,42,42,42,42,71,71,71,71,71,71,71,71,71,71,71,71,65,65,65,65,80,80,76,80,80,80,80,80,80,80,80,80,80,80,80,80,80,80,76,79,79,79,75,78],"gold":-137,"neow_bonus":"BOSS_RELIC","is_daily":false,"chose_seed":false,"campfire_upgraded":6,"win_rate":0.0,"timestamp":1610187060,"path_taken":["M","?","$","?","M","E","M","M","T","E","?","?","M","E","R","BOSS","M","?","M","M","M","R","M","E","T","E","M","?","E","M","R","BOSS","M","?","?","M","?","E","R","E","T","R","E","M","?","M","R","BOSS","BOSS","R","$","E","BOSS"],"items_purchased_type":[],"build_version":"2020-12-22","purchased_purges":0,"victory":true,"max_hp_per_floor":[75,80,80,80,80,80,80,80,80,80,80,80,80,80,80,80,80,80,80,80,80,80,80,80,80,80,80,80,80,80,80,80,80,80,80,80,80,80,80,80,80,80,80,80,80,80,80,80,80,80,80,80,80,80,80,80],"relic_stats":{"counters":[32,61],"Pantograph":24,"Art of War":[0],"obtain_stats":[{"testmod-HeartOfStrike":36,"AT_ATBox":0,"DaveBox":0,"ice":0,"Bottled Tornado":42,"Burning Blood":0,"RhineFirstAidKit":0,"Pantograph":25,"testmod-ObsoleteBoomerang":0,"testmod-Déjàvu":30,"Red Mask":37,"Toxic Egg 2":47,"InkBottle":6,"Potion Belt":43,"AT_ForceNature":55,"MostiFishMod:Hod":17,"testmod-TestBox":0,"SynthV:MejaisSoulstealer":0,"testmod-IndustrialRevolution":27,"Mercury Hourglass":9,"Runic Dome":34,"SynthV:TestCard":1,"BionicSphere":14,"Art of War":40,"AT_SunfireAegis":45},{"testmod-HeartOfStrike":22,"AT_ATBox":0,"DaveBox":0,"ice":0,"Bottled Tornado":25,"Burning Blood":0,"RhineFirstAidKit":0,"Pantograph":15,"testmod-ObsoleteBoomerang":0,"testmod-Déjàvu":18,"Red Mask":22,"Toxic Egg 2":27,"InkBottle":3,"Potion Belt":25,"AT_ForceNature":31,"MostiFishMod:Hod":9,"testmod-TestBox":0,"SynthV:MejaisSoulstealer":0,"testmod-IndustrialRevolution":16,"Mercury Hourglass":5,"Runic Dome":20,"SynthV:TestCard":1,"BionicSphere":8,"Art of War":24,"AT_SunfireAegis":26},{"testmod-HeartOfStrike":43,"AT_ATBox":0,"DaveBox":0,"ice":0,"Bottled Tornado":47,"Burning Blood":0,"RhineFirstAidKit":0,"Pantograph":34,"testmod-ObsoleteBoomerang":0,"testmod-Déjàvu":37,"Red Mask":43,"Toxic Egg 2":49,"InkBottle":8,"Potion Belt":47,"AT_ForceNature":56,"MostiFishMod:Hod":25,"testmod-TestBox":0,"SynthV:MejaisSoulstealer":0,"testmod-IndustrialRevolution":35,"Mercury Hourglass":12,"Runic Dome":39,"SynthV:TestCard":4,"BionicSphere":20,"Art of War":46,"AT_SunfireAegis":48}],"InkBottle":[21],"Mercury Hourglass":[233]},"card_choices":[{"not_picked":["AT_BodySlamDance","Flex"],"picked":"Sword Boomerang","floor":1.0},{"not_picked":["Pummel","Rage","Uppercut","Rupture"],"picked":"Armaments","floor":5.0},{"not_picked":["MostiFishMod:BrandingRite","Warcry","Sword Boomerang","Rupture"],"picked":"Disarm","floor":6.0},{"not_picked":["Headbutt","Clothesline","Armaments","Metallicize","True Grit"],"picked":"SKIP","floor":7.0},{"not_picked":["Reckless Charge","AT_BodySlamDance","Clash","Perfected Strike"],"picked":"Dark Embrace","floor":8.0},{"not_picked":["Perfected Strike","Flex","Combust","True Grit"],"picked":"Shrug It Off","floor":10.0},{"not_picked":["Feel No Pain","Warcry","Anger","AT_BodySlamDance"],"picked":"MostiFishMod:PerfectStrikeMKII","floor":13.0},{"not_picked":["AT_IchimonjiDouble","Hemokinesis","Shrug It Off","Inflame"],"picked":"Entrench","floor":14.0},{"not_picked":["Offering","MostiFishMod:OrdinaryWorld","Double Tap","MostiFishMod:RainCloud"],"picked":"MostiFishMod:404NotFound","floor":16.0},{"not_picked":["Cleave","Shrug It Off","Flex+1","Inflame+1"],"picked":"Feel No Pain","floor":18.0},{"not_picked":["Iron Wave+1","Bloodletting","Anger","Wild Strike+1","Havoc"],"picked":"SKIP","floor":20.0},{"not_picked":["Cleave","Clothesline","Headbutt","True Grit+1"],"picked":"MostiFishMod:PerfectStrikeMKII","floor":21.0},{"not_picked":["Bloodletting","True Grit","Havoc","Body Slam"],"picked":"Seeing Red","floor":22.0},{"not_picked":["Anger","Double Tap","Whirlwind","Infernal Blade"],"picked":"Pommel Strike","floor":24.0},{"not_picked":["True Grit","AT_GerminateFire","Iron Wave","AT_DrawKnifeCut"],"picked":"Body Slam","floor":25.0},{"not_picked":["Reckless Charge","Armaments","Feel No Pain","Warcry"],"picked":"MostiFishMod:WingOfPhoenix","floor":27.0},{"not_picked":["Searing Blow","Dark Embrace","Clothesline","Flex"],"picked":"Battle Trance","floor":28.0},{"not_picked":["Wild Strike","Warcry","Sentinel","Disarm"],"picked":"AT_IchimonjiDouble","floor":30.0},{"not_picked":["Flex","Thunderclap","Anger+1","Clothesline+1","Clash"],"picked":"SKIP","floor":31.0},{"not_picked":["MostiFishMod:KnuckleDown","Immolate","Offering","Juggernaut"],"picked":"MostiFishMod:FireWorks","floor":33.0},{"not_picked":["Hemokinesis","Spot Weakness+1","Sword Boomerang","Heavy Blade+1"],"picked":"Pummel","floor":35.0},{"not_picked":["Iron Wave","Headbutt+1","Infernal Blade","Intimidate+1","Ghostly Armor"],"picked":"SKIP","floor":38},{"not_picked":["Sever Soul","Twin Strike+1","Clothesline","Rupture","Sword Boomerang"],"picked":"SKIP","floor":40},{"not_picked":["Rage","Fire Breathing","Havoc","Anger"],"picked":"Pommel Strike","floor":42},{"not_picked":["Power Through","Sentinel","Second Wind","Clothesline"],"picked":"MostiFishMod:PerfectStrikeMKII","floor":45},{"not_picked":["Bloodletting","Warcry","Whirlwind","Twin Strike","Flame Barrier"],"picked":"SKIP","floor":46},{"not_picked":["Hemokinesis","Havoc+1","Dual Wield+1","Warcry+1"],"picked":"AT_BodySlamDance+1","floor":48},{"not_picked":["Dropkick","Sword Boomerang","AT_BodySlamDance+1","Thunderclap","MostiFishMod:CullingBlade"],"picked":"SKIP","floor":55}],"player_experience":294750,"relics_obtained":[{"floor":1.0,"key":"SynthV:TestCard"},{"floor":6.0,"key":"InkBottle"},{"floor":9.0,"key":"Mercury Hourglass"},{"floor":14.0,"key":"BionicSphere"},{"floor":25.0,"key":"Pantograph"},{"floor":27.0,"key":"testmod-IndustrialRevolution"},{"floor":30.0,"key":"testmod-Déjàvu"},{"floor":36.0,"key":"testmod-HeartOfStrike"},{"floor":40,"key":"Art of War"},{"floor":42,"key":"Bottled Tornado"},{"floor":43,"key":"Potion Belt"},{"floor":45,"key":"AT_SunfireAegis"},{"floor":47,"key":"Toxic Egg 2"},{"floor":55,"key":"AT_ForceNature"}],"event_choices":[{"damage_healed":0.0,"max_hp_gain":5.0,"max_hp_loss":0.0,"gold_gain":0.0,"event_name":"Big Fish","player_choice":"Donut","floor":2.0,"gold_loss":0.0,"damage_taken":0.0},{"damage_healed":0.0,"max_hp_gain":0.0,"max_hp_loss":0.0,"gold_gain":400.0,"event_name":"恩洛斯的盘子","player_choice":"Sell","floor":4.0,"relics_lost":["testmod-TestBox"],"gold_loss":0.0,"damage_taken":0.0},{"damage_healed":0.0,"max_hp_gain":0.0,"max_hp_loss":0.0,"gold_gain":0.0,"event_name":"Shining Light","player_choice":"Entered Light","floor":11.0,"gold_loss":0.0,"damage_taken":24.0,"cards_upgraded":["Strike_R","Defend_R"]},{"damage_healed":0.0,"max_hp_gain":0.0,"max_hp_loss":0.0,"gold_gain":0.0,"event_name":"Match and Keep!","player_choice":"2 cards matched","floor":12.0,"gold_loss":0.0,"damage_taken":0.0,"cards_obtained":["MostiFishMod:HellRitual","Metallicize"]},{"damage_healed":0.0,"max_hp_gain":0.0,"max_hp_loss":0.0,"gold_gain":0.0,"event_name":"Nest","player_choice":"Joined the Cult","floor":29.0,"gold_loss":0.0,"damage_taken":6.0,"cards_obtained":["RitualDagger"]},{"damage_healed":0.0,"max_hp_gain":0.0,"max_hp_loss":0.0,"gold_gain":0.0,"event_name":"MindBloom","player_choice":"Fight","floor":36.0,"gold_loss":0.0,"damage_taken":0.0},{"damage_healed":0,"gold_gain":0,"player_choice":"Paid","damage_taken":0,"relics_obtained":["Red Mask"],"max_hp_gain":0,"max_hp_loss":0,"event_name":"Tomb of Lord Red Mask","floor":37,"gold_loss":-340},{"damage_healed":0,"gold_gain":0,"player_choice":"Ignored","damage_taken":0,"max_hp_gain":0,"max_hp_loss":0,"event_name":"给自己的盒子","floor":39,"gold_loss":0}],"is_beta":false,"boss_relics":[{"not_picked":["testmod-StringDisintegrator","Busted Crown"],"picked":"MostiFishMod:Hod"},{"not_picked":["testmod-SaigiyounoYou","Tiny House"],"picked":"Runic Dome"}],"items_purged_floors":[],"is_endless":false,"potions_floor_spawned":[6,7,10,13,20,24,28,33,36,45,46],"ascension_level":20}}