{"host":"mytek2nu1hrzdnew","time":1610232061,"event":{"mods":["100% Spire Juice","AchievementEnabler","Aspiration","BaseMod","Conspire","GifTheSpireLib","Gold Saver","Hubris","Ironclad Rager","Minty Spire (QoL Compilation)","Replay The Spire","StSLib","Stuff the Spire","Uncapped"],"gold_per_floor":[111,130,59,77,77,112,2,2,29,61,79,79,91,56,56,151,151,164,164,164,164,176,176,249,249,249],"floor_reached":25,"playtime":1325,"items_purged":["Defend_R"],"score":229,"play_id":"2f365c20-e656-403e-a6d2-c78264263385","local_time":"20210109174101","is_ascension_mode":false,"campfire_choices":[{"data":"Havoc","floor":8,"key":"SMITH"},{"floor":12,"key":"REST"},{"data":"Armaments","floor":15,"key":"SMITH"},{"data":"Barricade","floor":23,"key":"SMITH"}],"circlet_count":0,"master_deck":["Strike_R+1","Strike_R","Strike_R","Strike_R","Defend_R+1","Defend_R","Defend_R","Bash","Fire Breathing","Armaments+1","Rampage","Havoc+1","Flame Barrier","ReplayTheSpireMod:Strike From Hell","Feel No Pain","Wild Strike","Barricade+1","Looming Evil","Searing Blow","StuffTheSpire:Slingshot+1"],"relics":["Burning Blood","Simple Rune","StuffTheSpire:Barrel","hubris:Towel","ReplayTheSpireMod:Ring of Addiction","ReplayTheSpireMod:Ring of Challenge","Potion Belt","Chameleon Ring","ReplayFunnel"],"acts_visited":["Exordium","TheCity"],"potions_floor_usage":[10,18,22,22,22,24],"damage_taken":[{"damage":11,"enemies":"Jaw Worm","floor":1,"turns":3},{"damage":9,"enemies":"2 Louse","floor":2,"turns":4},{"damage":0,"enemies":"conspire:RoseBush","floor":4,"turns":3},{"damage":46,"enemies":"Gremlin Nob","floor":6,"turns":5},{"damage":27,"enemies":"Lagavulin","floor":10,"turns":6},{"damage":13,"enemies":"Large Slime","floor":11,"turns":6},{"damage":11,"enemies":"2 Fungi Beasts","floor":13,"turns":4},{"damage":47,"enemies":"The Guardian","floor":16,"turns":9},{"damage":45,"enemies":"2 Thieves","floor":18,"turns":4},{"damage":28,"enemies":"Shell Parasite","floor":22,"turns":7},{"damage":24,"enemies":"conspire:Head Lice","floor":24,"turns":15},{"damage":26,"enemies":"Snake Plant","floor":25,"turns":2}],"seed_played":"-4030455388136736716","potions_obtained":[{"floor":6,"key":"conspire:TimeTravelPotion"},{"floor":13,"key":"Ancient Potion"},{"floor":16,"key":"Swift Potion"},{"floor":18,"key":"SkillPotion"},{"floor":21,"key":"BloodPotion"},{"floor":21,"key":"Weak Potion"},{"floor":21,"key":"AttackPotion"},{"floor":24,"key":"Adrenaline Potion"}],"is_trial":false,"path_per_floor":["M","M","$","M","?","E","$","R","T","E","M","R","M","?","R","B",null,"M","?","?","?","M","R","E","M"],"character_chosen":"IRONCLAD","items_purchased":["Rampage","Feel No Pain"],"campfire_rested":1,"item_purchase_floors":[3,7],"current_hp_per_floor":[83,80,80,86,86,46,46,46,46,31,24,50,45,67,67,26,88,49,49,49,49,44,44,26,0,0],"gold":249,"neow_bonus":"TEN_PERCENT_HP_BONUS","is_daily":false,"chose_seed":false,"campfire_upgraded":3,"win_rate":0.0,"timestamp":1610232061,"path_taken":["M","M","$","M","?","E","?","R","T","E","M","R","M","?","R","BOSS","M","?","?","?","M","R","E","M"],"items_purchased_type":["Card","Card"],"build_version":"2020-12-22","purchased_purges":1,"victory":false,"max_hp_per_floor":[88,88,88,88,88,88,88,88,88,88,88,88,88,88,88,88,88,88,88,88,88,88,88,88,88,88],"card_choices":[{"not_picked":["StuffTheSpire:Pyroclast","Pommel Strike"],"picked":"Fire Breathing","floor":1},{"not_picked":["Thunderclap","Carnage"],"picked":"Armaments","floor":2},{"not_picked":["Warcry","Life Link"],"picked":"Havoc","floor":4},{"not_picked":["Armaments","Entrench"],"picked":"ReplayTheSpireMod:Strike From Hell","floor":6},{"not_picked":["Exhume","Disarm","Second Wind"],"picked":"SKIP","floor":10},{"not_picked":["hubris:SharpeningStone","Rage","Headbutt"],"picked":"SKIP","floor":11},{"not_picked":["Flex","Power Through"],"picked":"Wild Strike","floor":13},{"not_picked":["Corruption","Fiend Fire"],"picked":"Barricade","floor":16},{"not_picked":["Iron Wave","Twin Strike","Sword Boomerang"],"picked":"SKIP","floor":18},{"not_picked":["Second Wind","Armaments+1"],"picked":"Searing Blow","floor":22},{"not_picked":["Anger","Barricade"],"picked":"StuffTheSpire:Slingshot+1","floor":24}],"player_experience":1041658,"relics_obtained":[{"floor":9,"key":"Simple Rune"},{"floor":10,"key":"StuffTheSpire:Barrel"},{"floor":21,"key":"ReplayTheSpireMod:Ring of Addiction"},{"floor":21,"key":"ReplayTheSpireMod:Ring of Challenge"},{"floor":21,"key":"Potion Belt"},{"floor":21,"key":"Chameleon Ring"},{"floor":24,"key":"ReplayFunnel"}],"event_choices":[{"damage_healed":0,"gold_gain":0,"cards_transformed":["Strike_R"],"player_choice":"Transformed","damage_taken":0,"max_hp_gain":0,"max_hp_loss":0,"event_name":"Transmorgrifier","floor":5,"gold_loss":0,"cards_obtained":["Flame Barrier"]},{"damage_healed":22,"gold_gain":0,"player_choice":"Healed","damage_taken":0,"max_hp_gain":0,"max_hp_loss":0,"event_name":"The Cleric","floor":14,"gold_loss":35}],"is_beta":false,"boss_relics":[{"not_picked":["Replay:Wanted Poster","aspiration:FutureDiary","Replay:Drink Me"]}],"items_purged_floors":[7],"is_endless":false,"potions_floor_spawned":[1,6,13,16,18,24],"killed_by":"Snake Plant","ascension_level":0}}