{"host":"873t0y8ybyo38pfq","time":1610209286,"event":{"mods":["BaseMod","Bestiary","Colored Map","Colored Powertips","Highlight Path","Minty Spire (QoL Compilation)","Quick Restart","RNG Fix","Rare Cards Sparkle","Relic Stats","StSLib"],"gold_per_floor":[114,134,284,284,308,351,369,385,385,385,385,53,53,86,86,179,179,195,195,211,236,254,254,297,297,323,323,323,323],"floor_reached":28,"playtime":868,"items_purged":[],"score":521,"play_id":"789ec243-ab35-4f47-8a59-e624c2ddefc0","local_time":"20210109112126","is_ascension_mode":true,"campfire_choices":[{"data":"Sunder","floor":10.0,"key":"SMITH"},{"floor":13.0,"key":"REST"},{"data":"Coolheaded","floor":15.0,"key":"SMITH"},{"data":"Core Surge","floor":23,"key":"SMITH"},{"floor":25,"key":"REST"},{"data":"Go for the Eyes","floor":27,"key":"SMITH"}],"circlet_count":0,"master_deck":["AscendersBane","Defend_B","Defend_B","Defend_B","Defend_B","Zap","Dualcast","Compile Driver","Go for the Eyes+1","Ball Lightning","Sunder+1","Core Surge+1","Chill","Coolheaded+1","Echo Form","Bite","Bite","Bite","Bite","Bite","Stack","Hologram+1","Conserve Battery","Regret"],"relics":["Cracked Core","NeowsBlessing","Golden Idol","Akabeko","Letter Opener","Anchor","Art of War","The Courier","Cursed Key","Centennial Puzzle"],"acts_visited":["Exordium","TheCity"],"potions_floor_usage":[28],"damage_taken":[{"damage":0.0,"enemies":"Jaw Worm","floor":1.0,"turns":1.0},{"damage":0.0,"enemies":"2 Louse","floor":2.0,"turns":1.0},{"damage":0.0,"enemies":"Cultist","floor":5.0,"turns":1.0},{"damage":29.0,"enemies":"Lagavulin","floor":6.0,"turns":6.0},{"damage":7.0,"enemies":"Blue Slaver","floor":7.0,"turns":3.0},{"damage":1.0,"enemies":"Large Slime","floor":8.0,"turns":4.0},{"damage":10.0,"enemies":"3 Sentries","floor":14.0,"turns":6.0},{"damage":34.0,"enemies":"The Guardian","floor":16.0,"turns":11.0},{"damage":17.0,"enemies":"Shell Parasite","floor":18.0,"turns":4.0},{"damage":16.0,"enemies":"3 Byrds","floor":20.0,"turns":4.0},{"damage":12.0,"enemies":"Centurion and Healer","floor":21.0,"turns":5.0},{"damage":13.0,"enemies":"Sentry and Sphere","floor":22.0,"turns":8.0},{"damage":29,"enemies":"Slavers","floor":24,"turns":7},{"damage":41,"enemies":"Book of Stabbing","floor":28,"turns":4}],"seed_played":"-6685492338144988698","potions_obtained":[{"floor":2.0,"key":"ColorlessPotion"},{"floor":5.0,"key":"Block Potion"},{"floor":6.0,"key":"SkillPotion"},{"floor":14.0,"key":"Energy Potion"},{"floor":22.0,"key":"Swift Potion"}],"is_trial":false,"path_per_floor":["M","M","?","?","M","E","M","M","T","R","?","$","R","E","R","B",null,"M","?","M","M","M","R","E","R","T","R","E"],"character_chosen":"DEFECT","items_purchased":["Anchor","Art of War"],"campfire_rested":2,"item_purchase_floors":[12,12],"current_hp_per_floor":[64,64,64,64,64,35,28,27,27,27,27,27,46,36,36,2,49,32,32,26,22,31,31,18,31,31,31,0,0],"gold":323,"neow_bonus":"THREE_ENEMY_KILL","is_daily":false,"chose_seed":false,"campfire_upgraded":4,"win_rate":0.0,"timestamp":1610209286,"path_taken":["M","M","?","?","?","E","M","M","T","R","?","?","R","E","R","BOSS","M","?","M","M","M","R","E","R","T","R","E"],"items_purchased_type":["Relic","Relic"],"build_version":"2020-12-22","purchased_purges":0,"victory":false,"max_hp_per_floor":[71,71,71,64,64,64,64,64,64,64,64,64,64,64,64,64,64,64,44,44,44,44,44,44,44,44,44,44,44],"relic_stats":{"Centennial Puzzle":[3],"counters":[14,65],"Golden Idol":71,"Art of War":[3],"Letter Opener":[54],"Cursed Key":1,"obtain_stats":[{"Anchor":12,"Centennial Puzzle":24,"NeowsBlessing":0,"Golden Idol":4,"The Courier":14,"Art of War":12,"Letter Opener":9,"Cracked Core":0,"Cursed Key":17,"Akabeko":6},{"Anchor":6,"Centennial Puzzle":13,"NeowsBlessing":0,"Golden Idol":2,"The Courier":7,"Art of War":6,"Letter Opener":6,"Cracked Core":0,"Cursed Key":8,"Akabeko":4},{"Anchor":16,"Centennial Puzzle":61,"NeowsBlessing":0,"Golden Idol":2,"The Courier":22,"Art of War":16,"Letter Opener":16,"Cracked Core":0,"Cursed Key":33,"Akabeko":9}]},"card_choices":[{"not_picked":["Consume","Hologram"],"picked":"Compile Driver","floor":1.0},{"not_picked":["Loop","Gash"],"picked":"Go for the Eyes","floor":2.0},{"not_picked":["Double Energy","Barrage"],"picked":"Ball Lightning","floor":5.0},{"not_picked":["Steam","Reinforced Body"],"picked":"Sunder","floor":6.0},{"not_picked":["BootSequence","Ball Lightning"],"picked":"Core Surge","floor":7.0},{"not_picked":["Redo","Compile Driver"],"picked":"Chill","floor":8.0},{"not_picked":["Gash","Steam"],"picked":"Coolheaded","floor":14.0},{"not_picked":["Hyperbeam","All For One"],"picked":"Echo Form","floor":16.0},{"not_picked":["Beam Cell","Gash","Consume"],"picked":"SKIP","floor":18.0},{"not_picked":["Fusion","Barrage+1"],"picked":"Stack","floor":20.0},{"not_picked":["Turbo","Steam"],"picked":"Hologram+1","floor":21.0},{"not_picked":["Ball Lightning","Beam Cell+1","Compile Driver"],"picked":"SKIP","floor":22.0},{"not_picked":["Loop","Amplify"],"picked":"Conserve Battery","floor":24}],"player_experience":1568024,"relics_obtained":[{"floor":6.0,"key":"Akabeko"},{"floor":9.0,"key":"Letter Opener"},{"floor":14.0,"key":"The Courier"},{"floor":24,"key":"Centennial Puzzle"}],"event_choices":[{"damage_healed":0.0,"max_hp_gain":0.0,"max_hp_loss":0.0,"gold_gain":150.0,"event_name":"Liars Game","player_choice":"AGREE","floor":3.0,"gold_loss":0.0,"damage_taken":0.0,"cards_obtained":["Doubt"]},{"damage_healed":0.0,"max_hp_gain":0.0,"max_hp_loss":7.0,"gold_gain":0.0,"event_name":"Golden Idol","player_choice":"Lose Max HP","floor":4.0,"gold_loss":0.0,"damage_taken":0.0,"relics_obtained":["Golden Idol"]},{"cards_removed":["Doubt"],"damage_healed":0.0,"max_hp_gain":0.0,"max_hp_loss":0.0,"gold_gain":0.0,"event_name":"Living Wall","player_choice":"Forget","floor":11.0,"gold_loss":0.0,"damage_taken":0.0},{"damage_healed":0.0,"max_hp_gain":0.0,"max_hp_loss":20.0,"gold_gain":0.0,"event_name":"Vampires","player_choice":"Became a vampire","floor":19.0,"gold_loss":0.0,"damage_taken":0.0,"cards_obtained":["Bite","Bite","Bite","Bite","Bite"]}],"is_beta":false,"boss_relics":[{"not_picked":["Coffee Dripper","SlaversCollar"],"picked":"Cursed Key"}],"items_purged_floors":[],"is_endless":false,"potions_floor_spawned":[2,5,6,14,18,22],"killed_by":"Book of Stabbing","ascension_level":20}}