{"host":"tw71e6tbbdk6nymt","time":1610226026,"event":{"mods":["Aspiration","BaseMod","Minty Spire (QoL Compilation)","StSLib"],"gold_per_floor":[114,129,129,169,184,214,214,214,264,264,335,350,350,365,365,465,465,480,520,535,535,560,890,905,280,280,335,350,50,80,95,95,195,195,210,225,240,15,30,30,30,60,110,140,140,190,205,205,205,205],"floor_reached":51,"playtime":4357,"items_purged":[],"score":1044,"play_id":"01a62a45-4946-4b78-bf85-7131f2aeaccd","local_time":"20210110050026","daily_mods":["Shiny","Green Cards","Terminal"],"is_ascension_mode":false,"campfire_choices":[{"data":"Omniscience","floor":7,"key":"SMITH"},{"data":"Venomology","floor":10,"key":"SMITH"},{"data":"Doppelganger","floor":15,"key":"SMITH"},{"data":"Malaise","floor":32,"key":"SMITH"},{"data":"Judgement","floor":40,"key":"SMITH"},{"data":"Phantasmal Killer","floor":45,"key":"SMITH"},{"floor":49,"key":"DIG"}],"circlet_count":0,"master_deck":["Venomology+1","Corpse Explosion","Malaise+1","Phantasmal Killer+1","Die Die Die","Adrenaline","Envenom+1","Doppelganger+1","Burst","Tools of the Trade+1","Unload+1","After Image","Bullet Time","Storm of Steel","Glass Knife","A Thousand Cuts","Grand Finale","Judgement+1","ConjureBlade","MasterReality","Brilliance","Devotion","Blasphemy+1","Ragnarok","LessonLearned","Scrawl+1","Vault","Alpha","Wish","Omniscience+1","Establishment","SpiritShield","DevaForm+1","DeusExMachina+1","Prepared","SandsOfTime","Prepared","CutThroughFate+1","Distraction","Injury","Prepared+1","Prostrate+1","DevaForm","EmptyBody+1","Halt+1","EmptyMind+1","Neutralize","Phantasmal Killer+1","Pray+1","Protect+1","DeusExMachina+1","EmptyBody+1","Terror+1","Crescendo+1","Pray+1","Concentrate+1","Pray+1","Halt+1","Venomology+1"],"relics":["PureWater","CaptainsWheel","aspiration:HummingbirdHeart","Toxic Egg 2","Ancient Tea Set","aspiration:PoetsPen_weak","Bronze Scales","Old Coin","Frozen Egg 2","FossilizedHelix","Pocketwatch","Eternal Feather","Pear","Potion Belt","SlaversCollar","Membership Card","Vajra","Boot","Anchor","Damaru","Shovel","Pantograph"],"acts_visited":["Exordium","TheCity","TheBeyond"],"potions_floor_usage":[5,6,6,6,16,16,16,16,18,20,20,23,24,27,27,27,28,30,30,33,39,39,44,44,47,50,50],"damage_taken":[{"damage":0,"enemies":"Small Slimes","floor":1,"turns":2},{"damage":0,"enemies":"2 Louse","floor":2,"turns":4},{"damage":0,"enemies":"Jaw Worm","floor":4,"turns":5},{"damage":1,"enemies":"Looter","floor":5,"turns":3},{"damage":12,"enemies":"3 Sentries","floor":6,"turns":4},{"damage":0,"enemies":"Gremlin Gang","floor":12,"turns":1},{"damage":0,"enemies":"2 Fungi Beasts","floor":14,"turns":2},{"damage":21,"enemies":"The Guardian","floor":16,"turns":6},{"damage":0,"enemies":"Spheric Guardian","floor":18,"turns":2},{"damage":1,"enemies":"Shell Parasite","floor":19,"turns":7},{"damage":0,"enemies":"Shelled Parasite and Fungi","floor":20,"turns":5},{"damage":0,"enemies":"Book of Stabbing","floor":23,"turns":6},{"damage":19,"enemies":"3 Cultists","floor":24,"turns":5},{"damage":0,"enemies":"Gremlin Leader","floor":27,"turns":2},{"damage":0,"enemies":"Centurion and Healer","floor":28,"turns":3},{"damage":0,"enemies":"Book of Stabbing","floor":30,"turns":7},{"damage":0,"enemies":"Sentry and Sphere","floor":31,"turns":4},{"damage":0,"enemies":"Automaton","floor":33,"turns":6},{"damage":0,"enemies":"Orb Walker","floor":35,"turns":3},{"damage":0,"enemies":"3 Darklings","floor":36,"turns":3},{"damage":0,"enemies":"Writhing Mass","floor":37,"turns":6},{"damage":0,"enemies":"4 Shapes","floor":39,"turns":3},{"damage":5,"enemies":"Reptomancer","floor":42,"turns":5},{"damage":0,"enemies":"Nemesis","floor":44,"turns":4},{"damage":0,"enemies":"Mind Bloom Boss Battle","floor":46,"turns":2},{"damage":0,"enemies":"Transient","floor":47,"turns":6},{"damage":0,"enemies":"Donu and Deca","floor":50,"turns":6}],"seed_played":"579003938715623652","potions_obtained":[{"floor":2,"key":"ColorlessPotion"},{"floor":4,"key":"DuplicationPotion"},{"floor":6,"key":"Dexterity Potion"},{"floor":13,"key":"StancePotion"},{"floor":13,"key":"LiquidBronze"},{"floor":16,"key":"Strength Potion"},{"floor":19,"key":"StancePotion"},{"floor":23,"key":"Weak Potion"},{"floor":24,"key":"DistilledChaos"},{"floor":31,"key":"BlessingOfTheForge"},{"floor":36,"key":"Swift Potion"},{"floor":46,"key":"StancePotion"}],"is_trial":false,"path_per_floor":["M","M","?","M","M","E","R","?","T","R","?","M","?","M","R","B",null,"M","M","M","?","T","E","M","$","T","E","M","$","E","M","R","B",null,"M","M","M","$","M","R","?","E","T","E","R","?","M","?","R","B",null],"character_chosen":"WATCHER","items_purchased":["Frozen Egg 2","FossilizedHelix","DistilledChaos","Pear","Fire Potion","Membership Card","Vajra"],"campfire_rested":0,"item_purchase_floors":[25,25,25,29,29,38,38],"current_hp_per_floor":[70,69,66,66,65,53,53,53,53,53,53,53,53,53,53,32,54,53,52,51,50,49,48,29,29,29,29,29,39,39,39,49,48,47,46,45,44,43,42,41,40,35,35,35,36,35,34,33,32,31],"gold":205,"neow_bonus":"","is_daily":true,"chose_seed":false,"campfire_upgraded":6,"win_rate":0.0,"timestamp":1610226026,"path_taken":["M","M","?","M","M","E","R","?","T","R","?","?","?","M","R","BOSS","M","?","M","?","?","E","M","$","T","E","M","$","E","M","R","BOSS","M","M","M","$","M","R","?","E","T","E","R","?","M","?","R","BOSS"],"items_purchased_type":["Relic","Relic","Potion","Relic","Potion","Relic","Relic"],"build_version":"2020-12-22","purchased_purges":0,"victory":true,"max_hp_per_floor":[70,69,68,67,66,65,64,63,62,61,60,59,58,57,56,55,54,53,52,51,50,49,48,47,46,45,44,43,52,51,50,49,48,47,46,45,44,43,42,41,40,39,38,37,36,35,34,33,32,31],"card_choices":[{"not_picked":["Quick Slash","Fasting2"],"picked":"Prepared","floor":1},{"not_picked":["Blade Dance","Outmaneuver"],"picked":"SandsOfTime","floor":2},{"not_picked":["Quick Slash","Sucker Punch"],"picked":"Prepared","floor":4},{"not_picked":["Wireheading","Adaptation"],"picked":"CutThroughFate","floor":5},{"not_picked":["Envenom","ClearTheMind"],"picked":"Distraction","floor":6},{"not_picked":["PathToVictory+1","CrushJoints"],"picked":"Prepared+1","floor":12},{"not_picked":["Study","Backstab"],"picked":"Prostrate+1","floor":14},{"not_picked":["Unload","Wraith Form v2"],"picked":"DevaForm","floor":16},{"not_picked":["WheelKick","Predator"],"picked":"EmptyBody+1","floor":18},{"not_picked":["Conclude","ThirdEye+1"],"picked":"Halt+1","floor":19},{"not_picked":["Sucker Punch","Bane+1"],"picked":"EmptyMind+1","floor":20},{"not_picked":["SashWhip+1","FearNoEvil+1"],"picked":"Pray+1","floor":23},{"not_picked":["Pray+1","ReachHeaven+1"],"picked":"Protect+1","floor":24},{"not_picked":["Bane","Slice"],"picked":"DeusExMachina+1","floor":27},{"not_picked":["Bane","Protect+1"],"picked":"EmptyBody+1","floor":28},{"not_picked":["Tools of the Trade+1","Halt+1"],"picked":"Terror+1","floor":30},{"not_picked":["Masterful Stab","Bane"],"picked":"Crescendo+1","floor":31},{"not_picked":["Bouncing Flask+1","CrushJoints+1"],"picked":"Pray+1","floor":35},{"not_picked":["Underhanded Strike+1","Weave"],"picked":"Concentrate+1","floor":36},{"not_picked":["Outmaneuver+1","Dodge and Roll+1"],"picked":"Pray+1","floor":37},{"not_picked":["A Thousand Cuts+1","Deadly Poison+1","CrushJoints+1"],"picked":"SKIP","floor":39},{"not_picked":["FollowUp","MentalFortress+1","Accuracy+1"],"picked":"SKIP","floor":42},{"not_picked":["EmptyFist","Conclude"],"picked":"Halt+1","floor":44},{"not_picked":["Flying Knee","FlyingSleeves"],"picked":"Venomology+1","floor":47}],"player_experience":406521,"relics_obtained":[{"floor":6,"key":"aspiration:HummingbirdHeart"},{"floor":9,"key":"Ancient Tea Set"},{"floor":22,"key":"Bronze Scales"},{"floor":23,"key":"Old Coin"},{"floor":26,"key":"Pocketwatch"},{"floor":27,"key":"Eternal Feather"},{"floor":30,"key":"Potion Belt"},{"floor":42,"key":"Boot"},{"floor":43,"key":"Anchor"},{"floor":44,"key":"Damaru"},{"floor":46,"key":"Shovel"},{"floor":49,"key":"Pantograph"}],"event_choices":[{"damage_healed":0,"gold_gain":0,"player_choice":"Success","damage_taken":3,"relics_obtained":["CaptainsWheel"],"max_hp_gain":0,"max_hp_loss":0,"event_name":"Scrap Ooze","floor":3,"gold_loss":0},{"damage_healed":0,"gold_gain":71,"player_choice":"Gained Gold","damage_taken":0,"max_hp_gain":0,"max_hp_loss":0,"event_name":"Golden Wing","floor":11,"gold_loss":0},{"damage_healed":0,"gold_gain":0,"player_choice":"Got Potions","damage_taken":0,"max_hp_gain":0,"max_hp_loss":0,"event_name":"Lab","floor":13,"gold_loss":0},{"cards_removed":["Well Laid Plans"],"damage_healed":0,"gold_gain":0,"player_choice":"Removed Power","damage_taken":0,"max_hp_gain":0,"max_hp_loss":0,"event_name":"Falling","floor":41,"gold_loss":0},{"damage_healed":0,"gold_gain":0,"player_choice":"Fight","damage_taken":0,"max_hp_gain":0,"max_hp_loss":0,"event_name":"MindBloom","floor":46,"gold_loss":0},{"damage_healed":0,"gold_gain":0,"player_choice":"Forge","damage_taken":0,"max_hp_gain":0,"max_hp_loss":0,"event_name":"Accursed Blacksmith","floor":48,"gold_loss":0,"cards_upgraded":["DevaForm"]}],"is_beta":false,"boss_relics":[{"not_picked":["Runic Dome","Busted Crown"],"picked":"aspiration:PoetsPen_weak"},{"not_picked":["Snecko Eye","Fusion Hammer"],"picked":"SlaversCollar"}],"items_purged_floors":[],"is_endless":false,"potions_floor_spawned":[2,4,6,16,19,23,24,31,36,46],"ascension_level":0}}