{"host":"j45ucdvl5ntpx4kf","time":1610180571,"event":{"mods":["AchievementEnabler","BaseMod","Colored Map","Colored Powertips","Minty Spire (QoL Compilation)","StSLib"],"gold_per_floor":[117,117,192,42,42,83,83,104,104,151,170,93,116,149,149,278,278,278,278],"floor_reached":18,"playtime":369,"items_purged":["Strike_P"],"score":262,"play_id":"dd7fa1e6-b1e9-482e-87b6-53bbcbea9820","local_time":"20210109032251","is_ascension_mode":true,"campfire_choices":[{"floor":15,"key":"REST"}],"circlet_count":0,"master_deck":["Strike_P","Strike_P","Strike_P","Defend_P","Defend_P+1","Defend_P","Defend_P","Eruption","Vigilance","Conclude","BattleHymn+1","EmptyFist","Alpha","LessonLearned+1","BowlingBash+1","CrushJoints+1","Blasphemy"],"relics":["PureWater","NeowsBlessing","Shuriken","Golden Idol","Oddly Smooth Stone","Molten Egg 2","Lantern","Juzu Bracelet","Cursed Key"],"acts_visited":["Exordium","TheCity"],"potions_floor_usage":[13],"damage_taken":[{"damage":0,"enemies":"2 Louse","floor":1,"turns":1},{"damage":0,"enemies":"Gremlin Nob","floor":6,"turns":1},{"damage":0,"enemies":"Small Slimes","floor":8,"turns":1},{"damage":0,"enemies":"Cultist","floor":11,"turns":2},{"damage":2,"enemies":"Red Slaver","floor":13,"turns":2},{"damage":0,"enemies":"3 Sentries","floor":14,"turns":3},{"damage":15,"enemies":"Hexaghost","floor":16,"turns":9},{"damage":100011,"enemies":"3 Byrds","floor":18,"turns":2}],"seed_played":"-8857372310075781181","potions_obtained":[{"floor":1,"key":"Fire Potion"},{"floor":8,"key":"GamblersBrew"},{"floor":11,"key":"Dexterity Potion"}],"is_trial":false,"path_per_floor":["M","?","?","$","?","E","$","M","T","T","M","$","M","E","R","B",null,"M"],"character_chosen":"WATCHER","items_purchased":["BattleHymn","LessonLearned+1"],"campfire_rested":1,"item_purchase_floors":[4,12],"current_hp_per_floor":[72,54,43,43,25,25,25,25,25,25,25,25,23,23,44,29,72,0,0],"gold":278,"neow_bonus":"THREE_ENEMY_KILL","is_daily":false,"chose_seed":false,"campfire_upgraded":0,"win_rate":0.0,"timestamp":1610180571,"path_taken":["M","?","?","$","?","E","$","M","T","?","M","?","M","E","R","BOSS","M"],"items_purchased_type":["Card","Card"],"build_version":"2020-12-22","purchased_purges":1,"victory":false,"max_hp_per_floor":[72,72,72,72,72,72,72,72,72,72,72,72,72,72,72,72,72,72,72],"card_choices":[{"not_picked":["CarveReality","Protect"],"picked":"Conclude","floor":1},{"not_picked":["EmptyBody","Halt"],"picked":"EmptyFist","floor":6},{"not_picked":["Sanctity","ThirdEye","Indignation"],"picked":"SKIP","floor":8},{"not_picked":["ReachHeaven+1","JustLucky+1"],"picked":"Alpha","floor":11},{"not_picked":["Conclude+1","PathToVictory"],"picked":"BowlingBash+1","floor":13},{"not_picked":["Halt","Adaptation"],"picked":"CrushJoints+1","floor":14},{"not_picked":["LessonLearned+1","Devotion"],"picked":"Blasphemy","floor":16}],"player_experience":140263,"relics_obtained":[{"floor":6,"key":"Oddly Smooth Stone"},{"floor":9,"key":"Molten Egg 2"},{"floor":10,"key":"Lantern"},{"floor":14,"key":"Juzu Bracelet"}],"event_choices":[{"damage_healed":0,"gold_gain":0,"player_choice":"Success","damage_taken":18,"relics_obtained":["Shuriken"],"max_hp_gain":0,"max_hp_loss":0,"event_name":"Scrap Ooze","floor":2,"gold_loss":0},{"damage_healed":0,"gold_gain":75,"player_choice":"Gather Gold","damage_taken":11,"max_hp_gain":0,"max_hp_loss":0,"event_name":"World of Goop","floor":3,"gold_loss":0},{"damage_healed":0,"gold_gain":0,"player_choice":"Take Damage","damage_taken":18,"relics_obtained":["Golden Idol"],"max_hp_gain":0,"max_hp_loss":0,"event_name":"Golden Idol","floor":5,"gold_loss":0}],"is_beta":false,"boss_relics":[{"not_picked":["HolyWater","Philosopher\u0027s Stone"],"picked":"Cursed Key"}],"items_purged_floors":[4],"is_endless":false,"potions_floor_spawned":[1,8,11],"killed_by":"3 Byrds","ascension_level":4}}