{"host":"uy3vg6glkp8m6iit","time":1610206137,"event":{"mods":["AchievementEnabler","BaseMod","Colored Map","DeckTracker","Highlight Path","Keyboard Shortcuts","Minty Spire (QoL Compilation)","Quick Restart","Random Character Button","Rare Cards Sparkle","Relic Stats","StSLib","everything is the same but u backflip on backflip"],"gold_per_floor":[368,368,382,401,19,19,19,19,19,43,77,77,112,136,136,255,255,274,313,333,21,21,21,21],"floor_reached":23,"playtime":922,"items_purged":["Strike_G"],"score":308,"play_id":"d2814dbe-7e0c-4042-b510-305dbf07450a","local_time":"20210110002857","is_ascension_mode":true,"campfire_choices":[{"data":"Crippling Poison","floor":7.0,"key":"SMITH"},{"data":"Deadly Poison","floor":12.0,"key":"SMITH"},{"data":"Leg Sweep","floor":15.0,"key":"SMITH"}],"circlet_count":0,"master_deck":["AscendersBane","Strike_G","Defend_G","Defend_G","Defend_G","Defend_G","Defend_G","Survivor","Neutralize","Slice","Deadly Poison+1","Crippling Poison+1","Skewer","After Image","Dash","Reflex","Backstab","Infinite Blades","Leg Sweep+1","Wraith Form v2","Backflip","Catalyst","Burst","Footwork","Night Terror"],"relics":["Ring of the Snake","Orrery","Golden Idol","Meat on the Bone","Bag of Marbles","Anchor","Empty Cage","Red Mask"],"acts_visited":["Exordium","TheCity"],"potions_floor_usage":[],"damage_taken":[{"damage":0.0,"enemies":"2 Louse","floor":1.0,"turns":3.0},{"damage":0.0,"enemies":"Small Slimes","floor":3.0,"turns":4.0},{"damage":0.0,"enemies":"Cultist","floor":4.0,"turns":4.0},{"damage":0.0,"enemies":"3 Louse","floor":10.0,"turns":3.0},{"damage":16.0,"enemies":"Gremlin Nob","floor":11.0,"turns":4.0},{"damage":8.0,"enemies":"3 Sentries","floor":13.0,"turns":6.0},{"damage":0.0,"enemies":"2 Fungi Beasts","floor":14.0,"turns":2.0},{"damage":20.0,"enemies":"The Guardian","floor":16.0,"turns":12.0},{"damage":0.0,"enemies":"Spheric Guardian","floor":18.0,"turns":5.0},{"damage":18.0,"enemies":"Masked Bandits","floor":19.0,"turns":7.0},{"damage":7.0,"enemies":"Shell Parasite","floor":20.0,"turns":9.0},{"damage":43,"enemies":"Book of Stabbing","floor":23,"turns":7}],"seed_played":"-6781827769500859982","potions_obtained":[{"floor":1.0,"key":"Ancient Potion"},{"floor":3.0,"key":"CunningPotion"},{"floor":13.0,"key":"PowerPotion"}],"is_trial":false,"path_per_floor":["M","?","M","M","$","?","R","?","T","M","E","R","E","M","R","B",null,"M","?","M","$","?","E"],"character_chosen":"THE_SILENT","items_purchased":["Crippling Poison","Skewer","Orrery","Catalyst","Burst","Footwork"],"campfire_rested":0,"item_purchase_floors":[5,5,5,21,21,21],"current_hp_per_floor":[63,63,63,63,63,48,48,48,48,48,32,32,36,36,36,28,54,54,36,41,41,41,0,0],"gold":21,"neow_bonus":"TWO_FIFTY_GOLD","is_daily":false,"chose_seed":false,"campfire_upgraded":3,"win_rate":0.0,"timestamp":1610206137,"path_taken":["M","?","M","M","$","?","R","?","T","M","E","R","E","M","R","BOSS","M","?","M","$","?","E"],"items_purchased_type":["Card","Card","Relic","Card","Card","Card"],"build_version":"2020-12-22","purchased_purges":1,"victory":false,"max_hp_per_floor":[63,63,63,63,63,63,63,63,63,63,63,63,63,63,63,63,63,63,63,63,63,63,63,63],"relic_stats":{"counters":[12,66],"Golden Idol":64,"obtain_stats":[{"Anchor":13,"Golden Idol":6,"Orrery":5,"Bag of Marbles":11,"Red Mask":19,"Empty Cage":17,"Ring of the Snake":0,"Meat on the Bone":9},{"Anchor":6,"Golden Idol":3,"Orrery":3,"Bag of Marbles":5,"Red Mask":10,"Empty Cage":8,"Ring of the Snake":0,"Meat on the Bone":3},{"Anchor":24,"Golden Idol":11,"Orrery":11,"Bag of Marbles":18,"Red Mask":50,"Empty Cage":38,"Ring of the Snake":0,"Meat on the Bone":11}],"Ring of the Snake":[24],"Meat on the Bone":36},"card_choices":[{"not_picked":["Well Laid Plans","PiercingWail"],"picked":"Slice","floor":1.0},{"not_picked":["Dodge and Roll","Sucker Punch","Endless Agony"],"picked":"SKIP","floor":3.0},{"not_picked":["Backflip","Dodge and Roll"],"picked":"Deadly Poison","floor":4.0},{"not_picked":["Deflect","Poisoned Stab"],"picked":"After Image","floor":5.0},{"not_picked":["Flying Knee","Quick Slash"],"picked":"Dash","floor":5.0},{"not_picked":["Prepared","Finisher"],"picked":"Reflex","floor":5.0},{"not_picked":["Prepared","Underhanded Strike"],"picked":"Backstab","floor":5.0},{"not_picked":["Flechettes","Bane","Dodge and Roll"],"picked":"SKIP","floor":10.0},{"not_picked":["All Out Attack","Concentrate"],"picked":"Leg Sweep","floor":11.0},{"not_picked":["Dagger Throw","Cloak And Dagger","Blade Dance"],"picked":"SKIP","floor":13.0},{"not_picked":["Dagger Throw","Cloak And Dagger","Blade Dance"],"picked":"SKIP","floor":13.0},{"not_picked":["Flechettes","Choke","Dodge and Roll"],"picked":"SKIP","floor":14.0},{"not_picked":["Bullet Time","Burst"],"picked":"Wraith Form v2","floor":16.0},{"not_picked":["Deadly Poison+1","Flying Knee","Accuracy+1"],"picked":"SKIP","floor":18.0},{"not_picked":["Choke","Dagger Spray"],"picked":"Backflip","floor":19.0},{"not_picked":["Poisoned Stab","Masterful Stab","Blur"],"picked":"SKIP","floor":20.0}],"player_experience":1466599,"relics_obtained":[{"floor":9.0,"key":"Meat on the Bone"},{"floor":11.0,"key":"Bag of Marbles"},{"floor":13.0,"key":"Anchor"},{"floor":19.0,"key":"Red Mask"}],"event_choices":[{"damage_healed":0.0,"max_hp_gain":0.0,"max_hp_loss":0.0,"gold_gain":0.0,"event_name":"Shining Light","player_choice":"Ignored","floor":2.0,"gold_loss":0.0,"damage_taken":0.0},{"damage_healed":0.0,"max_hp_gain":0.0,"max_hp_loss":0.0,"gold_gain":0.0,"event_name":"Golden Idol","player_choice":"Take Damage","floor":6.0,"gold_loss":0.0,"damage_taken":15.0,"relics_obtained":["Golden Idol"]},{"damage_healed":0.0,"max_hp_gain":0.0,"max_hp_loss":0.0,"gold_gain":0.0,"cards_transformed":["Strike_G"],"event_name":"Transmorgrifier","player_choice":"Transformed","floor":8.0,"gold_loss":0.0,"damage_taken":0.0,"cards_obtained":["Infinite Blades"]},{"damage_healed":0.0,"max_hp_gain":0.0,"max_hp_loss":0.0,"gold_gain":0.0,"event_name":"Masked Bandits","player_choice":"Fought Bandits","floor":19.0,"gold_loss":0.0,"damage_taken":0.0},{"damage_healed":0.0,"max_hp_gain":0.0,"max_hp_loss":0.0,"gold_gain":0.0,"event_name":"The Library","player_choice":"Read","floor":22.0,"gold_loss":0.0,"damage_taken":0.0,"cards_obtained":["Night Terror"]}],"is_beta":false,"boss_relics":[{"not_picked":["Velvet Choker","Ectoplasm"],"picked":"Empty Cage"}],"items_purged_floors":[5],"is_endless":false,"potions_floor_spawned":[1,3,10,13,18],"killed_by":"Book of Stabbing","ascension_level":11}}