{"host":"1yemetsqamtkb9ct","time":1610164970,"event":{"mods":["AchievementEnabler","BaseMod","Colored Map","Custom Start","KOR Keyword Fix","Lobotomy","Minty Spire (QoL Compilation)","Quick Restart","Random Character Button","StSLib","SuperFastMode"],"gold_per_floor":[115,133,147,147,167,167,178,178,227,243,271,283,297,222,222,321,321,321,321],"floor_reached":18,"playtime":535,"items_purged":["Strike_R"],"score":166,"play_id":"85e5c742-0702-4f0c-aaee-b8a9d29fc98f","local_time":"20210109130250","is_ascension_mode":false,"campfire_choices":[{"data":"Feel No Pain","floor":6.0,"key":"SMITH"},{"floor":8.0,"key":"REST"},{"data":"Bash","floor":15.0,"key":"SMITH"}],"circlet_count":0,"master_deck":["Strike_R","Strike_R+1","Strike_R","Strike_R","Defend_R","Defend_R","Defend_R","Defend_R+1","Bash+1","CrumblingArmor","OldLady","Feel No Pain+1","Porccubus","HappyTeddy","GreedKing","Woodsman","Scorched"],"relics":["Burning Blood","CogitoBucket","Anchor","TreeSap","Bottled Lightning","Ectoplasm"],"acts_visited":["Exordium","TheCity"],"potions_floor_usage":[],"damage_taken":[{"damage":1.0,"enemies":"2 Louse","floor":1.0,"turns":3.0},{"damage":11.0,"enemies":"Jaw Worm","floor":2.0,"turns":3.0},{"damage":1.0,"enemies":"Cultist","floor":3.0,"turns":3.0},{"damage":19.0,"enemies":"Large Slime","floor":5.0,"turns":8.0},{"damage":2.0,"enemies":"Blue Slaver","floor":7.0,"turns":2.0},{"damage":2.0,"enemies":"Red Slaver","floor":10.0,"turns":3.0},{"damage":13.0,"enemies":"Lagavulin","floor":11.0,"turns":7.0},{"damage":0.0,"enemies":"Exordium Wildlife","floor":12.0,"turns":3.0},{"damage":4.0,"enemies":"Looter","floor":13.0,"turns":4.0},{"damage":35.0,"enemies":"Hexaghost","floor":16.0,"turns":15.0},{"damage":44,"enemies":"Chosen","floor":18,"turns":5}],"seed_played":"3513965204269360615","potions_obtained":[{"floor":3.0,"key":"ElixirPotion"},{"floor":7.0,"key":"Explosive Potion"},{"floor":11.0,"key":"Weak Potion"},{"floor":12.0,"key":"LiquidBronze"}],"is_trial":false,"path_per_floor":["M","M","M","?","M","R","M","R","T","M","E","M","M","$","R","B",null,"M"],"character_chosen":"IRONCLAD","items_purchased":[],"campfire_rested":1,"item_purchase_floors":[],"current_hp_per_floor":[80,75,80,64,51,51,37,61,61,65,58,64,66,66,66,59,80,36,36],"gold":321,"neow_bonus":"","is_daily":false,"chose_seed":false,"campfire_upgraded":2,"win_rate":0.0,"timestamp":1610164970,"path_taken":["M","M","M","?","M","R","M","R","T","M","E","M","M","$","R","BOSS","M"],"items_purchased_type":[],"build_version":"2020-12-22","purchased_purges":1,"victory":false,"max_hp_per_floor":[80,80,80,80,80,80,80,80,80,80,80,80,80,80,80,80,80,80,80],"card_choices":[{"not_picked":["MeatLantern","VoidDream"],"picked":"CrumblingArmor","floor":1.0},{"not_picked":["Armaments","Sword Boomerang","Thunderclap"],"picked":"SKIP","floor":1.0},{"not_picked":["OSAHOGD","MeatLantern"],"picked":"OldLady","floor":2.0},{"not_picked":["Warcry","Flex","Perfected Strike"],"picked":"SKIP","floor":2.0},{"not_picked":["RedShoes","MHz"],"picked":"Yin","floor":3.0},{"not_picked":["Armaments","True Grit","Feel No Pain"],"picked":"SKIP","floor":3.0},{"not_picked":["Armaments","True Grit"],"picked":"Feel No Pain","floor":3.0},{"not_picked":["Evolve","Wild Strike","Reckless Charge"],"picked":"SKIP","floor":5.0},{"not_picked":["MeatLantern","Scorched"],"picked":"Porccubus","floor":7.0},{"not_picked":["Reaper","Anger","Pummel"],"picked":"SKIP","floor":7.0},{"not_picked":["CherryBlossoms","MHz"],"picked":"HappyTeddy","floor":10.0},{"not_picked":["Combust","Intimidate","Rupture"],"picked":"SKIP","floor":10.0},{"not_picked":["RedShoes","SpiderBud"],"picked":"CherryBlossoms","floor":11.0},{"not_picked":["Hemokinesis","Wild Strike","Iron Wave"],"picked":"SKIP","floor":11.0},{"not_picked":["Hemokinesis","Wild Strike","Iron Wave"],"picked":"SKIP","floor":11.0},{"not_picked":["SingingMachine","Wellcheers"],"picked":"GreedKing","floor":12.0},{"not_picked":["Warcry","Second Wind","Evolve"],"picked":"SKIP","floor":12.0},{"not_picked":["Variant","WallGazer"],"picked":"Woodsman","floor":13.0},{"not_picked":["Sentinel","Clash","Entrench"],"picked":"SKIP","floor":13.0},{"not_picked":["GalaxyChild","BigBird"],"picked":"Scorched","floor":16.0}],"player_experience":597300,"relics_obtained":[{"floor":9.0,"key":"Anchor"},{"floor":11.0,"key":"Bottled Lightning"}],"event_choices":[{"damage_healed":0.0,"max_hp_gain":0.0,"max_hp_loss":0.0,"gold_gain":0.0,"event_name":"Shining Light","player_choice":"Entered Light","floor":4.0,"gold_loss":0.0,"damage_taken":16.0,"cards_upgraded":["Defend_R","Strike_R"]}],"is_beta":false,"boss_relics":[{"not_picked":["Sozu","Black Blood"],"picked":"Ectoplasm"}],"items_purged_floors":[14],"is_endless":false,"potions_floor_spawned":[3,7,11,12,13],"killed_by":"Chosen","ascension_level":0}}