{"host":"ixtszv54kd1m8623","time":1610161201,"event":{"mods":["Act Like it!","Aspiration","Bard","BaseMod","Beaked The Cultist","ChefMod","Colored Map","Colored Powertips","Conspire","Downfall","Duelist Mod","Gensokyo","GifTheSpireLib","Halation","Hermit","Hubris","Infinite Spire","Jorbs\u0027s Wanderer Trilogy","Lobotomy","Minty Spire (QoL Compilation)","Replay The Spire","Robot Space Explorer","Shade Mod","StSLib","The Animator","The Blackbeard","The Bug Knight","The Cursed","The Disciple","The Dragon Tamer","The Marked","The Runesmith","The Servant 0.9.4"],"gold_per_floor":[145,156,171,184,184,209,209,240,240,240,271,271,0,28,28,130,130,149,149,165,214,226,259,270,300,326,326,336,336,103,122,122,227,227,244,244,169,179,190,224,236,248,284,373,418,446,468,23,23,23],"floor_reached":51,"playtime":3237,"items_purged":["theDuelist:CurseArmaments"],"score":1018,"play_id":"619fd4e4-4959-485a-be22-ccd1994296db","local_time":"20210108190001","is_ascension_mode":true,"campfire_choices":[{"data":"theDuelist:BigFire","floor":10,"key":"SMITH"},{"data":"theDuelist:LonefireBlossom","floor":12,"key":"SMITH"},{"data":"theDuelist:Inmato","floor":15,"key":"SMITH"},{"data":"theDuelist:LightningVortex","floor":27,"key":"SMITH"},{"floor":32,"key":"REST"},{"data":"Capacitor","floor":41,"key":"SMITH"},{"floor":49,"key":"REST"}],"circlet_count":0,"master_deck":["theDuelist:AngelTrumpeter","theDuelist:CactusBouncer","theDuelist:CastleWalls","theDuelist:CastleWalls","theDuelist:DarkworldThorns","theDuelist:Inmato+1","theDuelist:JerryBeansMan","theDuelist:JerryBeansMan","theDuelist:Sparks","theDuelist:Sparks","theDuelist:QueenAngelRoses+1","theDuelist:WeepingIdol","theDuelist:WeepingIdol","theDuelist:PotDichotomy","theDuelist:SeedCannon","theDuelist:Inmato","theDuelist:BigFire+1","theDuelist:LonefireBlossom+1","theDuelist:PredaplantFlytrap","theDuelist:BloomingDarkestRose","theDuelist:BirdRoses","theDuelist:BlackRoseMoonlight","theDuelist:WhiteRoseDragon","theDuelist:EarthEffigy+1","theDuelist:WormApocalypse+1","theDuelist:PredaplantChimerafflesia+1","theDuelist:LightningVortex+1","theDuelist:JerryBeansMan+1","theDuelist:RevivalRose+1","theDuelist:Electrowhip","theDuelist:WeepingIdol+1","Enlightenment+1","theDuelist:ChangeHeart","theDuelist:Reinforcements","Capacitor+1","theDuelist:VioletCrystal+1","theDuelist:Gigaplant+1","theDuelist:WormApocalypse+1","theDuelist:KamionTimelord+1","theDuelist:SeedCannon+1","theDuelist:SeedCannon+1","theDuelist:CopyPlant+1","theDuelist:FallenAngelRoses+1","theDuelist:QueenAngelRoses+1","theDuelist:BotanicalLion+1","theDuelist:FluteKuriboh","Turbo","theDuelist:EarthGiant"],"relics":["theDuelist:MillenniumPuzzle","theDuelist:CardPoolRelic","theDuelist:CardPoolBasicRelic","theDuelist:BoosterPackPoolRelic","theDuelist:CardPoolAddRelic","theDuelist:CardPoolMinusRelic","theDuelist:CardPoolSaveRelic","theDuelist:CardPoolOptionsRelic","Replay:Wax Seal","infinitespire:Satchel","Blue Doll","Red Skull","Strawberry","hubris:AncientText","aspiration:DefectSkillbook","theDuelist:BoosterPackMonsterEgg","HollowMod:PaleOreRelic","Snake Skull","Happy Flower","Blood Vial","Orrery","theDuelist:MillenniumSymbol","Busted Crown","theDuelist:ResummonBranch","MawBank","theDuelist:NamelessPowerRelicB","aspiration:TomeofQuesting","theDuelist:MetronomeRelicB","hubris:BundleOfHerbs","Durian"],"acts_visited":["Exordium","TheCity","TheBeyond"],"potions_floor_usage":[8,8,16,22,23,33,33,45,50],"damage_taken":[{"damage":0,"enemies":"conspire:RoseBush","floor":1,"turns":3},{"damage":3,"enemies":"Jaw Worm","floor":2,"turns":3},{"damage":0,"enemies":"Small Slimes","floor":3,"turns":3},{"damage":0,"enemies":"Exordium Thugs","floor":4,"turns":4},{"damage":1,"enemies":"Lagavulin","floor":6,"turns":5},{"damage":0,"enemies":"Gremlin Nob","floor":8,"turns":4},{"damage":1,"enemies":"Lagavulin","floor":11,"turns":5},{"damage":5,"enemies":"3 Sentries","floor":14,"turns":3},{"damage":17,"enemies":"Hexaghost","floor":16,"turns":6},{"damage":0,"enemies":"conspire:FuzzyDice","floor":18,"turns":3},{"damage":6,"enemies":"Spheric Guardian","floor":20,"turns":4},{"damage":10,"enemies":"Snake Plant","floor":22,"turns":3},{"damage":23,"enemies":"Replay:Snechameleon","floor":23,"turns":4},{"damage":0,"enemies":"conspire:HollyBat","floor":24,"turns":6},{"damage":0,"enemies":"conspire:Head Lice","floor":25,"turns":5},{"damage":14,"enemies":"Centurion and Healer","floor":28,"turns":4},{"damage":28,"enemies":"3 Cultists","floor":31,"turns":4},{"damage":16,"enemies":"Collector","floor":33,"turns":6},{"damage":8,"enemies":"3 Darklings","floor":35,"turns":3},{"damage":0,"enemies":"Orb Walker","floor":38,"turns":4},{"damage":18,"enemies":"Sphere and 2 Shapes","floor":39,"turns":3},{"damage":16,"enemies":"Giant Head","floor":40,"turns":7},{"damage":0,"enemies":"R_Hoarder","floor":45,"turns":5},{"damage":9,"enemies":"3 Darklings","floor":46,"turns":3},{"damage":0,"enemies":"Jaw Worm Horde","floor":47,"turns":3},{"damage":0,"enemies":"Donu and Deca","floor":50,"turns":5}],"seed_played":"-7217253627045624898","potions_obtained":[{"floor":3,"key":"theDuelist:DebuffFuryPotion"},{"floor":4,"key":"theDuelist:FusionPotion"},{"floor":6,"key":"FocusPotion"},{"floor":16,"key":"Block Potion"},{"floor":20,"key":"theDuelist:GiftPotion"},{"floor":24,"key":"SkillPotion"},{"floor":25,"key":"theDuelist:WaterBottle"},{"floor":28,"key":"Fire Potion"},{"floor":31,"key":"theDuelist:SteelBrew"},{"floor":38,"key":"SkillPotion"},{"floor":39,"key":"Explosive Potion"},{"floor":40,"key":"theDuelist:MegaupgradePotion"}],"is_trial":false,"path_per_floor":["M","M","M","M","?","E","?","E","T","R","E","R","$","E","R","B",null,"M","?","M","T","M","E","M","E","T","R","M","AVR","$","M","R","B",null,"M","?","$","M","M","E","R","?","T","?","E","M","M","$","R","B",null],"character_chosen":"THE_DUELIST","items_purchased":["theDuelist:PredaplantFlytrap","theDuelist:BloomingDarkestRose","Strawberry","theDuelist:MillenniumSymbol","Capacitor","Durian","Turbo","theDuelist:EarthGiant"],"campfire_rested":2,"item_purchase_floors":[13,13,13,30,30,48,48,48],"current_hp_per_floor":[80,77,77,77,77,76,76,76,76,76,75,75,82,77,77,60,87,87,81,75,75,65,53,53,53,53,53,41,41,41,15,41,30,90,82,82,82,84,68,54,54,54,54,54,56,49,51,56,83,85],"gold":23,"neow_bonus":"ONE_RANDOM_RARE_CARD","is_daily":false,"chose_seed":false,"campfire_upgraded":5,"win_rate":0.0,"timestamp":1610161201,"path_taken":["M","M","M","?","?","E","?","E","T","R","E","R","$","E","R","BOSS","M","?","M","?","M","E","M","E","T","R","?","AVR","?","M","R","BOSS","M","?","?","M","?","E","R","?","T","?","E","M","M","$","R","BOSS"],"items_purchased_type":["Card","Card","Relic","Relic","Card","Relic","Card","Card"],"build_version":"2020-12-22","purchased_purges":1,"victory":true,"max_hp_per_floor":[80,80,80,80,80,80,80,80,80,80,80,80,87,87,87,87,87,87,87,87,87,87,87,87,87,87,87,87,87,87,87,87,90,90,90,90,90,90,90,90,90,86,86,86,86,86,86,91,91,91],"card_choices":[{"not_picked":["theDuelist:WormWarlord","theDuelist:Kuriboh","theDuelist:AttackTheMoon","theDuelist:SphereKuriboh"],"picked":"theDuelist:WeepingIdol","floor":1},{"not_picked":["theDuelist:DarkworldThorns","theDuelist:CactusBouncer","theDuelist:Inmato","theDuelist:AngelTrumpeter"],"picked":"theDuelist:WeepingIdol","floor":2},{"not_picked":["theDuelist:BattleOx","theDuelist:BlackPendant","theDuelist:GilfordLegend","theDuelist:PreventRat"],"picked":"theDuelist:PotDichotomy","floor":3},{"not_picked":["theDuelist:BeastFangs","theDuelist:RoseArcher","theDuelist:RevivalRose","theDuelist:BlackRoseMoonlight"],"picked":"theDuelist:SeedCannon","floor":4},{"not_picked":["theDuelist:JerryBeansMan","theDuelist:DarkworldThorns","theDuelist:WeepingIdol","theDuelist:QueenAngelRoses"],"picked":"theDuelist:Inmato","floor":6},{"not_picked":["theDuelist:GraniteLoyalist","theDuelist:LightningRodLord","theDuelist:MudGolem","theDuelist:Hinotama"],"picked":"theDuelist:BigFire","floor":8},{"not_picked":["theDuelist:BotanicalLion","theDuelist:PredaplantPterapenthes","theDuelist:Inmato","theDuelist:SplendidRose"],"picked":"theDuelist:LonefireBlossom","floor":11},{"not_picked":["theDuelist:RosePaladin","theDuelist:GracefulCharity","theDuelist:SplendidRose","theDuelist:LordPoison"],"picked":"theDuelist:BirdRoses","floor":14},{"not_picked":["theDuelist:BlossomBombardment","theDuelist:HeartUnderdog","theDuelist:BeastFangs","theDuelist:RoseArcher"],"picked":"theDuelist:BlackRoseMoonlight","floor":16},{"not_picked":["theDuelist:DarkworldThorns+1","theDuelist:PotDuality","theDuelist:PredaplantFlytrap+1","theDuelist:MiracleFertilizer+1"],"picked":"theDuelist:WhiteRoseDragon","floor":18},{"not_picked":["theDuelist:MillenniumGolem+1","theDuelist:DarkFactory+1","theDuelist:FlameTiger+1","theDuelist:AttackTheMoon"],"picked":"theDuelist:EarthEffigy+1","floor":20},{"not_picked":["theDuelist:JerryBeansMan+1","theDuelist:PredaplantChlamydosundew+1","theDuelist:Spore+1","theDuelist:FrozenRose"],"picked":"theDuelist:WormApocalypse+1","floor":22},{"not_picked":["theDuelist:SangaEarth+1","theDuelist:KamionTimelord+1"],"picked":"theDuelist:PredaplantChimerafflesia+1","floor":23},{"not_picked":["theDuelist:GilfordLegend+1","theDuelist:GolemSentry+1","theDuelist:GraniteLoyalist+1","theDuelist:GiantSoldierSteel+1"],"picked":"theDuelist:LightningVortex","floor":24},{"not_picked":["theDuelist:CactusBouncer+1","theDuelist:WormApocalypse+1","theDuelist:WhiteRoseDragon+1","theDuelist:SangaEarth+1"],"picked":"theDuelist:JerryBeansMan+1","floor":25},{"not_picked":["theDuelist:BlossomBombardment+1","theDuelist:BeastFangs","theDuelist:RoseArcher+1","theDuelist:QueenAngelRoses+1"],"picked":"theDuelist:RevivalRose+1","floor":28},{"not_picked":["theDuelist:PotDichotomy","theDuelist:BloomingDarkestRose","theDuelist:BlossomBombardment","theDuelist:LightningVortex"],"picked":"theDuelist:Electrowhip","floor":29},{"not_picked":["theDuelist:GiantSoldierSteel+1","theDuelist:GolemSentry+1","theDuelist:MagicHoleGolem+1","theDuelist:RainbowOverdragon+1"],"picked":"theDuelist:WeepingIdol+1","floor":29},{"not_picked":["Apotheosis+1","Impatience","Panache"],"picked":"Enlightenment+1","floor":29},{"not_picked":["theDuelist:BattleguardKing+1","theDuelist:DianKeto","theDuelist:EvilswarmHeliotrope+1","theDuelist:Cloning"],"picked":"theDuelist:ChangeHeart","floor":29},{"not_picked":["theDuelist:SilverApples","theDuelist:BottomlessTrapHole","theDuelist:AcidTrapHole","theDuelist:BloomingDarkestRose"],"picked":"theDuelist:Reinforcements","floor":29},{"not_picked":["theDuelist:SeedCannon","theDuelist:BigFire+1","theDuelist:BloomingDarkestRose","theDuelist:GiantTrapHole+1"],"picked":"theDuelist:VioletCrystal+1","floor":31},{"not_picked":["theDuelist:PlantFoodChain","theDuelist:BeastFangs+1","theDuelist:BlackRoseMoonlight+1","theDuelist:PredaplantSarraceniant+1"],"picked":"theDuelist:Gigaplant+1","floor":33},{"not_picked":["theDuelist:PredaplantFlytrap+1","theDuelist:WhiteRoseDragon+1"],"picked":"theDuelist:WormApocalypse+1","floor":35},{"not_picked":["theDuelist:GemArmadillo+1","theDuelist:LabyrinthWall+1"],"picked":"theDuelist:KamionTimelord+1","floor":38},{"not_picked":["theDuelist:RevivalRose+1","theDuelist:PredaplantSarraceniant+1"],"picked":"theDuelist:SeedCannon+1","floor":39},{"not_picked":["theDuelist:Sparks+1","theDuelist:BlackRoseMoonlight+1"],"picked":"theDuelist:SeedCannon+1","floor":40},{"not_picked":["theDuelist:PredaplantDrosophyllum+1","theDuelist:CrystalRose+1"],"picked":"theDuelist:CopyPlant+1","floor":44},{"not_picked":["theDuelist:MudGolem+1","theDuelist:Mudora+1"],"picked":"theDuelist:FallenAngelRoses+1","floor":44},{"not_picked":["theDuelist:PlantFoodChain","theDuelist:RevivalRose+1"],"picked":"theDuelist:QueenAngelRoses+1","floor":45},{"not_picked":["theDuelist:PredaplantPterapenthes+1","theDuelist:WhiteRoseDragon+1"],"picked":"theDuelist:BotanicalLion+1","floor":46},{"not_picked":["theDuelist:DestroyerGolem+1","theDuelist:HeavyStorm"],"picked":"theDuelist:FluteKuriboh","floor":47}],"player_experience":189463,"relics_obtained":[{"floor":6,"key":"Replay:Wax Seal"},{"floor":8,"key":"infinitespire:Satchel"},{"floor":9,"key":"Blue Doll"},{"floor":11,"key":"Red Skull"},{"floor":14,"key":"hubris:AncientText"},{"floor":21,"key":"HollowMod:PaleOreRelic"},{"floor":23,"key":"Snake Skull"},{"floor":25,"key":"Happy Flower"},{"floor":26,"key":"Blood Vial"},{"floor":40,"key":"MawBank"},{"floor":43,"key":"aspiration:TomeofQuesting"},{"floor":44,"key":"theDuelist:MetronomeRelicB"},{"floor":45,"key":"hubris:BundleOfHerbs"}],"event_choices":[{"damage_healed":0,"gold_gain":0,"player_choice":"Leave","duelist":true,"damage_taken":0,"max_hp_gain":0,"max_hp_loss":0,"event_name":"Relic Duplicator","floor":7,"gold_loss":0},{"damage_healed":0,"gold_gain":0,"player_choice":"Dig - random Duelist relic","duelist":true,"damage_taken":0,"max_hp_gain":0,"max_hp_loss":0,"event_name":"Aknamkanon\u0027s Tomb","floor":19,"gold_loss":0},{"damage_healed":0,"gold_gain":0,"player_choice":"Took item - Received: Millennium Branch","duelist":true,"damage_taken":0,"max_hp_gain":0,"max_hp_loss":0,"event_name":"Millennium Items","floor":36,"gold_loss":0},{"power_reward":3,"total_magic_score":141,"gold_gain":0,"duelist":true,"damage_taken":0,"relics_obtained":["theDuelist:NamelessPowerRelicB"],"points":5,"max_hp_gain":0,"max_hp_loss":4,"spent_points":{"magic":1,"greed":0,"war":0,"power":3,"hunger":0},"event_name":"Nameless Tomb","floor":42,"gold_loss":0,"cards_obtained":[]}],"is_beta":false,"boss_relics":[{"not_picked":["theDuelist:GamblerChip","Velvet Choker"],"picked":"aspiration:DefectSkillbook"},{"not_picked":["Coffee Dripper","halation:PlatinumPhoenix"],"picked":"Busted Crown"}],"items_purged_floors":[37],"is_endless":false,"potions_floor_spawned":[3,4,6,16,20,24,25,28,31,38,39,40],"ascension_level":1}}