{"host":"jqln3q8z91cyrmpl","time":1610202816,"event":{"mods":["AchievementEnabler","BaseMod","Colored Map","DeckTracker","Keyboard Shortcuts","Minty Spire (QoL Compilation)","SuperFastMode"],"gold_per_floor":[114,129,129,146,71,106,124,124,173,206,226,226,105,105,105,207,207,222,255,255,63,63,88,3,3,3,3,16,16,43,116,116,116,116],"floor_reached":33,"playtime":1257,"items_purged":["Pain","Strike_R","Defend_R"],"score":465,"play_id":"28686f70-e8f5-4bf5-8fcf-36868e538479","local_time":"20210109233336","is_ascension_mode":true,"campfire_choices":[{"data":"Corruption","floor":8,"key":"SMITH"},{"floor":12,"key":"REST"},{"data":"True Grit","floor":15,"key":"SMITH"},{"floor":25,"key":"REST"},{"data":"Evolve","floor":27,"key":"SMITH"},{"data":"Fire Breathing","floor":29,"key":"SMITH"},{"floor":32,"key":"REST"}],"circlet_count":0,"master_deck":["Strike_R","Strike_R","Defend_R","Defend_R","Defend_R","Bash","Wild Strike","Iron Wave","Pommel Strike","Corruption+1","Dropkick","Feel No Pain","True Grit+1","Reaper","Fire Breathing+1","Evolve+1","Shrug It Off","RitualDagger","Burning Pact","Disarm+1"],"relics":["Burning Blood","WarpedTongs","The Courier","Potion Belt","Juzu Bracelet","SacredBark","Red Mask","WingedGreaves","CeramicFish","Pear","Shuriken"],"acts_visited":["TheCity"],"potions_floor_usage":[6,10,10,10,16,16,16,16,19,23,23],"damage_taken":[{"damage":16,"enemies":"Small Slimes","floor":1,"turns":5},{"damage":1,"enemies":"Cultist","floor":2,"turns":3},{"damage":7,"enemies":"2 Louse","floor":4,"turns":3},{"damage":22,"enemies":"Lagavulin","floor":6,"turns":6},{"damage":15,"enemies":"Lots of Slimes","floor":7,"turns":4},{"damage":24,"enemies":"Gremlin Nob","floor":10,"turns":4},{"damage":10,"enemies":"2 Fungi Beasts","floor":11,"turns":4},{"damage":0,"enemies":"Slime Boss","floor":16,"turns":7},{"damage":14,"enemies":"Shell Parasite","floor":18,"turns":7},{"damage":28,"enemies":"Masked Bandits","floor":19,"turns":4},{"damage":32,"enemies":"Slavers","floor":23,"turns":5},{"damage":19,"enemies":"3 Byrds","floor":28,"turns":8},{"damage":36,"enemies":"Centurion and Healer","floor":30,"turns":10},{"damage":56,"enemies":"Automaton","floor":33,"turns":6}],"seed_played":"-3193621581840968130","potions_obtained":[{"floor":0,"key":"Energy Potion"},{"floor":0,"key":"CultistPotion"},{"floor":0,"key":"SneckoOil"},{"floor":1,"key":"EntropicBrew"},{"floor":6,"key":"Weak Potion"},{"floor":16,"key":"Explosive Potion"},{"floor":19,"key":"Fire Potion"}],"is_trial":false,"path_per_floor":["M","M","?","M","$","E","M","R","T","E","M","R","$","?","R","B",null,"M","?","?","$","?","E","?","R","T","R","M","R","M","T","R","B"],"character_chosen":"IRONCLAD","items_purchased":["True Grit","Evolve","Shrug It Off"],"campfire_rested":3,"item_purchase_floors":[13,21,21],"current_hp_per_floor":[62,67,67,66,66,50,41,41,41,23,19,43,43,43,43,49,72,64,42,42,42,36,18,18,42,52,52,43,43,17,17,44,0,0],"gold":116,"neow_bonus":"THREE_SMALL_POTIONS","is_daily":false,"chose_seed":false,"campfire_upgraded":4,"win_rate":0.0,"timestamp":1610202816,"path_taken":["M","M","?","?","$","E","M","R","T","E","M","R","$","?","R","BOSS","M","?","?","$","?","E","?","R","T","R","M","R","M","?","R","BOSS"],"items_purchased_type":["Card","Card","Card"],"build_version":"2020-12-22","purchased_purges":3,"victory":false,"max_hp_per_floor":[80,80,80,80,80,80,80,80,80,80,80,80,80,80,80,80,80,80,80,80,80,80,80,80,80,90,90,90,90,90,90,90,90,90],"card_choices":[{"not_picked":["Iron Wave","Twin Strike"],"picked":"Wild Strike","floor":1},{"not_picked":["Rupture","Sever Soul"],"picked":"Iron Wave","floor":2},{"not_picked":["Havoc","Sever Soul","Sentinel"],"picked":"SKIP","floor":4},{"not_picked":["Perfected Strike","Disarm"],"picked":"Pommel Strike","floor":6},{"not_picked":["Searing Blow","Twin Strike"],"picked":"Corruption","floor":7},{"not_picked":["Sentinel","Thunderclap"],"picked":"Dropkick","floor":10},{"not_picked":["Iron Wave","Havoc"],"picked":"Feel No Pain","floor":11},{"not_picked":["Offering","Berserk"],"picked":"Reaper","floor":16},{"not_picked":["Bloodletting","Battle Trance"],"picked":"Fire Breathing","floor":18},{"not_picked":["Wild Strike","Flame Barrier+1"],"picked":"Burning Pact","floor":23},{"not_picked":["Warcry","Uppercut","Searing Blow"],"picked":"SKIP","floor":28},{"not_picked":["Pommel Strike","Evolve"],"picked":"Disarm+1","floor":30}],"player_experience":361638,"relics_obtained":[{"floor":6,"key":"The Courier"},{"floor":9,"key":"Potion Belt"},{"floor":10,"key":"Juzu Bracelet"},{"floor":19,"key":"Red Mask"},{"floor":23,"key":"WingedGreaves"},{"floor":26,"key":"Pear"},{"floor":31,"key":"Shuriken"}],"event_choices":[{"damage_healed":0,"gold_gain":0,"player_choice":"Rummage","damage_taken":0,"relics_obtained":["WarpedTongs"],"max_hp_gain":0,"max_hp_loss":0,"event_name":"Accursed Blacksmith","floor":3,"gold_loss":0,"cards_obtained":["Pain"]},{"cards_removed":["Strike_R"],"damage_healed":0,"gold_gain":0,"player_choice":"Offered Basic","damage_taken":0,"max_hp_gain":0,"max_hp_loss":0,"event_name":"Bonfire Elementals","floor":14,"gold_loss":0},{"damage_healed":0,"gold_gain":0,"player_choice":"Fought Bandits","damage_taken":0,"max_hp_gain":0,"max_hp_loss":0,"event_name":"Masked Bandits","floor":19,"gold_loss":0},{"cards_removed":["Strike_R"],"damage_healed":0,"gold_gain":0,"player_choice":"Purged","damage_taken":0,"max_hp_gain":0,"max_hp_loss":0,"event_name":"Purifier","floor":20,"gold_loss":0},{"damage_healed":0,"gold_gain":0,"player_choice":"Joined the Cult","damage_taken":6,"max_hp_gain":0,"max_hp_loss":0,"event_name":"Nest","floor":22,"gold_loss":0,"cards_obtained":["RitualDagger"]},{"damage_healed":0,"gold_gain":0,"player_choice":"Obtained Relic","damage_taken":0,"relics_obtained":["CeramicFish"],"max_hp_gain":0,"max_hp_loss":0,"event_name":"Addict","floor":24,"gold_loss":85}],"is_beta":false,"boss_relics":[{"not_picked":["Velvet Choker","Ectoplasm"],"picked":"SacredBark"}],"items_purged_floors":[5,13,21],"is_endless":false,"potions_floor_spawned":[1,2,6,11,16,19],"killed_by":"Automaton","ascension_level":9}}