{"host":"szp1d6dso4pv7ddl","time":1610158539,"event":{"mods":["AchievementEnabler","Alarm Clock","BaseMod","Bestiary","Block Reminder","Colored Map","Colored Powertips","Curses Come First","Displayed Cursed Tome","Highlight Path","Minty Spire (QoL Compilation)","Permanent Neow","Quick Restart","Relic Sorter","Relic Stats","StSLib","Synergy Search"],"gold_per_floor":[109,119,119,129,129,129,154,174,174,184,184,184,203,203,203,275,275,291,291,291,291,105,105,118,118,118],"floor_reached":25,"playtime":1619,"items_purged":[],"score":377,"play_id":"cc7b7a58-1083-4060-b941-77d362c070ca","local_time":"20210108181539","is_ascension_mode":true,"campfire_choices":[{"floor":6.0,"key":"REST"},{"floor":12,"key":"REST"},{"floor":15,"key":"REST"},{"floor":23,"key":"REST"}],"circlet_count":0,"master_deck":["AscendersBane","Strike_G","Strike_G","Strike_G","Defend_G","Defend_G","Defend_G","Defend_G","Survivor","Neutralize","Blade Dance","Dodge and Roll","Underhanded Strike","Predator","Eviscerate","Dagger Throw","Cloak And Dagger","Burst","Necronomicurse","Backflip+1","Terror+1"],"relics":["HoveringKite","InkBottle","Strawberry","Akabeko","Empty Cage","Necronomicon","Toxic Egg 2"],"acts_visited":["Exordium","TheCity"],"potions_floor_usage":[7,16,18,22,25],"damage_taken":[{"damage":6.0,"enemies":"Jaw Worm","floor":1.0,"turns":5.0},{"damage":2.0,"enemies":"Cultist","floor":2.0,"turns":4.0},{"damage":9.0,"enemies":"2 Louse","floor":4.0,"turns":3.0},{"damage":32,"enemies":"3 Sentries","floor":7,"turns":12},{"damage":20,"enemies":"Large Slime","floor":8,"turns":8},{"damage":15,"enemies":"Exordium Thugs","floor":10,"turns":6},{"damage":3,"enemies":"Blue Slaver","floor":13,"turns":3},{"damage":46,"enemies":"Hexaghost","floor":16,"turns":13},{"damage":0,"enemies":"3 Byrds","floor":18,"turns":6},{"damage":6,"enemies":"Chosen","floor":24,"turns":2},{"damage":41,"enemies":"Book of Stabbing","floor":25,"turns":5}],"seed_played":"-1860570948515206773","potions_obtained":[{"floor":1.0,"key":"GamblersBrew"},{"floor":7,"key":"GamblersBrew"},{"floor":10,"key":"CunningPotion"},{"floor":16,"key":"Block Potion"}],"is_trial":false,"path_per_floor":["M","M","?","M","?","R","E","M","T","M","?","R","M","T","R","B",null,"M","?","?","?","$","R","M","E"],"character_chosen":"THE_SILENT","items_purchased":["Backflip+1","Fruit Juice","Terror+1"],"campfire_rested":4,"item_purchase_floors":[22,22,22],"current_hp_per_floor":[53,51,51,42,42,61,36,16,16,1,6,29,26,26,49,3,59,59,37,16,16,21,47,41,0,0],"gold":118,"neow_bonus":"BOSS_RELIC","is_daily":false,"chose_seed":false,"campfire_upgraded":0,"win_rate":0.0,"timestamp":1610158539,"path_taken":["M","M","?","?","?","R","E","M","T","M","?","R","?","?","R","BOSS","M","?","?","?","$","R","M","E"],"items_purchased_type":["Card","Potion","Card"],"build_version":"2020-12-22","purchased_purges":0,"victory":false,"max_hp_per_floor":[66,66,66,66,66,66,73,73,73,73,78,78,78,78,78,78,78,78,83,83,83,88,88,88,88,88],"relic_stats":{"counters":[11,67],"HoveringKite":[21],"Necronomicon":[1],"obtain_stats":[{"Strawberry":7,"HoveringKite":0,"Necronomicon":20,"Toxic Egg 2":21,"Empty Cage":17,"InkBottle":9,"Akabeko":14,"Ring of the Snake":0},{"Strawberry":4,"HoveringKite":0,"Necronomicon":9,"Toxic Egg 2":9,"Empty Cage":8,"InkBottle":5,"Akabeko":7,"Ring of the Snake":0},{"Strawberry":24,"HoveringKite":0,"Necronomicon":60,"Toxic Egg 2":60,"Empty Cage":54,"InkBottle":32,"Akabeko":41,"Ring of the Snake":0}],"InkBottle":[16]},"card_choices":[{"not_picked":["Skewer","Dagger Spray"],"picked":"Blade Dance","floor":1.0},{"not_picked":["Finisher","Terror"],"picked":"Dodge and Roll","floor":2.0},{"not_picked":["Outmaneuver","Flechettes"],"picked":"Underhanded Strike","floor":4.0},{"not_picked":["Distraction","Noxious Fumes"],"picked":"Predator","floor":7},{"not_picked":["Dash","Poisoned Stab"],"picked":"Eviscerate","floor":8},{"not_picked":["Flechettes","Deflect"],"picked":"Dagger Throw","floor":10},{"not_picked":["Quick Slash","Masterful Stab"],"picked":"Cloak And Dagger","floor":13},{"not_picked":["Phantasmal Killer","Corpse Explosion"],"picked":"Burst","floor":16},{"not_picked":["Concentrate","Skewer+1","Poisoned Stab"],"picked":"SKIP","floor":18},{"not_picked":["Outmaneuver+1","Well Laid Plans","Sucker Punch"],"picked":"SKIP","floor":24}],"player_experience":1145787,"relics_obtained":[{"floor":7,"key":"Strawberry"},{"floor":9,"key":"InkBottle"},{"floor":14,"key":"Akabeko"},{"floor":21,"key":"Toxic Egg 2"}],"event_choices":[{"cards_removed":["Defend_G"],"damage_healed":0.0,"max_hp_gain":0.0,"max_hp_loss":0.0,"gold_gain":0.0,"event_name":"Bonfire Elementals","player_choice":"Offered Basic","floor":3.0,"gold_loss":0.0,"damage_taken":0.0},{"damage_healed":0.0,"max_hp_gain":0.0,"max_hp_loss":0.0,"gold_gain":0.0,"event_name":"Liars Game","player_choice":"Ignored","floor":5.0,"gold_loss":0.0,"damage_taken":0.0},{"damage_healed":0,"gold_gain":0,"player_choice":"Donut","damage_taken":0,"max_hp_gain":5,"max_hp_loss":0,"event_name":"Big Fish","floor":11,"gold_loss":0},{"damage_healed":0,"gold_gain":0,"player_choice":"Shed Blood","damage_taken":27,"max_hp_gain":5,"max_hp_loss":0,"event_name":"Forgotten Altar","floor":19,"gold_loss":0},{"damage_healed":0,"gold_gain":0,"player_choice":"Obtained Book","damage_taken":21,"max_hp_gain":0,"max_hp_loss":0,"event_name":"Cursed Tome","floor":20,"gold_loss":0},{"damage_healed":0,"gold_gain":0,"player_choice":"Relic","damage_taken":0,"max_hp_gain":0,"max_hp_loss":0,"event_name":"Wheel of Change","floor":21,"gold_loss":0}],"is_beta":false,"boss_relics":[{"not_picked":["Velvet Choker","SacredBark"],"picked":"Empty Cage"}],"items_purged_floors":[],"is_endless":false,"potions_floor_spawned":[1,7,10,16],"killed_by":"Book of Stabbing","ascension_level":15}}