{"host":"ydujlihd8f5px9gp","time":1610229395,"event":{"mods":["AchievementEnabler","BaseMod","Block Reminder","Colored Map","Minty Spire (QoL Compilation)","ojb\u0027s Info Mod"],"gold_per_floor":[112,126,140,140,140,173,173,203,226,242,256,256,60,71,71,71,71],"floor_reached":16,"playtime":759,"items_purged":[],"score":118,"play_id":"bfa08f05-af07-4593-b5ca-9fa07a7ac66a","local_time":"20210109195635","is_ascension_mode":true,"campfire_choices":[{"data":"Crippling Poison","floor":7,"key":"SMITH"},{"data":"Tactician","floor":12,"key":"SMITH"},{"floor":15,"key":"REST"}],"circlet_count":0,"master_deck":["Strike_G","Strike_G","Strike_G","Strike_G","Defend_G","Defend_G","Defend_G","Defend_G","Defend_G","Survivor","Neutralize","Crippling Poison+1","Flying Knee","Backstab","Tactician+1","Prepared","Footwork","Well Laid Plans"],"relics":["Ring of the Snake","Bag of Preparation","Ancient Tea Set","Toy Ornithopter","Oddly Smooth Stone"],"acts_visited":["Exordium"],"potions_floor_usage":[8,16],"damage_taken":[{"damage":0,"enemies":"2 Louse","floor":1,"turns":3},{"damage":0,"enemies":"Cultist","floor":2,"turns":4},{"damage":3,"enemies":"Jaw Worm","floor":3,"turns":6},{"damage":28,"enemies":"3 Sentries","floor":6,"turns":13},{"damage":18,"enemies":"Lagavulin","floor":8,"turns":6},{"damage":0,"enemies":"Red Slaver","floor":10,"turns":4},{"damage":7,"enemies":"Gremlin Gang","floor":11,"turns":2},{"damage":0,"enemies":"2 Fungi Beasts","floor":14,"turns":2},{"damage":10,"enemies":"Hexaghost","floor":16,"turns":9}],"seed_played":"-358055533509567774","potions_obtained":[{"floor":3,"key":"EssenceOfSteel"},{"floor":6,"key":"Strength Potion"},{"floor":8,"key":"FairyPotion"},{"floor":14,"key":"EssenceOfSteel"}],"is_trial":false,"path_per_floor":["M","M","M","?","?","E","R","E","T","M","M","R","$","M","R","B"],"character_chosen":"THE_SILENT","items_purchased":["Footwork","Oddly Smooth Stone"],"campfire_rested":1,"item_purchase_floors":[13,13],"current_hp_per_floor":[77,77,74,74,74,46,46,28,28,28,21,21,21,21,44,39,39],"gold":71,"neow_bonus":"TEN_PERCENT_HP_BONUS","is_daily":false,"chose_seed":false,"campfire_upgraded":2,"win_rate":0.0,"timestamp":1610229395,"path_taken":["M","M","M","?","?","E","R","E","T","?","M","R","?","M","R","BOSS"],"items_purchased_type":["Card","Relic"],"build_version":"2020-12-22","purchased_purges":0,"victory":false,"max_hp_per_floor":[77,77,77,77,77,77,77,77,77,77,77,77,77,77,77,77,77],"card_choices":[{"not_picked":["Deflect","Riddle With Holes"],"picked":"Crippling Poison","floor":1},{"not_picked":["Outmaneuver","PiercingWail"],"picked":"Flying Knee","floor":2},{"not_picked":["Masterful Stab","Acrobatics","Calculated Gamble"],"picked":"SKIP","floor":3},{"not_picked":["Escape Plan","Cloak And Dagger"],"picked":"Backstab","floor":6},{"not_picked":["Distraction","Slice","Quick Slash"],"picked":"SKIP","floor":8},{"not_picked":["Infinite Blades","Acrobatics"],"picked":"Tactician","floor":10},{"not_picked":["Dodge and Roll","Infinite Blades"],"picked":"Prepared","floor":11},{"not_picked":["Dagger Spray","Skewer"],"picked":"Well Laid Plans","floor":14}],"player_experience":104056,"relics_obtained":[{"floor":6,"key":"Bag of Preparation"},{"floor":8,"key":"Ancient Tea Set"},{"floor":9,"key":"Toy Ornithopter"}],"event_choices":[{"damage_healed":0,"gold_gain":0,"player_choice":"Ignored","damage_taken":0,"max_hp_gain":0,"max_hp_loss":0,"event_name":"Liars Game","floor":4,"gold_loss":0},{"cards_removed":["Strike_G"],"damage_healed":0,"gold_gain":0,"player_choice":"Purged","damage_taken":0,"max_hp_gain":0,"max_hp_loss":0,"event_name":"Purifier","floor":5,"gold_loss":0}],"is_beta":false,"boss_relics":[],"items_purged_floors":[],"is_endless":false,"potions_floor_spawned":[3,6,8,14],"killed_by":"Hexaghost","ascension_level":1}}