{"host":"1yemetsqamtkb9ct","time":1610177342,"event":{"mods":["AchievementEnabler","BaseMod","Colored Map","Custom Start","KOR Keyword Fix","Lobotomy","Minty Spire (QoL Compilation)","Quick Restart","Random Character Button","StSLib","SuperFastMode"],"gold_per_floor":[109,119,133,152,152,152,171,171,221,221,146,156,185,201,201,201,201],"floor_reached":16,"playtime":572,"items_purged":["Strike_R"],"score":119,"play_id":"6e9a3794-f467-487f-a28d-ee76c202a496","local_time":"20210109162902","is_ascension_mode":false,"campfire_choices":[{"data":"Bash","floor":6.0,"key":"SMITH"},{"data":"Shrug It Off","floor":8.0,"key":"SMITH"},{"data":"Shrug It Off","floor":15.0,"key":"SMITH"}],"circlet_count":0,"master_deck":["Strike_R","Strike_R","Strike_R","Strike_R","Defend_R","Defend_R","Defend_R","Defend_R","Bash+1","Woodsman","Rudolta","Shrug It Off+1","SnowQueen","Shrug It Off+1","SpiderBud","LongBird","FairyFestival","CENSORED"],"relics":["Burning Blood","CogitoBucket","Nunchaku","Toxic Egg 2","LuminousBracelet","Odd Mushroom"],"acts_visited":["Exordium"],"potions_floor_usage":[16,16,16],"damage_taken":[{"damage":10.0,"enemies":"Small Slimes","floor":1.0,"turns":4.0},{"damage":10.0,"enemies":"Cultist","floor":2.0,"turns":4.0},{"damage":0.0,"enemies":"2 Louse","floor":3.0,"turns":3.0},{"damage":10.0,"enemies":"Exordium Wildlife","floor":4.0,"turns":4.0},{"damage":15.0,"enemies":"Looter","floor":7.0,"turns":4.0},{"damage":19.0,"enemies":"Blue Slaver","floor":12.0,"turns":8.0},{"damage":26.0,"enemies":"The Mushroom Lair","floor":13.0,"turns":6.0},{"damage":11.0,"enemies":"Exordium Wildlife","floor":14.0,"turns":2.0},{"damage":425,"enemies":"Slime Boss","floor":16,"turns":24}],"seed_played":"2703835855081648935","potions_obtained":[{"floor":2.0,"key":"Swift Potion"},{"floor":4.0,"key":"Explosive Potion"},{"floor":5.0,"key":"EntropicBrew"},{"floor":14.0,"key":"Ancient Potion"}],"is_trial":false,"path_per_floor":["M","M","M","M","?","R","M","R","T","?","$","M","?","M","R","B"],"character_chosen":"IRONCLAD","items_purchased":[],"campfire_rested":0,"item_purchase_floors":[],"current_hp_per_floor":[76,78,80,80,80,80,77,77,77,74,74,94,95,95,95,85,85],"gold":201,"neow_bonus":"","is_daily":false,"chose_seed":false,"campfire_upgraded":3,"win_rate":0.0,"timestamp":1610177342,"path_taken":["M","M","M","M","?","R","?","R","T","?","?","M","?","M","R","BOSS"],"items_purchased_type":[],"build_version":"2020-12-22","purchased_purges":1,"victory":false,"max_hp_per_floor":[80,80,80,80,80,80,80,80,80,80,80,95,95,95,95,95,95],"card_choices":[{"not_picked":["Scorched","SpiderBud"],"picked":"Woodsman","floor":1.0},{"not_picked":["Ghostly Armor","Fire Breathing","Clothesline"],"picked":"SKIP","floor":1.0},{"not_picked":["VoidDream","GalaxyChild"],"picked":"Rudolta","floor":2.0},{"not_picked":["Sword Boomerang","Combust"],"picked":"Shrug It Off","floor":2.0},{"not_picked":["OldLady","UniverseFragment"],"picked":"SnowQueen","floor":3.0},{"not_picked":["Dropkick","Pommel Strike"],"picked":"Shrug It Off","floor":3.0},{"not_picked":["LongBird","QueenBee"],"picked":"CherryBlossoms","floor":4.0},{"not_picked":["Infernal Blade","Twin Strike","Rupture"],"picked":"SKIP","floor":4.0},{"not_picked":["PunishingBird","VoidDream"],"picked":"SpiderBud","floor":7.0},{"not_picked":["Pommel Strike","Headbutt","Sentinel"],"picked":"SKIP","floor":7.0},{"not_picked":["ShyLook","Wellcheers"],"picked":"LongBird","floor":12.0},{"not_picked":["Iron Wave","Clothesline","Reckless Charge"],"picked":"SKIP","floor":12.0},{"not_picked":["OSAHOGD","BigBird","OldLady"],"picked":"Singing Bowl","floor":13.0},{"not_picked":["PunishingBird","ShyLook"],"picked":"FairyFestival","floor":13.0},{"not_picked":["Murderer","VoidDream"],"picked":"CENSORED","floor":14.0},{"not_picked":["Twin Strike","Flame Barrier+1","Entrench+1"],"picked":"SKIP","floor":14.0},{"not_picked":["Twin Strike","Flame Barrier+1","Entrench+1"],"picked":"SKIP","floor":14.0}],"player_experience":598419,"relics_obtained":[{"floor":9.0,"key":"Nunchaku"},{"floor":13.0,"key":"Odd Mushroom"}],"event_choices":[{"damage_healed":0.0,"max_hp_gain":0.0,"max_hp_loss":0.0,"gold_gain":0.0,"event_name":"Lab","player_choice":"Got Potions","floor":5.0,"gold_loss":0.0,"damage_taken":0.0},{"damage_healed":0.0,"max_hp_gain":0.0,"max_hp_loss":0.0,"gold_gain":0.0,"event_name":"Scrap Ooze","player_choice":"Success","floor":10.0,"gold_loss":0.0,"damage_taken":3.0,"relics_obtained":["Toxic Egg 2"]},{"damage_healed":0.0,"max_hp_gain":0.0,"max_hp_loss":0.0,"gold_gain":0.0,"event_name":"Mushrooms","player_choice":"Fought Mushrooms","floor":13.0,"gold_loss":0.0,"damage_taken":0.0}],"is_beta":false,"boss_relics":[],"items_purged_floors":[11],"is_endless":false,"potions_floor_spawned":[2,4,14],"killed_by":"Slime Boss","ascension_level":0}}