{"host":"7z9izfsmsy4azoxx","time":1610207619,"event":{"mods":["AchievementEnabler","BaseMod","Colored Map","Custom Start","Hermit","Minty Spire (QoL Compilation)","StSLib","SuperFastMode"],"gold_per_floor":[456465579,456464964,456464981,456464595,456464605,456464634,456464634,456464665,456464665,456464665,456464665,456464696,456464756,456464507,456464507,456464580,456464580,456464580,456464580,456464216,456464216,456464216,456464216,456464216,456464216,456464216,456464216,456464216,456464216,456464216,456464216,456464216,456464216,456464216,456464216,456463792,456463792,456463792,456463792,456463792,456463792,456463792,456463792,456463792,456463792,456463792,456463312,456463312,456463312,456463312,456463312,456463312,456463312,456463016,456463016,456463016],"floor_reached":57,"playtime":1630,"items_purged":["Strike_R","Strike_R","Regret","Strike_R","Strike_R","Parasite"],"score":2825,"play_id":"1c91e942-b93f-4410-b50a-0bdd1b458035","local_time":"20210110005339","is_ascension_mode":true,"campfire_choices":[{"floor":7.0,"key":"DIG"},{"data":"Hemokinesis","floor":11.0,"key":"SMITH"},{"data":"Barricade","floor":15.0,"key":"SMITH"},{"data":"Uppercut","floor":23.0,"key":"SMITH"},{"data":"1","floor":27.0,"key":"LIFT"},{"data":"2","floor":32.0,"key":"LIFT"},{"data":"3","floor":40.0,"key":"LIFT"},{"floor":49,"key":"RECALL"},{"floor":53,"key":"DIG"}],"circlet_count":0,"master_deck":["AscendersBane","Defend_R","Defend_R","Defend_R","Defend_R","Bash","Reaper","Fire Breathing","Flash of Steel","Reckless Charge","Hemokinesis+1","Body Slam","Uppercut+1","Barricade+1","Burning Pact","Feel No Pain","Fiend Fire","Sentinel","Shrug It Off","Flame Barrier+1","Corruption","True Grit+1","Flash of Steel","Double Tap"],"relics":["Black Blood","Membership Card","Shovel","Toy Ornithopter","Toolbox","Akabeko","Torii","Gremlin Horn","Happy Flower","Thread and Needle","Sundial","Anchor","Orichalcum","Du-Vu Doll","Charon\u0027s Ashes","Ectoplasm","Vajra","Pen Nib","Orrery","Girya","Nilry\u0027s Codex","Red Mask","Chemical X","Incense Burner","Bronze Scales","Old Coin","Pantograph","Mango","StrikeDummy","Juzu Bracelet","Bag of Marbles","Frozen Eye","Bottled Tornado","Self Forming Clay","Turnip","Mummified Hand"],"acts_visited":["Exordium","TheCity","TheBeyond","TheEnding"],"potions_floor_usage":[56,56],"damage_taken":[{"damage":7.0,"enemies":"Cultist","floor":1.0,"turns":4.0},{"damage":4.0,"enemies":"Small Slimes","floor":3.0,"turns":4.0},{"damage":3.0,"enemies":"2 Louse","floor":5.0,"turns":2.0},{"damage":10.0,"enemies":"Gremlin Nob","floor":6.0,"turns":3.0},{"damage":15.0,"enemies":"3 Sentries","floor":8.0,"turns":4.0},{"damage":34.0,"enemies":"Gremlin Nob","floor":12.0,"turns":4.0},{"damage":2.0,"enemies":"Gremlin Nob","floor":13.0,"turns":2.0},{"damage":39.0,"enemies":"Hexaghost","floor":16.0,"turns":10.0},{"damage":4.0,"enemies":"3 Byrds","floor":18.0,"turns":3.0},{"damage":2.0,"enemies":"Shell Parasite","floor":19.0,"turns":2.0},{"damage":2.0,"enemies":"Sentry and Sphere","floor":21.0,"turns":4.0},{"damage":3.0,"enemies":"Gremlin Leader","floor":24.0,"turns":4.0},{"damage":0.0,"enemies":"Snecko","floor":28.0,"turns":2.0},{"damage":7.0,"enemies":"Snake Plant","floor":29.0,"turns":3.0},{"damage":10.0,"enemies":"Chosen and Byrds","floor":30.0,"turns":4.0},{"damage":9.0,"enemies":"Masked Bandits","floor":31.0,"turns":3.0},{"damage":27.0,"enemies":"Champ","floor":33.0,"turns":7.0},{"damage":2.0,"enemies":"3 Shapes","floor":35.0,"turns":3.0},{"damage":4.0,"enemies":"3 Darklings","floor":37.0,"turns":3.0},{"damage":14.0,"enemies":"Writhing Mass","floor":39.0,"turns":4.0},{"damage":48.0,"enemies":"Giant Head","floor":41.0,"turns":8.0},{"damage":1.0,"enemies":"Sphere and 2 Shapes","floor":42.0,"turns":4.0},{"damage":8.0,"enemies":"2 Orb Walkers","floor":44.0,"turns":3.0},{"damage":9.0,"enemies":"Nemesis","floor":45.0,"turns":7.0},{"damage":32.0,"enemies":"Jaw Worm Horde","floor":46.0,"turns":4.0},{"damage":18,"enemies":"Transient","floor":48,"turns":6},{"damage":18,"enemies":"Awakened One","floor":50,"turns":7},{"damage":38,"enemies":"Time Eater","floor":51,"turns":9},{"damage":61,"enemies":"Shield and Spear","floor":55,"turns":6},{"damage":162,"enemies":"The Heart","floor":56,"turns":10}],"seed_played":"7382135933855138006","potions_obtained":[{"floor":16.0,"key":"Regen Potion"},{"floor":30.0,"key":"FearPotion"},{"floor":33.0,"key":"Dexterity Potion"},{"floor":35.0,"key":"PowerPotion"},{"floor":41.0,"key":"LiquidMemories"}],"is_trial":false,"path_per_floor":["M","$","M","$","M","E","R","E","T","?","R","E","?","$","R","B",null,"M","M","$","M","?","R","E","?","T","R","M","M","M","?","R","B",null,"M","$","M","?","M","R","E","M","T","?","E","M","$","M","R","B","B",null,"R","$","E","B",null],"character_chosen":"IRONCLAD","items_purchased":["Membership Card","Shovel","Toy Ornithopter","Flash of Steel","Reckless Charge","FearPotion","DistilledChaos","Toolbox","Akabeko","Torii","Charon\u0027s Ashes","Feel No Pain","Vajra","Pen Nib","Sentinel","Orrery","Chemical X","Incense Burner","Bronze Scales","Flash of Steel","Double Tap","Juzu Bracelet","Bag of Marbles","Frozen Eye","Self Forming Clay","Turnip"],"campfire_rested":0,"item_purchase_floors":[2,2,2,2,2,2,2,4,4,4,14,14,20,20,20,20,36,36,36,47,47,47,47,47,54,54],"current_hp_per_floor":[67,67,69,69,75,71,71,70,70,70,70,42,52,52,52,29,64,75,75,75,75,54,54,69,48,48,48,54,53,68,79,79,59,75,80,80,80,80,80,80,49,80,80,94,94,74,74,68,68,91,66,85,85,85,36,41],"gold":456463016,"neow_bonus":"TRANSFORM_CARD","is_daily":false,"chose_seed":false,"campfire_upgraded":3,"win_rate":0.0,"timestamp":1610207619,"path_taken":["M","$","M","$","M","E","R","E","T","?","R","E","?","$","R","BOSS","M","M","$","M","?","R","E","?","T","R","M","?","M","?","R","BOSS","M","$","M","?","M","R","E","M","T","?","E","M","$","M","R","BOSS","BOSS","R","$","E","BOSS"],"items_purchased_type":["Relic","Relic","Relic","Card","Card","Potion","Potion","Relic","Relic","Relic","Relic","Card","Relic","Relic","Card","Relic","Relic","Relic","Relic","Card","Card","Relic","Relic","Relic","Relic","Relic"],"build_version":"2020-12-22","purchased_purges":6,"victory":true,"max_hp_per_floor":[75,75,75,75,75,75,75,75,75,75,75,75,75,75,75,75,75,75,75,75,75,80,80,80,80,80,80,80,80,80,80,80,80,80,80,80,80,80,80,80,80,80,80,94,94,94,91,91,91,91,91,91,91,91,91,91],"card_choices":[{"not_picked":["Clothesline","Cleave"],"picked":"Fire Breathing","floor":1.0},{"not_picked":["Iron Wave","Perfected Strike"],"picked":"Hemokinesis","floor":3.0},{"not_picked":["Evolve","Sword Boomerang","Hemokinesis"],"picked":"SKIP","floor":5.0},{"not_picked":["Double Tap","Heavy Blade"],"picked":"Body Slam","floor":6.0},{"not_picked":["Havoc","Sword Boomerang"],"picked":"Uppercut","floor":8.0},{"not_picked":["Pommel Strike","Body Slam"],"picked":"Barricade","floor":12.0},{"not_picked":["Cleave","True Grit"],"picked":"Burning Pact","floor":13.0},{"not_picked":["Bludgeon","Exhume"],"picked":"Fiend Fire","floor":16.0},{"not_picked":["Rage","Burning Pact","Anger"],"picked":"SKIP","floor":18.0},{"not_picked":["Perfected Strike","Dark Embrace","Havoc"],"picked":"SKIP","floor":19.0},{"not_picked":["Thunderclap","Anger"],"picked":"Shrug It Off","floor":20.0},{"not_picked":["Perfected Strike","Searing Blow"],"picked":"Flame Barrier+1","floor":20.0},{"not_picked":["Shrug It Off+1","Twin Strike","Clothesline+1"],"picked":"SKIP","floor":21.0},{"not_picked":["Rampage","Headbutt+1","Searing Blow"],"picked":"SKIP","floor":24.0},{"not_picked":["Iron Wave+1","Body Slam","Havoc+1"],"picked":"SKIP","floor":28.0},{"not_picked":["Twin Strike","Sever Soul","Perfected Strike"],"picked":"SKIP","floor":29.0},{"not_picked":["Flame Barrier","Cleave","Twin Strike"],"picked":"SKIP","floor":30.0},{"not_picked":["Immolate","Berserk"],"picked":"Corruption","floor":33.0},{"not_picked":["Disarm","Havoc","Infernal Blade"],"picked":"SKIP","floor":35.0},{"not_picked":["Wild Strike","Flex","Sword Boomerang"],"picked":"SKIP","floor":37.0},{"not_picked":["Searing Blow","Clash+1","Body Slam"],"picked":"SKIP","floor":39.0},{"not_picked":["Iron Wave+1","Anger+1","Headbutt"],"picked":"SKIP","floor":41.0},{"not_picked":["Dual Wield","Sword Boomerang"],"picked":"True Grit+1","floor":42.0},{"not_picked":["Clash+1","True Grit","Evolve+1"],"picked":"SKIP","floor":45.0},{"not_picked":["Dropkick","Perfected Strike","Warcry"],"picked":"SKIP","floor":46.0},{"not_picked":["Hemokinesis+1","Flex","Inflame+1"],"picked":"SKIP","floor":48},{"not_picked":["Heavy Blade","Sentinel","Brutality"],"picked":"SKIP","floor":55}],"player_experience":521551,"relics_obtained":[{"floor":6.0,"key":"Gremlin Horn"},{"floor":7.0,"key":"Happy Flower"},{"floor":8.0,"key":"Thread and Needle"},{"floor":9.0,"key":"Sundial"},{"floor":12.0,"key":"Orichalcum"},{"floor":24.0,"key":"Girya"},{"floor":25.0,"key":"Nilry\u0027s Codex"},{"floor":31.0,"key":"Red Mask"},{"floor":41.0,"key":"Old Coin"},{"floor":43.0,"key":"Pantograph"},{"floor":44.0,"key":"Mango"},{"floor":45.0,"key":"StrikeDummy"},{"floor":53,"key":"Bottled Tornado"},{"floor":55,"key":"Mummified Hand"}],"event_choices":[{"damage_healed":0.0,"max_hp_gain":0.0,"max_hp_loss":0.0,"gold_gain":0.0,"event_name":"Big Fish","player_choice":"Box","floor":10.0,"gold_loss":0.0,"damage_taken":0.0,"relics_obtained":["Anchor"],"cards_obtained":["Regret"]},{"damage_healed":0.0,"max_hp_gain":0.0,"max_hp_loss":0.0,"gold_gain":0.0,"event_name":"Dead Adventurer","player_choice":"Searched \u00272\u0027 times","floor":13.0,"gold_loss":0.0,"damage_taken":0.0,"relics_obtained":["Du-Vu Doll"]},{"damage_healed":0.0,"max_hp_gain":5.0,"max_hp_loss":0.0,"gold_gain":0.0,"event_name":"Forgotten Altar","player_choice":"Shed Blood","floor":22.0,"gold_loss":0.0,"damage_taken":26.0},{"damage_healed":0.0,"max_hp_gain":0.0,"max_hp_loss":0.0,"gold_gain":0.0,"event_name":"Cursed Tome","player_choice":"Obtained Book","floor":25.0,"gold_loss":0.0,"damage_taken":21.0},{"damage_healed":0.0,"max_hp_gain":0.0,"max_hp_loss":0.0,"gold_gain":0.0,"event_name":"Masked Bandits","player_choice":"Fought Bandits","floor":31.0,"gold_loss":0.0,"damage_taken":0.0},{"damage_healed":0.0,"max_hp_gain":0.0,"max_hp_loss":0.0,"gold_gain":222.0,"event_name":"Tomb of Lord Red Mask","player_choice":"Wore Mask","floor":38.0,"gold_loss":0.0,"damage_taken":0.0},{"damage_healed":0.0,"max_hp_gain":0.0,"max_hp_loss":0.0,"gold_gain":0.0,"event_name":"Mysterious Sphere","player_choice":"Fight","floor":44.0,"gold_loss":0.0,"damage_taken":0.0}],"is_beta":false,"boss_relics":[{"not_picked":["Calling Bell","Runic Pyramid"],"picked":"Ectoplasm"},{"not_picked":["SlaversCollar","Philosopher\u0027s Stone"],"picked":"Black Blood"}],"items_purged_floors":[2,4,14,20,36,47],"is_endless":false,"potions_floor_spawned":[6,8,13,16,30,33,35,41,44,45],"ascension_level":20}}