{"host":"y89x8uui45kcjy42","time":1610235472,"event":{"mods":["2.2 Compatiblity","BaseMod","CapriCore","Colored Map","Colored Powertips","Custom Start","Friendly Minions","Keyboard Shortcuts","Minty Spire (QoL Compilation)","Relic Stats","Slay the Relics Exporter","StSLib","SuperFastMode","Uncapped"],"gold_per_floor":[118,129,154,166,177,177,192,227,227,227,227,227,227,227,227,301,301,313,313,324,524,524,524,555,555,555,555,555,555,589,689,689,763,763,780,805,817,817,828,856,856,856,881,911,408,408,437,659,659,659,659,659,659,199,227,227,227],"floor_reached":56,"playtime":1553,"items_purged":["Eruption+1"],"score":2140,"play_id":"d508723f-b153-46a2-8a77-3a536c514bd4","local_time":"20210110083752","is_ascension_mode":true,"campfire_choices":[{"data":"Eruption","floor":6,"key":"SMITH"},{"data":"Scrawl","floor":10,"key":"SMITH"},{"data":"EmptyMind","floor":13,"key":"SMITH"},{"data":"PathToVictory","floor":15,"key":"SMITH"},{"data":"DeusExMachina","floor":23,"key":"SMITH"},{"data":"InnerPeace","floor":25,"key":"SMITH"},{"data":"Evaluate","floor":27,"key":"SMITH"},{"data":"Vigilance","floor":29,"key":"SMITH"},{"data":"DevaForm","floor":32,"key":"SMITH"},{"data":"Evaluate","floor":41,"key":"SMITH"},{"data":"SpiritShield","floor":42,"key":"SMITH"},{"floor":49,"key":"RECALL"},{"data":"Mayhem","floor":53,"key":"SMITH"}],"circlet_count":0,"master_deck":["Vigilance+1","Scrawl+1","PathToVictory+1","DeusExMachina+1","Evaluate+1","PathToVictory+1","EmptyMind+1","DevaForm+1","InnerPeace+1","TalkToTheHand+1","SpiritShield+1","PathToVictory+1","Evaluate+1","Fasting2","Mayhem+1","TalkToTheHand+1","Omniscience"],"relics":["PureWater","Omamori","Anchor","Letter Opener","Vajra","Sundial","Black Star","Pen Nib","WingedGreaves","Torii","Bag of Preparation","Matryoshka","Red Mask","Pocketwatch","Molten Egg 2","VioletLotus","StoneCalendar","StrikeDummy","Akabeko","White Beast Statue","Dream Catcher","Kunai","Calipers","Art of War","Frozen Egg 2","Lantern","Mercury Hourglass","Du-Vu Doll","HornCleat"],"acts_visited":["Exordium","TheCity","TheBeyond","TheEnding"],"potions_floor_usage":[30,35,47,56],"damage_taken":[{"damage":12,"enemies":"Cultist","floor":1,"turns":3},{"damage":20,"enemies":"Small Slimes","floor":2,"turns":3},{"damage":0,"enemies":"Jaw Worm","floor":4,"turns":3},{"damage":16,"enemies":"Red Slaver","floor":5,"turns":2},{"damage":33,"enemies":"Exordium Thugs","floor":7,"turns":2},{"damage":0,"enemies":"Gremlin Nob","floor":8,"turns":2},{"damage":38,"enemies":"Slime Boss","floor":16,"turns":5},{"damage":15,"enemies":"3 Byrds","floor":18,"turns":3},{"damage":32,"enemies":"Chosen","floor":20,"turns":5},{"damage":23,"enemies":"Slavers","floor":24,"turns":4},{"damage":0,"enemies":"Masked Bandits","floor":30,"turns":2},{"damage":6,"enemies":"Colosseum Slavers","floor":31,"turns":3},{"damage":75,"enemies":"Colosseum Nobs","floor":31,"turns":8},{"damage":1,"enemies":"Automaton","floor":33,"turns":4},{"damage":2,"enemies":"Orb Walker","floor":35,"turns":3},{"damage":25,"enemies":"Mind Bloom Boss Battle","floor":36,"turns":4},{"damage":12,"enemies":"3 Shapes","floor":37,"turns":4},{"damage":24,"enemies":"Writhing Mass","floor":39,"turns":3},{"damage":1,"enemies":"Reptomancer","floor":40,"turns":2},{"damage":0,"enemies":"Giant Head","floor":44,"turns":5},{"damage":1,"enemies":"Nemesis","floor":47,"turns":4},{"damage":71,"enemies":"Awakened One","floor":50,"turns":5},{"damage":9,"enemies":"Donu and Deca","floor":51,"turns":6},{"damage":45,"enemies":"Shield and Spear","floor":55,"turns":6},{"damage":81,"enemies":"The Heart","floor":56,"turns":3}],"seed_played":"-1815977385666638814","potions_obtained":[{"floor":1,"key":"BottledMiracle"},{"floor":4,"key":"StancePotion"},{"floor":8,"key":"StancePotion"},{"floor":18,"key":"LiquidMemories"},{"floor":24,"key":"DuplicationPotion"},{"floor":31,"key":"Weak Potion"},{"floor":36,"key":"AttackPotion"},{"floor":40,"key":"Swift Potion"},{"floor":44,"key":"BottledMiracle"},{"floor":47,"key":"LiquidBronze"}],"is_trial":false,"path_per_floor":["M","M","T","M","M","R","M","E","T","R","?","?","R","T","R","B",null,"M","?","M","?","$","R","E","R","T","R","?","R","?","?","R","B",null,"M","?","M","?","M","E","R","R","T","E","$","?","E","?","R","B","B",null,"R","$","E","B"],"character_chosen":"WATCHER","items_purchased":["Fasting2","Art of War","Mayhem","TalkToTheHand+1","Omniscience","Mercury Hourglass"],"campfire_rested":0,"item_purchase_floors":[45,45,45,54,54,54],"current_hp_per_floor":[49,68,68,68,52,52,19,19,19,19,14,14,14,14,14,30,59,44,44,12,12,12,12,45,45,45,45,45,45,45,68,68,67,68,66,68,56,56,68,67,67,67,67,67,67,67,66,66,66,43,34,60,60,60,67,0,0],"gold":227,"neow_bonus":"THREE_RARE_CARDS","is_daily":false,"chose_seed":false,"campfire_upgraded":12,"win_rate":0.0,"timestamp":1610235472,"path_taken":["M","M","?","M","?","R","M","E","T","R","?","?","R","?","R","BOSS","M","?","?","?","?","R","E","R","T","R","?","R","?","?","R","BOSS","M","?","M","?","?","E","R","R","T","E","$","?","E","?","R","BOSS","BOSS","R","$","E","BOSS"],"items_purchased_type":["Card","Relic","Card","Card","Card","Relic"],"build_version":"2020-12-22","purchased_purges":1,"victory":false,"max_hp_per_floor":[68,68,68,68,68,68,68,68,68,68,68,68,68,68,68,68,68,68,68,68,68,68,68,68,68,68,68,68,68,68,68,68,68,68,68,68,68,68,68,68,68,68,68,68,68,68,68,68,68,68,68,68,68,68,68,68,68],"relic_stats":{"Torii":44,"counters":[25,94],"StoneCalendar":[0],"Pen Nib":[3],"Bag of Preparation":[34],"Letter Opener":[679],"Mercury Hourglass":[27],"Dream Catcher":0,"Sundial":[38],"VioletLotus":[13],"Black Star":5,"Art of War":[14],"Kunai":[0],"obtain_stats":[{"Lantern":47,"Calipers":44,"Torii":24,"Vajra":9,"StoneCalendar":36,"Bag of Preparation":24,"Dream Catcher":43,"Matryoshka":26,"HornCleat":55,"Sundial":11,"WingedGreaves":10,"VioletLotus":34,"Red Mask":30,"Kunai":44,"Pen Nib":19,"Omamori":0,"Letter Opener":8,"Frozen Egg 2":47,"Akabeko":40,"White Beast Statue":43,"Mercury Hourglass":54,"Du-Vu Doll":55,"Anchor":3,"Molten Egg 2":31,"Black Star":17,"Art of War":45,"PureWater":0,"StrikeDummy":40,"Pocketwatch":31},{"Lantern":21,"Calipers":20,"Torii":10,"Vajra":6,"StoneCalendar":16,"Bag of Preparation":10,"Dream Catcher":19,"Matryoshka":10,"HornCleat":24,"Sundial":6,"WingedGreaves":6,"VioletLotus":14,"Red Mask":11,"Kunai":20,"Pen Nib":8,"Omamori":0,"Letter Opener":6,"Frozen Egg 2":21,"Akabeko":19,"White Beast Statue":19,"Mercury Hourglass":23,"Du-Vu Doll":24,"Anchor":2,"Molten Egg 2":13,"Black Star":7,"Art of War":20,"PureWater":0,"StrikeDummy":19,"Pocketwatch":13},{"Lantern":74,"Calipers":70,"Torii":32,"Vajra":15,"StoneCalendar":56,"Bag of Preparation":32,"Dream Catcher":65,"Matryoshka":32,"HornCleat":91,"Sundial":15,"WingedGreaves":15,"VioletLotus":49,"Red Mask":34,"Kunai":70,"Pen Nib":23,"Omamori":0,"Letter Opener":15,"Frozen Egg 2":74,"Akabeko":65,"White Beast Statue":65,"Mercury Hourglass":85,"Du-Vu Doll":91,"Anchor":6,"Molten Egg 2":45,"Black Star":20,"Art of War":70,"PureWater":0,"StrikeDummy":65,"Pocketwatch":45}],"Pocketwatch":[21]},"card_choices":[{"not_picked":["DeusExMachina","Judgement"],"picked":"Scrawl","floor":0},{"not_picked":["BattleHymn","FlyingSleeves"],"picked":"PathToVictory","floor":1},{"not_picked":["SashWhip","CrushJoints"],"picked":"JustLucky","floor":2},{"not_picked":["Protect","Halt"],"picked":"DeusExMachina","floor":4},{"not_picked":["FearNoEvil","CrushJoints"],"picked":"Evaluate","floor":5},{"not_picked":["BowlingBash","BattleHymn"],"picked":"PathToVictory","floor":7},{"not_picked":["PathToVictory","CrushJoints"],"picked":"EmptyMind","floor":8},{"not_picked":["Blasphemy","Establishment"],"picked":"DevaForm","floor":16},{"not_picked":["EmptyFist","LikeWater","ClearTheMind"],"picked":"SKIP","floor":18},{"not_picked":["ClearTheMind","LikeWater"],"picked":"InnerPeace","floor":20},{"not_picked":["FlyingSleeves","JustLucky","Swivel"],"picked":"SKIP","floor":24},{"not_picked":["CutThroughFate","CrushJoints"],"picked":"TalkToTheHand+1","floor":30},{"not_picked":["DeusExMachina","Omniscience"],"picked":"SpiritShield","floor":33},{"not_picked":["Protect","Halt"],"picked":"ThirdEye","floor":35},{"not_picked":["Evaluate","CutThroughFate+1"],"picked":"PathToVictory+1","floor":37},{"not_picked":["LikeWater","BowlingBash+1","Prostrate"],"picked":"SKIP","floor":39},{"not_picked":["EmptyBody","FlyingSleeves+1"],"picked":"Evaluate","floor":40},{"not_picked":["SandsOfTime+1","Tantrum+1","BowlingBash+1"],"picked":"SKIP","floor":44},{"not_picked":["Study+1","ClearTheMind+1","Crescendo"],"picked":"SKIP","floor":47},{"not_picked":["Judgement","Evaluate","PathToVictory"],"picked":"SKIP","floor":55}],"player_experience":586244,"relics_obtained":[{"floor":3,"key":"Anchor"},{"floor":8,"key":"Letter Opener"},{"floor":9,"key":"Vajra"},{"floor":24,"key":"Torii"},{"floor":24,"key":"Bag of Preparation"},{"floor":26,"key":"Matryoshka"},{"floor":30,"key":"Red Mask"},{"floor":31,"key":"Pocketwatch"},{"floor":31,"key":"Molten Egg 2"},{"floor":36,"key":"StoneCalendar"},{"floor":40,"key":"StrikeDummy"},{"floor":40,"key":"Akabeko"},{"floor":43,"key":"White Beast Statue"},{"floor":43,"key":"Dream Catcher"},{"floor":44,"key":"Kunai"},{"floor":44,"key":"Calipers"},{"floor":47,"key":"Frozen Egg 2"},{"floor":47,"key":"Lantern"},{"floor":55,"key":"Du-Vu Doll"},{"floor":55,"key":"HornCleat"}],"event_choices":[{"damage_healed":0,"gold_gain":0,"player_choice":"Success","damage_taken":5,"relics_obtained":["Sundial"],"max_hp_gain":0,"max_hp_loss":0,"event_name":"Scrap Ooze","floor":11,"gold_loss":0},{"damage_healed":0,"gold_gain":0,"player_choice":"Grow","damage_taken":0,"max_hp_gain":0,"max_hp_loss":0,"event_name":"Living Wall","floor":12,"gold_loss":0,"cards_upgraded":["PathToVictory"]},{"damage_healed":0,"gold_gain":0,"player_choice":"Gave Potion","damage_taken":0,"relics_obtained":["Pen Nib"],"max_hp_gain":0,"max_hp_loss":0,"event_name":"WeMeetAgain","floor":19,"gold_loss":0},{"damage_healed":0,"gold_gain":250,"player_choice":"Bet on Owner","damage_taken":0,"max_hp_gain":0,"max_hp_loss":0,"event_name":"The Joust","floor":21,"gold_loss":50},{"cards_removed":["JustLucky"],"damage_healed":0,"gold_gain":0,"player_choice":"Elegance","damage_taken":0,"max_hp_gain":0,"max_hp_loss":0,"event_name":"Back to Basics","floor":28,"gold_loss":0},{"damage_healed":0,"gold_gain":0,"player_choice":"Fought Bandits","damage_taken":0,"max_hp_gain":0,"max_hp_loss":0,"event_name":"Masked Bandits","floor":30,"gold_loss":0},{"damage_healed":0,"gold_gain":0,"player_choice":"Fight","damage_taken":0,"max_hp_gain":0,"max_hp_loss":0,"event_name":"Colosseum","floor":31,"gold_loss":0},{"damage_healed":0,"gold_gain":0,"player_choice":"Fought Nobs","damage_taken":0,"max_hp_gain":0,"max_hp_loss":0,"event_name":"Colosseum","floor":31,"gold_loss":0},{"damage_healed":0,"gold_gain":0,"player_choice":"Fight","damage_taken":0,"max_hp_gain":0,"max_hp_loss":0,"event_name":"MindBloom","floor":36,"gold_loss":0},{"damage_healed":0,"gold_gain":0,"player_choice":"Upgraded","damage_taken":0,"max_hp_gain":0,"max_hp_loss":0,"event_name":"Upgrade Shrine","floor":38,"gold_loss":0,"cards_upgraded":["ThirdEye"]},{"cards_removed":["ThirdEye"],"damage_healed":0,"gold_gain":0,"player_choice":"Removed Skill","damage_taken":0,"max_hp_gain":0,"max_hp_loss":0,"event_name":"Falling","floor":46,"gold_loss":0},{"damage_healed":0,"gold_gain":222,"player_choice":"Wore Mask","damage_taken":0,"max_hp_gain":0,"max_hp_loss":0,"event_name":"Tomb of Lord Red Mask","floor":48,"gold_loss":0}],"is_beta":false,"boss_relics":[{"not_picked":["Busted Crown","Runic Pyramid"],"picked":"Black Star"},{"not_picked":["Runic Dome","Velvet Choker"],"picked":"VioletLotus"}],"items_purged_floors":[45],"is_endless":false,"potions_floor_spawned":[1,4,8,18,24,31,31,36,37,40,44,47,55],"killed_by":"The Heart","ascension_level":20}}