{"host":"xsuxkwaivmtd234a","time":1610209291,"event":{"mods":["BaseMod","Colored Map","Filter the Spire","Minty Spire (QoL Compilation)","Relic Stats","StSLib"],"gold_per_floor":[117,132,152,37,37,62,62,78,78,107,282,357,29,49,49,146,146,157,78,78,96,110,143,143,188,237,237,249,259,290,301,301,428,428,495,595,645,713,40,40,93,110,110,110,110,169,211,226,226,226,226,226,20,51,51,51],"floor_reached":55,"playtime":4457,"items_purged":["Defend_P","Doubt","PathToVictory"],"score":866,"play_id":"db2dcd95-0362-431c-af2a-a8456ad5ffe1","local_time":"20210109112131","is_ascension_mode":true,"campfire_choices":[{"data":"Eruption","floor":7.0,"key":"SMITH"},{"data":"Fasting2","floor":15.0,"key":"SMITH"},{"floor":24.0,"key":"REST"},{"data":"TalkToTheHand","floor":27.0,"key":"SMITH"},{"floor":32.0,"key":"REST"},{"floor":40.0,"key":"DIG"},{"floor":45,"key":"REST"},{"floor":49,"key":"RECALL"},{"floor":52,"key":"DIG"}],"circlet_count":0,"master_deck":["Eruption+1","Vigilance","ClearTheMind+1","FlurryOfBlows","EmptyFist","Wireheading","Wallop","TalkToTheHand+1","Nirvana","Fasting2+1","SandsOfTime","Consecrate","CutThroughFate","ThirdEye","Wish","Swivel","Omniscience","Conclude","Crescendo","Conclude+1","CarveReality","Adaptation","WheelKick","Protect+1","JustLucky","CutThroughFate+1","FollowUp+1","BattleHymn","ClearTheMind","LessonLearned","Wireheading+1","CrushJoints+1","Tantrum","Fasting2","DeceiveReality","Protect","Worship","Finesse","WaveOfTheHand","Omniscience","Halt+1","Worship+1"],"relics":["Runic Dome","Pen Nib","HornCleat","Bird Faced Urn","Orrery","Odd Mushroom","Pandora\u0027s Box","Bag of Preparation","Juzu Bracelet","Shovel","Snecko Eye","Lizard Tail","StoneCalendar","PreservedInsect","Centennial Puzzle","Strawberry","Bottled Flame","Ornamental Fan","White Beast Statue","Toy Ornithopter","Eternal Feather"],"acts_visited":["Exordium","TheCity","TheBeyond","TheEnding"],"potions_floor_usage":[47,50,50,50,55],"damage_taken":[{"damage":0.0,"enemies":"Cultist","floor":1.0,"turns":2.0},{"damage":5.0,"enemies":"2 Louse","floor":2.0,"turns":2.0},{"damage":14.0,"enemies":"Small Slimes","floor":3.0,"turns":2.0},{"damage":20.0,"enemies":"3 Sentries","floor":6.0,"turns":7.0},{"damage":0.0,"enemies":"2 Fungi Beasts","floor":8.0,"turns":3.0},{"damage":8.0,"enemies":"Lagavulin","floor":10.0,"turns":5.0},{"damage":0.0,"enemies":"The Mushroom Lair","floor":14.0,"turns":2.0},{"damage":3.0,"enemies":"Hexaghost","floor":16.0,"turns":7.0},{"damage":10.0,"enemies":"Chosen","floor":18.0,"turns":3.0},{"damage":6.0,"enemies":"2 Thieves","floor":21.0,"turns":3.0},{"damage":8.0,"enemies":"Centurion and Healer","floor":22.0,"turns":3.0},{"damage":24.0,"enemies":"Book of Stabbing","floor":23.0,"turns":3.0},{"damage":0.0,"enemies":"Snecko","floor":25.0,"turns":3.0},{"damage":2.0,"enemies":"Shelled Parasite and Fungi","floor":28.0,"turns":2.0},{"damage":9.0,"enemies":"Centurion and Healer","floor":29.0,"turns":3.0},{"damage":31.0,"enemies":"Slavers","floor":30.0,"turns":2.0},{"damage":0.0,"enemies":"Sentry and Sphere","floor":31.0,"turns":2.0},{"damage":0.0,"enemies":"Champ","floor":33.0,"turns":7.0},{"damage":1.0,"enemies":"3 Shapes","floor":35.0,"turns":3.0},{"damage":6.0,"enemies":"Mind Bloom Boss Battle","floor":36.0,"turns":4.0},{"damage":0.0,"enemies":"2 Orb Walkers","floor":37.0,"turns":1.0},{"damage":0.0,"enemies":"3 Darklings","floor":38.0,"turns":3.0},{"damage":13.0,"enemies":"Giant Head","floor":41.0,"turns":6.0},{"damage":17.0,"enemies":"Spire Growth","floor":42.0,"turns":2.0},{"damage":37,"enemies":"Nemesis","floor":46,"turns":5},{"damage":61,"enemies":"Transient","floor":47,"turns":5},{"damage":15,"enemies":"4 Shapes","floor":48,"turns":3},{"damage":67,"enemies":"Awakened One","floor":50,"turns":10},{"damage":65,"enemies":"Shield and Spear","floor":54,"turns":4},{"damage":75,"enemies":"The Heart","floor":55,"turns":6}],"seed_played":"5925972347825568786","potions_obtained":[{"floor":2.0,"key":"FairyPotion"},{"floor":14.0,"key":"FearPotion"},{"floor":16.0,"key":"AttackPotion"},{"floor":21.0,"key":"PowerPotion"},{"floor":28.0,"key":"FearPotion"},{"floor":30.0,"key":"GamblersBrew"},{"floor":35.0,"key":"DistilledChaos"},{"floor":41.0,"key":"BlessingOfTheForge"},{"floor":47,"key":"BottledMiracle"},{"floor":48,"key":"LiquidMemories"},{"floor":54,"key":"FairyPotion"}],"is_trial":false,"path_per_floor":["M","M","M","$","$","E","R","M","T","E","?","?","$","?","R","B",null,"M","$","?","M","M","E","R","M","T","R","M","M","E","M","R","B",null,"M","?","?","M","$","R","E","M","T","?","R","E","M","M","R","B",null,"R","$","E","B"],"character_chosen":"WATCHER","items_purchased":["Wireheading","Fasting2","Orrery","Adaptation","PreservedInsect","Centennial Puzzle","Fasting2","BottledMiracle","DeceiveReality","Protect","Toy Ornithopter","Dexterity Potion"],"campfire_rested":3,"item_purchase_floors":[4,13,13,19,39,39,39,39,39,39,53,53],"current_hp_per_floor":[72,67,53,53,53,33,33,33,33,25,25,14,14,14,14,17,72,64,64,64,58,50,28,49,51,51,51,49,40,9,9,30,42,72,71,66,68,72,72,79,66,49,49,49,72,41,23,18,18,6,79,79,79,16,0,0],"gold":51,"neow_bonus":"BOSS_RELIC","is_daily":false,"chose_seed":false,"campfire_upgraded":3,"win_rate":0.0,"timestamp":1610209291,"path_taken":["M","M","M","?","$","E","R","?","T","E","?","?","$","?","R","BOSS","M","$","?","M","M","E","R","M","T","R","M","M","E","M","R","BOSS","M","?","?","M","$","R","E","M","T","?","R","E","M","M","R","BOSS","R","$","E","BOSS"],"items_purchased_type":["Card","Card","Relic","Card","Relic","Relic","Card","Potion","Card","Card","Relic","Potion"],"build_version":"2020-12-22","purchased_purges":3,"victory":false,"max_hp_per_floor":[72,72,72,72,72,72,72,72,72,72,72,72,72,72,72,72,72,72,72,72,72,72,72,72,72,72,72,72,72,72,72,72,72,72,72,72,72,72,72,79,79,79,79,79,79,79,79,79,79,79,79,79,79,79,79,79],"relic_stats":{"counters":[30,113],"StoneCalendar":[0],"Eternal Feather":0,"Pen Nib":[28],"PreservedInsect":240,"Bag of Preparation":[36],"Juzu Bracelet":0,"Lizard Tail":39,"Centennial Puzzle":[23],"Shovel":2,"Ornamental Fan":[68],"Bird Faced Urn":[75],"Snecko Eye":[106,95,105,113],"Pandora\u0027s Box":["Swivel","WindmillStrike","Omniscience","PathToVictory","Conclude","Crescendo","Conclude"],"obtain_stats":[{"StoneCalendar":37,"Eternal Feather":54,"Pen Nib":6,"PreservedInsect":39,"Bag of Preparation":23,"Juzu Bracelet":26,"Odd Mushroom":14,"White Beast Statue":52,"Runic Dome":0,"Lizard Tail":36,"Centennial Puzzle":39,"Bottled Flame":41,"HornCleat":9,"Shovel":30,"Ornamental Fan":46,"Bird Faced Urn":10,"Strawberry":40,"Orrery":13,"Snecko Eye":34,"Pandora\u0027s Box":17,"PureWater":0,"Toy Ornithopter":53},{"StoneCalendar":21,"Eternal Feather":29,"Pen Nib":4,"PreservedInsect":22,"Bag of Preparation":12,"Juzu Bracelet":13,"Odd Mushroom":7,"White Beast Statue":28,"Runic Dome":0,"Lizard Tail":20,"Centennial Puzzle":22,"Bottled Flame":23,"HornCleat":5,"Shovel":16,"Ornamental Fan":25,"Bird Faced Urn":6,"Strawberry":22,"Orrery":6,"Snecko Eye":18,"Pandora\u0027s Box":8,"PureWater":0,"Toy Ornithopter":28},{"StoneCalendar":69,"Eternal Feather":107,"Pen Nib":13,"PreservedInsect":72,"Bag of Preparation":42,"Juzu Bracelet":45,"Odd Mushroom":23,"White Beast Statue":103,"Runic Dome":0,"Lizard Tail":68,"Centennial Puzzle":72,"Bottled Flame":78,"HornCleat":16,"Shovel":52,"Ornamental Fan":85,"Bird Faced Urn":21,"Strawberry":72,"Orrery":21,"Snecko Eye":61,"Pandora\u0027s Box":30,"PureWater":0,"Toy Ornithopter":103}],"Toy Ornithopter":5},"card_choices":[{"not_picked":["FlyingSleeves","Prostrate"],"picked":"ClearTheMind","floor":1.0},{"not_picked":["Collect","FollowUp"],"picked":"FlurryOfBlows","floor":2.0},{"not_picked":["Scrawl","CrushJoints"],"picked":"EmptyFist","floor":3.0},{"not_picked":["CarveReality","PathToVictory"],"picked":"Wallop","floor":6.0},{"not_picked":["SashWhip","JustLucky"],"picked":"TalkToTheHand","floor":8.0},{"not_picked":["Crescendo","Vengeance"],"picked":"Nirvana","floor":10.0},{"not_picked":["Wireheading","Devotion"],"picked":"SandsOfTime","floor":13.0},{"not_picked":["SashWhip","EmptyFist"],"picked":"Consecrate","floor":13.0},{"not_picked":["Collect","Evaluate"],"picked":"CutThroughFate","floor":13.0},{"not_picked":["FlyingSleeves","Weave"],"picked":"ThirdEye","floor":13.0},{"not_picked":["SpiritShield","Ragnarok"],"picked":"Wish","floor":16.0},{"not_picked":["Crescendo","WreathOfFlame+1"],"picked":"CarveReality","floor":18.0},{"not_picked":["PathToVictory","SandsOfTime+1"],"picked":"WheelKick","floor":21.0},{"not_picked":["Vengeance","BowlingBash"],"picked":"Protect+1","floor":22.0},{"not_picked":["SashWhip","Evaluate","Devotion"],"picked":"SKIP","floor":23.0},{"not_picked":["CrushJoints","BowlingBash"],"picked":"JustLucky","floor":25.0},{"not_picked":["FlyingSleeves","CrushJoints+1"],"picked":"CutThroughFate+1","floor":28.0},{"not_picked":["BowlingBash","Conclude"],"picked":"FollowUp+1","floor":29.0},{"not_picked":["CarveReality","BowlingBash+1"],"picked":"BattleHymn","floor":30.0},{"not_picked":["Conclude","SashWhip+1"],"picked":"ClearTheMind","floor":31.0},{"not_picked":["Vault","DevaForm"],"picked":"LessonLearned","floor":33.0},{"not_picked":["Consecrate","EmptyBody","WheelKick+1"],"picked":"SKIP","floor":35.0},{"not_picked":["PathToVictory","Conclude"],"picked":"Wireheading+1","floor":36.0},{"not_picked":["FollowUp","SashWhip+1"],"picked":"CrushJoints+1","floor":37.0},{"not_picked":["Nirvana","Sanctity"],"picked":"Tantrum","floor":38.0},{"not_picked":["FlyingSleeves","Vengeance"],"picked":"Worship","floor":41.0},{"not_picked":["FollowUp","Evaluate","CrushJoints"],"picked":"SKIP","floor":42.0},{"not_picked":["Purity","Impatience"],"picked":"Finesse","floor":44},{"not_picked":["Crescendo+1","BowlingBash+1"],"picked":"WaveOfTheHand","floor":46},{"not_picked":["CarveReality+1","PathToVictory+1"],"picked":"Omniscience","floor":47},{"not_picked":["JustLucky","CrushJoints+1"],"picked":"Halt+1","floor":48},{"not_picked":["FlyingSleeves","SashWhip"],"picked":"Worship+1","floor":54}],"player_experience":1134108,"relics_obtained":[{"floor":6.0,"key":"Pen Nib"},{"floor":9.0,"key":"HornCleat"},{"floor":10.0,"key":"Bird Faced Urn"},{"floor":14.0,"key":"Odd Mushroom"},{"floor":23.0,"key":"Bag of Preparation"},{"floor":26.0,"key":"Juzu Bracelet"},{"floor":30.0,"key":"Shovel"},{"floor":36.0,"key":"Lizard Tail"},{"floor":37.0,"key":"StoneCalendar"},{"floor":40.0,"key":"Strawberry"},{"floor":41.0,"key":"Bottled Flame"},{"floor":46,"key":"Ornamental Fan"},{"floor":52,"key":"White Beast Statue"},{"floor":54,"key":"Eternal Feather"}],"event_choices":[{"damage_healed":0.0,"max_hp_gain":0.0,"max_hp_loss":0.0,"gold_gain":175.0,"event_name":"Liars Game","player_choice":"AGREE","floor":11.0,"gold_loss":0.0,"damage_taken":0.0,"cards_obtained":["Doubt"]},{"damage_healed":0.0,"max_hp_gain":0.0,"max_hp_loss":0.0,"gold_gain":75.0,"event_name":"World of Goop","player_choice":"Gather Gold","floor":12.0,"gold_loss":0.0,"damage_taken":11.0},{"damage_healed":0.0,"max_hp_gain":0.0,"max_hp_loss":0.0,"gold_gain":0.0,"event_name":"Mushrooms","player_choice":"Fought Mushrooms","floor":14.0,"gold_loss":0.0,"damage_taken":0.0},{"cards_removed":["WindmillStrike"],"damage_healed":0.0,"max_hp_gain":0.0,"max_hp_loss":0.0,"gold_gain":0.0,"event_name":"Back to Basics","player_choice":"Elegance","floor":20.0,"gold_loss":0.0,"damage_taken":0.0},{"damage_healed":0.0,"max_hp_gain":0.0,"max_hp_loss":0.0,"gold_gain":0.0,"event_name":"MindBloom","player_choice":"Fight","floor":36.0,"gold_loss":0.0,"damage_taken":0.0},{"damage_healed":0.0,"max_hp_gain":0.0,"max_hp_loss":0.0,"gold_gain":0.0,"event_name":"Mysterious Sphere","player_choice":"Fight","floor":37.0,"gold_loss":0.0,"damage_taken":0.0},{"damage_healed":0,"gold_gain":0,"player_choice":"Memory 1","damage_taken":0,"max_hp_gain":0,"max_hp_loss":0,"event_name":"SensoryStone","floor":44,"gold_loss":0}],"is_beta":false,"boss_relics":[{"not_picked":["Tiny House","Cursed Key"],"picked":"Pandora\u0027s Box"},{"not_picked":["Fusion Hammer","Black Star"],"picked":"Snecko Eye"}],"items_purged_floors":[4,13,39],"is_endless":false,"potions_floor_spawned":[2,14,16,18,21,28,30,31,35,41,46,47,48,54],"killed_by":"The Heart","ascension_level":1}}