{"host":"nptej036rrbiurf5","time":1610159705,"event":{"mods":["BaseMod","Colored Map","Colored Powertips","DeckTracker","Minty Spire (QoL Compilation)","StSLib","SuperFastMode"],"gold_per_floor":[118,118,133,152,152,187,187,218,242,242,242,242,242,258,258,337,337,349,349,349],"floor_reached":19,"playtime":445,"items_purged":[],"score":350,"play_id":"219f3df3-22e0-4333-a7ac-c8e1ce3eac16","local_time":"20210109113505","is_ascension_mode":true,"campfire_choices":[{"data":"Deadly Poison","floor":7.0,"key":"SMITH"},{"data":"Footwork","floor":10.0,"key":"SMITH"},{"data":"Venomology","floor":12.0,"key":"SMITH"},{"data":"Neutralize","floor":15.0,"key":"SMITH"}],"circlet_count":0,"master_deck":["AscendersBane","Strike_G","Strike_G","Strike_G","Strike_G+1","Defend_G","Defend_G","Defend_G","Defend_G+1","Defend_G","Survivor","Neutralize+1","Venomology+1","Dagger Throw","Deadly Poison+1","Footwork+1","Backflip","Malaise","CurseOfTheBell","Escape Plan"],"relics":["Ring of the Snake","PreservedInsect","Oddly Smooth Stone","Tiny Chest","Calling Bell","Akabeko","Sundial","Girya"],"acts_visited":["Exordium","TheCity"],"potions_floor_usage":[],"damage_taken":[{"damage":1.0,"enemies":"2 Louse","floor":1.0,"turns":4.0},{"damage":1.0,"enemies":"Cultist","floor":3.0,"turns":5.0},{"damage":1.0,"enemies":"Small Slimes","floor":4.0,"turns":5.0},{"damage":9.0,"enemies":"3 Sentries","floor":6.0,"turns":10.0},{"damage":11.0,"enemies":"Gremlin Nob","floor":8.0,"turns":3.0},{"damage":0.0,"enemies":"Looter","floor":14.0,"turns":4.0},{"damage":20.0,"enemies":"Hexaghost","floor":16.0,"turns":11.0},{"damage":21,"enemies":"Shell Parasite","floor":18,"turns":7},{"damage":0,"enemies":"3 Byrds","floor":19,"turns":1}],"seed_played":"8822232566593696777","potions_obtained":[{"floor":1.0,"key":"Block Potion"},{"floor":6.0,"key":"Dexterity Potion"},{"floor":16.0,"key":"Fruit Juice"}],"is_trial":false,"path_per_floor":["M","?","M","M","?","E","R","E","T","R","?","R","?","M","R","B",null,"M","M"],"character_chosen":"THE_SILENT","items_purchased":[],"campfire_rested":0,"item_purchase_floors":[],"current_hp_per_floor":[43,66,65,64,44,35,35,24,24,24,46,46,39,39,39,24,59,38,38,38],"gold":349,"neow_bonus":"THREE_RARE_CARDS","is_daily":false,"chose_seed":false,"campfire_upgraded":4,"win_rate":0.0,"timestamp":1610159705,"path_taken":["M","?","?","M","?","E","R","E","T","R","?","R","?","?","R","BOSS","M","M"],"items_purchased_type":[],"build_version":"2020-12-22","purchased_purges":0,"victory":false,"max_hp_per_floor":[66,66,66,66,66,66,66,66,66,66,66,66,66,66,66,71,71,71,71,71],"card_choices":[{"not_picked":["A Thousand Cuts","Unload"],"picked":"Venomology","floor":0.0},{"not_picked":["Outmaneuver","Deflect"],"picked":"Caltrops","floor":1.0},{"not_picked":["Deflect","Sucker Punch","Bane"],"picked":"SKIP","floor":3.0},{"not_picked":["Endless Agony","Bane"],"picked":"Dagger Throw","floor":4.0},{"not_picked":["Flying Knee","Distraction"],"picked":"Deadly Poison","floor":6.0},{"not_picked":["Backflip","PiercingWail"],"picked":"Footwork","floor":8.0},{"not_picked":["Deadly Poison","Bullet Time"],"picked":"Backflip","floor":14.0},{"not_picked":["Unload","Wraith Form v2"],"picked":"Malaise","floor":16.0},{"not_picked":["Poisoned Stab","Sucker Punch"],"picked":"Escape Plan","floor":18}],"player_experience":882580,"relics_obtained":[{"floor":6.0,"key":"PreservedInsect"},{"floor":8.0,"key":"Oddly Smooth Stone"},{"floor":9.0,"key":"Tiny Chest"},{"floor":17,"key":"Akabeko"},{"floor":17,"key":"Sundial"},{"floor":17,"key":"Girya"}],"event_choices":[{"cards_removed":["Caltrops"],"damage_healed":23.0,"max_hp_gain":0.0,"max_hp_loss":0.0,"gold_gain":0.0,"event_name":"Bonfire Elementals","player_choice":"Offered Uncommon","floor":2.0,"gold_loss":0.0,"damage_taken":0.0},{"damage_healed":0.0,"max_hp_gain":0.0,"max_hp_loss":0.0,"gold_gain":0.0,"event_name":"Shining Light","player_choice":"Entered Light","floor":5.0,"gold_loss":0.0,"damage_taken":20.0,"cards_upgraded":["Defend_G","Strike_G"]},{"damage_healed":22.0,"max_hp_gain":0.0,"max_hp_loss":0.0,"gold_gain":0.0,"event_name":"Big Fish","player_choice":"Banana","floor":11.0,"gold_loss":0.0,"damage_taken":0.0},{"cards_removed":["Strike_G"],"damage_healed":0.0,"max_hp_gain":0.0,"max_hp_loss":0.0,"gold_gain":0.0,"event_name":"Golden Wing","player_choice":"Card Removal","floor":13.0,"gold_loss":0.0,"damage_taken":7.0}],"is_beta":false,"boss_relics":[{"not_picked":["Philosopher\u0027s Stone","Coffee Dripper"],"picked":"Calling Bell"}],"items_purged_floors":[],"is_endless":false,"potions_floor_spawned":[1,6,14,16],"killed_by":"3 Byrds","ascension_level":20}}