{"host":"i0avyit1s6jb1siw","time":1610186461,"event":{"mods":["BaseMod","DeckTracker","Dota2Spire","Highlight Path","Minty Spire (QoL Compilation)","Quick Restart","StSLib","SuperFastMode"],"gold_per_floor":[112,37,37,37,57,100,100,121,121,146,169,169,169,213,213,307,307,325,139,189,239,90,90,109,145,145,169,187,208,243,57,57,57,57],"floor_reached":33,"playtime":608,"items_purged":["Strike_R","Strike_R","Strike_R"],"score":640,"play_id":"d1ae6415-a06d-452d-a60c-9b85779b4a43","local_time":"20210109110101","is_ascension_mode":true,"campfire_choices":[{"data":"Battle Trance","floor":7.0,"key":"SMITH"},{"data":"Fire Breathing","floor":12.0,"key":"SMITH"},{"floor":15.0,"key":"REST"},{"data":"Wild Strike","floor":23.0,"key":"SMITH"},{"floor":32,"key":"REST"}],"circlet_count":0,"master_deck":["AscendersBane","Defend_R","Defend_R","Defend_R","Bash","Wild Strike","Fire Breathing+1","Battle Trance+1","Wild Strike+1","Anger","Offering","Sentinel","Flame Barrier","Second Wind","Disarm+1","Shockwave","True Grit+1","Wild Strike+1","Finesse"],"relics":["Burning Blood","NeowsBlessing","Golden Idol","White Beast Statue","The Courier","Torii","Dota2Spire:MagicBottle","Empty Cage","Medical Kit","Prayer Wheel","Paper Frog","Shuriken"],"acts_visited":["Exordium","TheCity"],"potions_floor_usage":[29,30,30],"damage_taken":[{"damage":0.0,"enemies":"2 Louse","floor":1.0,"turns":1.0},{"damage":0.0,"enemies":"Small Slimes","floor":5.0,"turns":1.0},{"damage":0.0,"enemies":"3 Sentries","floor":6.0,"turns":2.0},{"damage":4.0,"enemies":"Jaw Worm","floor":8.0,"turns":3.0},{"damage":6.0,"enemies":"Looter","floor":10.0,"turns":2.0},{"damage":6.0,"enemies":"Lots of Slimes","floor":11.0,"turns":6.0},{"damage":55.0,"enemies":"Gremlin Nob","floor":14.0,"turns":5.0},{"damage":1.0,"enemies":"Slime Boss","floor":16.0,"turns":6.0},{"damage":23.0,"enemies":"2 Thieves","floor":18.0,"turns":3.0},{"damage":6.0,"enemies":"Chosen","floor":24.0,"turns":3.0},{"damage":34.0,"enemies":"Slavers","floor":25.0,"turns":3.0},{"damage":19.0,"enemies":"Centurion and Healer","floor":27.0,"turns":7.0},{"damage":7,"enemies":"Snake Plant","floor":28,"turns":4},{"damage":2,"enemies":"Cultist and Chosen","floor":29,"turns":5},{"damage":23,"enemies":"Book of Stabbing","floor":30,"turns":6},{"damage":34,"enemies":"Automaton","floor":33,"turns":4}],"seed_played":"-7750727869022745104","potions_obtained":[{"floor":6.0,"key":"Weak Potion"},{"floor":8.0,"key":"Swift Potion"},{"floor":10.0,"key":"Regen Potion"},{"floor":14.0,"key":"Weak Potion"},{"floor":16.0,"key":"Weak Potion"},{"floor":18.0,"key":"AttackPotion"},{"floor":25.0,"key":"Swift Potion"},{"floor":27.0,"key":"GamblersBrew"},{"floor":28,"key":"Dota2Spire:HealingSalve"},{"floor":29,"key":"SneckoOil"},{"floor":30,"key":"Energy Potion"}],"is_trial":false,"path_per_floor":["M","?","?","?","M","E","R","M","T","M","M","R","T","E","R","B",null,"M","$","?","?","$","R","M","E","T","M","M","M","E","$","R","B"],"character_chosen":"IRONCLAD","items_purchased":["Medical Kit","Flame Barrier","Finesse"],"campfire_rested":2,"item_purchase_floors":[19,22,31],"current_hp_per_floor":[74,74,74,68,68,68,68,68,68,68,68,68,68,19,39,68,68,51,51,51,51,51,51,51,23,23,10,9,25,8,8,28,0,0],"gold":57,"neow_bonus":"THREE_ENEMY_KILL","is_daily":false,"chose_seed":false,"campfire_upgraded":3,"win_rate":0.0,"timestamp":1610186461,"path_taken":["M","?","?","?","M","E","R","M","T","M","M","R","?","E","R","BOSS","M","?","?","?","$","R","M","E","T","M","?","M","E","$","R","BOSS"],"items_purchased_type":["Relic","Card","Card"],"build_version":"2020-12-22","purchased_purges":3,"victory":false,"max_hp_per_floor":[75,75,75,68,68,68,68,68,68,68,68,68,68,68,68,68,68,68,68,68,68,68,68,68,68,68,68,68,68,68,68,68,68,68],"card_choices":[{"not_picked":["Havoc","Shrug It Off"],"picked":"Wild Strike","floor":1.0},{"not_picked":["True Grit","Flex"],"picked":"Fire Breathing","floor":5.0},{"not_picked":["Limit Break","Body Slam"],"picked":"Battle Trance","floor":6.0},{"not_picked":["Combust","Armaments"],"picked":"Wild Strike","floor":8.0},{"not_picked":["Rampage","Battle Trance"],"picked":"Anger","floor":10.0},{"not_picked":["Clash","Infernal Blade","Flex"],"picked":"SKIP","floor":11.0},{"not_picked":["Iron Wave","Sever Soul","Pummel"],"picked":"SKIP","floor":14.0},{"not_picked":["Demon Form","Bludgeon"],"picked":"Offering","floor":16.0},{"not_picked":["Searing Blow","Body Slam"],"picked":"Sentinel","floor":18.0},{"not_picked":["Flex","Clothesline","Body Slam+1"],"picked":"SKIP","floor":24.0},{"not_picked":["Iron Wave+1","Warcry"],"picked":"Second Wind","floor":25.0},{"not_picked":["Sword Boomerang","Flex"],"picked":"Disarm+1","floor":27.0},{"not_picked":["Whirlwind","Perfected Strike"],"picked":"Shockwave","floor":27.0},{"not_picked":["Perfected Strike","Searing Blow+1"],"picked":"True Grit+1","floor":28},{"not_picked":["Inflame","Body Slam","Combust"],"picked":"SKIP","floor":28},{"not_picked":["Blood for Blood","Dropkick","Cleave"],"picked":"SKIP","floor":29},{"not_picked":["Dual Wield","Armaments","Blood for Blood"],"picked":"SKIP","floor":29},{"not_picked":["Carnage","Clash"],"picked":"Wild Strike+1","floor":30}],"player_experience":2190758,"relics_obtained":[{"floor":6.0,"key":"White Beast Statue"},{"floor":9.0,"key":"The Courier"},{"floor":13.0,"key":"Torii"},{"floor":14.0,"key":"Dota2Spire:MagicBottle"},{"floor":25.0,"key":"Prayer Wheel"},{"floor":26.0,"key":"Paper Frog"},{"floor":30,"key":"Shuriken"}],"event_choices":[{"cards_removed":["Strike_R"],"damage_healed":0.0,"max_hp_gain":0.0,"max_hp_loss":0.0,"gold_gain":0.0,"event_name":"The Cleric","player_choice":"Card Removal","floor":2.0,"gold_loss":75.0,"damage_taken":0.0},{"damage_healed":0.0,"max_hp_gain":0.0,"max_hp_loss":0.0,"gold_gain":0.0,"event_name":"Liars Game","player_choice":"Ignored","floor":3.0,"gold_loss":0.0,"damage_taken":0.0},{"damage_healed":0.0,"max_hp_gain":0.0,"max_hp_loss":7.0,"gold_gain":0.0,"event_name":"Golden Idol","player_choice":"Lose Max HP","floor":4.0,"gold_loss":0.0,"damage_taken":0.0,"relics_obtained":["Golden Idol"]},{"damage_healed":0.0,"max_hp_gain":0.0,"max_hp_loss":0.0,"gold_gain":50.0,"event_name":"Nest","player_choice":"Stole From Cult","floor":20.0,"gold_loss":0.0,"damage_taken":0.0},{"damage_healed":0.0,"max_hp_gain":0.0,"max_hp_loss":0.0,"gold_gain":100.0,"event_name":"The Joust","player_choice":"Bet on Murderer","floor":21.0,"gold_loss":50.0,"damage_taken":0.0}],"is_beta":false,"boss_relics":[{"not_picked":["Runic Dome","Coffee Dripper"],"picked":"Empty Cage"}],"items_purged_floors":[19,22,31],"is_endless":false,"potions_floor_spawned":[6,8,10,11,14,16,18,24,25,27,28,29,30],"killed_by":"Automaton","ascension_level":20}}