{"host":"7z9izfsmsy4azoxx","time":1610205941,"event":{"mods":["AchievementEnabler","BaseMod","Colored Map","Custom Start","Hermit","Minty Spire (QoL Compilation)","StSLib","SuperFastMode"],"gold_per_floor":[132156574,132155926,132155856,132155856,132155856,132155856,132155170,132155170,132155196,132155230,132155230,132155259,132155279,132155344,132155344,132155344,132155344],"floor_reached":16,"playtime":308,"items_purged":["Strike_R","Regret"],"score":279,"play_id":"5f81b98b-459b-4150-ba2c-09f98188738a","local_time":"20210110002541","is_ascension_mode":true,"campfire_choices":[{"data":"Fire Breathing","floor":6,"key":"SMITH"},{"data":"Bash","floor":8,"key":"SMITH"},{"data":"Ghostly Armor","floor":11,"key":"SMITH"},{"data":"Impervious","floor":15,"key":"SMITH"}],"circlet_count":0,"master_deck":["AscendersBane","Strike_R","Strike_R","Strike_R","Defend_R","Defend_R","Defend_R+1","Defend_R","Bash+1","Wild Strike","Shrug It Off","Fire Breathing+1","Warcry+1","Rampage+1","Ghostly Armor+1","Impervious+1","Pommel Strike+1"],"relics":["Burning Blood","MealTicket","Pear","Dead Branch","Molten Egg 2","Happy Flower","Orichalcum","Juzu Bracelet","Bottled Tornado","Odd Mushroom","War Paint"],"acts_visited":["Exordium"],"potions_floor_usage":[16],"damage_taken":[{"damage":2,"enemies":"2 Louse","floor":1,"turns":3},{"damage":36,"enemies":"Lagavulin","floor":10,"turns":7},{"damage":6,"enemies":"3 Sentries","floor":12,"turns":4},{"damage":6,"enemies":"The Mushroom Lair","floor":13,"turns":3},{"damage":2,"enemies":"3 Sentries","floor":14,"turns":4},{"damage":62,"enemies":"Hexaghost","floor":16,"turns":9}],"seed_played":"-2316276579945121992","potions_obtained":[],"is_trial":false,"path_per_floor":["M","$","?","?","?","R","$","R","T","E","R","E","?","?","R","B"],"character_chosen":"IRONCLAD","items_purchased":["MealTicket","Pear","LiquidBronze","Swift Potion","Molten Egg 2","Happy Flower","Warcry","Rampage+1"],"campfire_rested":0,"item_purchase_floors":[2,2,2,2,7,7,7,7],"current_hp_per_floor":[72,82,82,82,82,82,85,85,85,55,55,55,55,59,59,0,0],"gold":132155344,"neow_bonus":"THREE_CARDS","is_daily":false,"chose_seed":false,"campfire_upgraded":4,"win_rate":0.0,"timestamp":1610205941,"path_taken":["M","$","?","?","?","R","$","R","T","E","R","E","?","?","R","BOSS"],"items_purchased_type":["Relic","Relic","Potion","Potion","Relic","Relic","Card","Card"],"build_version":"2020-12-22","purchased_purges":2,"victory":false,"max_hp_per_floor":[75,85,85,85,85,85,85,85,85,85,85,85,85,85,85,85,85],"card_choices":[{"not_picked":["Clothesline","Feel No Pain"],"picked":"Wild Strike","floor":0},{"not_picked":["Iron Wave","Wild Strike"],"picked":"Shrug It Off","floor":1},{"not_picked":["Perfected Strike+1","Power Through"],"picked":"Ghostly Armor","floor":10},{"not_picked":["Clash+1","Limit Break"],"picked":"Impervious","floor":12},{"not_picked":["Evolve","Twin Strike+1"],"picked":"Pommel Strike+1","floor":14}],"player_experience":521243,"relics_obtained":[{"floor":9,"key":"Orichalcum"},{"floor":10,"key":"Juzu Bracelet"},{"floor":12,"key":"Bottled Tornado"},{"floor":13,"key":"Odd Mushroom"},{"floor":14,"key":"War Paint"}],"event_choices":[{"damage_healed":0,"gold_gain":0,"player_choice":"Left Gold","damage_taken":0,"max_hp_gain":0,"max_hp_loss":0,"event_name":"World of Goop","floor":3,"gold_loss":70},{"damage_healed":0,"gold_gain":0,"player_choice":"Box","damage_taken":0,"relics_obtained":["Dead Branch"],"max_hp_gain":0,"max_hp_loss":0,"event_name":"Big Fish","floor":4,"gold_loss":0,"cards_obtained":["Regret"]},{"damage_healed":0,"gold_gain":0,"cards_transformed":["Strike_R"],"player_choice":"Change","damage_taken":0,"max_hp_gain":0,"max_hp_loss":0,"event_name":"Living Wall","floor":5,"gold_loss":0,"cards_obtained":["Fire Breathing"]},{"damage_healed":0,"gold_gain":0,"player_choice":"Fought Mushrooms","damage_taken":0,"max_hp_gain":0,"max_hp_loss":0,"event_name":"Mushrooms","floor":13,"gold_loss":0},{"damage_healed":0,"gold_gain":0,"player_choice":"Searched \u00271\u0027 times","damage_taken":0,"max_hp_gain":0,"max_hp_loss":0,"event_name":"Dead Adventurer","floor":14,"gold_loss":0}],"is_beta":false,"boss_relics":[],"items_purged_floors":[2,7],"is_endless":false,"potions_floor_spawned":[13,14],"killed_by":"Hexaghost","ascension_level":20}}