{"host":"uw9bem9glq2czfca","time":1610173120,"event":{"mods":["Act Like it!","BaseMod","Colored Map","Colored Powertips","Downfall","Friendly Minions","Hubris","Minty Spire (QoL Compilation)","Replay The Spire","StSLib","The Construct"],"gold_per_floor":[110,110,110,122,47,47,65,79,147,147,112,12,12,25,25,120,120,132,146,146,163,163,163],"floor_reached":22,"playtime":584,"items_purged":["Defend_R","Strike_R"],"score":176,"play_id":"25c89352-967d-4b49-ba3d-b67753a6133f","local_time":"20210108221840","is_ascension_mode":false,"campfire_choices":[{"data":"Iron Wave","floor":6,"key":"SMITH"},{"floor":15,"key":"REST"}],"circlet_count":0,"master_deck":["Strike_R","Strike_R","Strike_R","Defend_R+1","Defend_R","Bash+1","Iron Wave+1","Bludgeon","Iron Wave","Entrench"],"relics":["Black Blood","Potion Belt","Letter Opener","Darkstone Periapt"],"acts_visited":["Exordium","TheCity"],"potions_floor_usage":[16,22],"damage_taken":[{"damage":11,"enemies":"Jaw Worm","floor":1,"turns":2},{"damage":0,"enemies":"Small Slimes","floor":4,"turns":3},{"damage":14,"enemies":"2 Louse","floor":7,"turns":2},{"damage":3,"enemies":"Looter","floor":8,"turns":3},{"damage":7,"enemies":"Blue Slaver","floor":14,"turns":3},{"damage":89,"enemies":"The Guardian","floor":16,"turns":16},{"damage":16,"enemies":"Spheric Guardian","floor":18,"turns":4},{"damage":48,"enemies":"3 Byrds","floor":19,"turns":11},{"damage":38,"enemies":"Snake Plant","floor":21,"turns":5},{"damage":26,"enemies":"3 Cultists","floor":22,"turns":3}],"seed_played":"7606726700777888897","potions_obtained":[{"floor":1,"key":"BloodPotion"},{"floor":8,"key":"Swift Potion"},{"floor":16,"key":"Block Potion"},{"floor":21,"key":"Swift Potion"}],"is_trial":false,"path_per_floor":["M","?","?","M","$","R","M","M","T","?","?","$","T","M","R","B",null,"M","M","?","M","M"],"character_chosen":"IRONCLAD","items_purchased":[],"campfire_rested":1,"item_purchase_floors":[],"current_hp_per_floor":[75,68,73,79,79,79,71,74,74,57,78,78,78,77,85,19,85,81,45,45,19,0,0],"gold":163,"neow_bonus":"RANDOM_COMMON_RELIC","is_daily":false,"chose_seed":false,"campfire_upgraded":1,"win_rate":0.0,"timestamp":1610173120,"path_taken":["M","?","?","M","$","R","M","M","T","?","?","$","?","M","R","BOSS","M","M","?","M","M"],"items_purchased_type":[],"build_version":"2020-12-22","purchased_purges":2,"victory":false,"max_hp_per_floor":[80,80,85,85,85,85,85,85,85,85,85,85,85,85,85,85,85,85,85,85,85,85,85],"card_choices":[{"not_picked":["Warcry","Clash"],"picked":"Iron Wave","floor":1},{"not_picked":["True Grit","Blood for Blood","Replay:Undeath\u0027s Touch"],"picked":"SKIP","floor":4},{"not_picked":["ReplayTheSpireMod:Strike From Hell","Pommel Strike","Battle Trance"],"picked":"SKIP","floor":7},{"not_picked":["Body Slam","Cleave","Run Through"],"picked":"SKIP","floor":8},{"not_picked":["Pommel Strike","Run Through","Thunderclap"],"picked":"SKIP","floor":14},{"not_picked":["Hemogenesis","Berserk"],"picked":"Bludgeon","floor":16},{"not_picked":["Pommel Strike","ReplayTheSpireMod:Strike From Hell","ReplayTheSpireMod:Stacked+1"],"picked":"SKIP","floor":18},{"not_picked":["Dark Embrace","Perfected Strike","Wild Strike+1"],"picked":"SKIP","floor":19},{"not_picked":["hubris:SharpeningStone","Shrug It Off"],"picked":"Entrench","floor":21}],"player_experience":94164,"relics_obtained":[{"floor":9,"key":"Letter Opener"},{"floor":13,"key":"Darkstone Periapt"}],"event_choices":[{"cards_removed":["Strike_R"],"damage_healed":0,"gold_gain":0,"player_choice":"Card Removal","damage_taken":7,"max_hp_gain":0,"max_hp_loss":0,"event_name":"Golden Wing","floor":2,"gold_loss":0},{"damage_healed":0,"gold_gain":0,"player_choice":"Donut","damage_taken":0,"max_hp_gain":5,"max_hp_loss":0,"event_name":"Big Fish","floor":3,"gold_loss":0},{"damage_healed":0,"gold_gain":0,"player_choice":"Entered Light","damage_taken":17,"max_hp_gain":0,"max_hp_loss":0,"event_name":"Shining Light","floor":10,"gold_loss":0,"cards_upgraded":["Bash","Defend_R"]},{"damage_healed":21,"gold_gain":0,"player_choice":"Healed","damage_taken":0,"max_hp_gain":0,"max_hp_loss":0,"event_name":"The Cleric","floor":11,"gold_loss":35},{"cards_removed":["Defend_R"],"damage_healed":0,"gold_gain":0,"player_choice":"Took Card","damage_taken":0,"max_hp_gain":0,"max_hp_loss":0,"event_name":"NoteForYourself","floor":20,"gold_loss":0,"cards_obtained":["Iron Wave"]}],"is_beta":false,"boss_relics":[{"not_picked":["hubris:HollowSoul","Busted Crown"],"picked":"Black Blood"}],"items_purged_floors":[5,12],"is_endless":false,"potions_floor_spawned":[1,8,16,21],"killed_by":"3 Cultists","ascension_level":0}}