{"host":"1a3cjta80tad0aqj","time":1610172135,"event":{"mods":["2.2 Compatiblity","AchievementEnabler","BaseMod","Colored Map","DeckTracker","KOR Keyword Fix","Keyboard Shortcuts","Minty Spire (QoL Compilation)","Permanent Neow","Quick Restart","Random Character Button","StSLib","SuperFastMode","everything is the same but u backflip on backflip"],"gold_per_floor":[112,124,49,49,49,49,76,76,76,90,110,74,74,74,74,174,174,190,115,135,35,50,50,65,85,85,85,103,103,103,103,103,198,198,213,88,103,121,48,62,80,80,80,80,180,180,180],"floor_reached":46,"playtime":2118,"items_purged":["Pray+1","Strike_P","Defend_P"],"score":470,"play_id":"bb0ae4fa-bf44-4993-9204-6204dd8e447c","local_time":"20210109150215","is_ascension_mode":false,"campfire_choices":[{"data":"Eruption","floor":6.0,"key":"SMITH"},{"data":"BattleHymn","floor":8.0,"key":"SMITH"},{"data":"WheelKick","floor":15.0,"key":"SMITH"},{"data":"MentalFortress","floor":23.0,"key":"SMITH"},{"floor":32.0,"key":"REST"},{"floor":42.0,"key":"REST"},{"floor":44.0,"key":"REST"}],"circlet_count":0,"master_deck":["Eruption+1","Vigilance","SashWhip+1","Crescendo+1","BattleHymn+1","WheelKick+1","Halt","EmptyFist","MentalFortress+1","DeusExMachina","BowlingBash","Adaptation+1","EmptyBody","FlurryOfBlows+1","FollowUp+1","FearNoEvil","Blasphemy","Tantrum","ThirdEye+1"],"relics":["Astrolabe"],"acts_visited":["Exordium","TheCity","TheBeyond"],"potions_floor_usage":[],"damage_taken":[{"damage":0.0,"enemies":"Jaw Worm","floor":1.0,"turns":2.0},{"damage":0.0,"enemies":"2 Louse","floor":2.0,"turns":2.0},{"damage":32.0,"enemies":"Gremlin Nob","floor":7.0,"turns":3.0},{"damage":0.0,"enemies":"Cultist","floor":10.0,"turns":2.0},{"damage":2.0,"enemies":"Looter","floor":11.0,"turns":2.0},{"damage":0.0,"enemies":"Slime Boss","floor":16.0,"turns":5.0},{"damage":7.0,"enemies":"Shell Parasite","floor":18.0,"turns":2.0},{"damage":10.0,"enemies":"2 Thieves","floor":20.0,"turns":3.0},{"damage":1.0,"enemies":"3 Cultists","floor":22.0,"turns":4.0},{"damage":7.0,"enemies":"Sentry and Sphere","floor":24.0,"turns":4.0},{"damage":2.0,"enemies":"Snake Plant","floor":25.0,"turns":4.0},{"damage":6.0,"enemies":"3 Cultists","floor":28.0,"turns":4.0},{"damage":46.0,"enemies":"Collector","floor":33.0,"turns":4.0},{"damage":15.0,"enemies":"3 Shapes","floor":35.0,"turns":4.0},{"damage":7.0,"enemies":"3 Darklings","floor":37.0,"turns":3.0},{"damage":25.0,"enemies":"4 Shapes","floor":38.0,"turns":6.0},{"damage":9.0,"enemies":"Maw","floor":40.0,"turns":6.0},{"damage":3.0,"enemies":"Spire Growth","floor":41.0,"turns":4.0},{"damage":100002,"enemies":"Writhing Mass","floor":46,"turns":4}],"seed_played":"2422888770204025981","potions_obtained":[{"floor":7.0,"key":"Weak Potion"},{"floor":11.0,"key":"Energy Potion"},{"floor":22.0,"key":"FearPotion"},{"floor":24.0,"key":"SteroidPotion"},{"floor":35.0,"key":"DuplicationPotion"},{"floor":38.0,"key":"Weak Potion"},{"floor":40.0,"key":"SkillPotion"},{"floor":41.0,"key":"ColorlessPotion"}],"is_trial":false,"path_per_floor":["M","M","$","?","?","R","E","R","T","M","M","$","?","$","R","B",null,"M","?","M","$","M","R","M","M","T","$","M","?","?","$","R","B",null,"M","$","M","M","$","M","M","R","T","R","?","M"],"character_chosen":"WATCHER","items_purchased":["MentalFortress","Regen Potion"],"campfire_rested":3,"item_purchase_floors":[12,39],"current_hp_per_floor":[72,72,72,72,72,72,40,40,40,40,38,38,38,38,38,38,72,65,65,55,55,54,54,47,45,45,45,39,39,39,39,60,14,72,57,57,50,25,25,31,28,49,49,70,70,0,0],"gold":180,"neow_bonus":"BOSS_RELIC","is_daily":false,"chose_seed":true,"campfire_upgraded":4,"win_rate":0.0,"timestamp":1610172135,"path_taken":["M","M","$","?","?","R","E","R","T","M","?","$","?","$","R","BOSS","M","?","M","$","M","R","M","M","T","$","M","?","?","$","R","BOSS","M","?","M","M","$","M","M","R","T","R","?","?"],"items_purchased_type":["Card","Potion"],"build_version":"2020-12-22","purchased_purges":3,"victory":false,"max_hp_per_floor":[72,72,72,72,72,72,72,72,72,72,72,72,72,72,72,72,72,72,72,72,72,72,72,72,72,72,72,72,72,72,72,72,72,72,72,72,72,72,72,72,72,72,72,72,72,72,72],"card_choices":[{"not_picked":["SashWhip","Halt"],"picked":"BattleHymn","floor":1.0},{"not_picked":["LikeWater","FlurryOfBlows","CrushJoints"],"picked":"SKIP","floor":2.0},{"not_picked":["Judgement","JustLucky"],"picked":"WheelKick","floor":7.0},{"not_picked":["FlurryOfBlows","Indignation"],"picked":"Halt","floor":10.0},{"not_picked":["Evaluate","Protect"],"picked":"EmptyFist","floor":11.0},{"not_picked":["Brilliance","MasterReality"],"picked":"DeusExMachina","floor":16.0},{"not_picked":["Evaluate","Protect"],"picked":"BowlingBash","floor":18.0},{"not_picked":["Halt","JustLucky"],"picked":"Adaptation+1","floor":20.0},{"not_picked":["ReachHeaven+1","FlyingSleeves","SashWhip+1"],"picked":"SKIP","floor":22.0},{"not_picked":["Swivel","Evaluate"],"picked":"EmptyBody","floor":24.0},{"not_picked":["Adaptation","CutThroughFate+1"],"picked":"FlurryOfBlows+1","floor":25.0},{"not_picked":["DeceiveReality","CrushJoints"],"picked":"FollowUp+1","floor":28.0},{"not_picked":["Judgement","MasterReality"],"picked":"Blasphemy","floor":33.0},{"not_picked":["Vengeance","JustLucky","Sanctity+1"],"picked":"SKIP","floor":35.0},{"not_picked":["FlyingSleeves+1","Prostrate","Protect"],"picked":"SKIP","floor":37.0},{"not_picked":["Prostrate","EmptyBody+1"],"picked":"Tantrum","floor":38.0},{"not_picked":["Prostrate","SashWhip+1"],"picked":"ThirdEye+1","floor":40.0},{"not_picked":["Protect","Consecrate+1","EmptyFist"],"picked":"SKIP","floor":41.0}],"player_experience":233183,"relics_obtained":[],"event_choices":[{"damage_healed":0.0,"max_hp_gain":0.0,"max_hp_loss":0.0,"gold_gain":0.0,"event_name":"Scrap Ooze","player_choice":"Fled","floor":4.0,"gold_loss":0.0,"damage_taken":0.0},{"cards_removed":["Strike_P"],"damage_healed":0.0,"max_hp_gain":0.0,"max_hp_loss":0.0,"gold_gain":0.0,"event_name":"Bonfire Elementals","player_choice":"Offered Basic","floor":5.0,"gold_loss":0.0,"damage_taken":0.0},{"damage_healed":0.0,"max_hp_gain":0.0,"max_hp_loss":0.0,"gold_gain":0.0,"event_name":"Golden Idol","player_choice":"Ignored","floor":13.0,"gold_loss":0.0,"damage_taken":0.0},{"cards_removed":["Strike_P"],"damage_healed":0.0,"max_hp_gain":0.0,"max_hp_loss":0.0,"gold_gain":0.0,"event_name":"Beggar","player_choice":"Gave Gold","floor":19.0,"gold_loss":75.0,"damage_taken":0.0},{"damage_healed":0.0,"max_hp_gain":0.0,"max_hp_loss":0.0,"gold_gain":0.0,"event_name":"The Library","player_choice":"Read","floor":29.0,"gold_loss":0.0,"damage_taken":0.0,"cards_obtained":["FearNoEvil"]},{"cards_removed":["Defend_P"],"damage_healed":0.0,"max_hp_gain":0.0,"max_hp_loss":0.0,"gold_gain":0.0,"event_name":"Purifier","player_choice":"Purged","floor":30.0,"gold_loss":0.0,"damage_taken":0.0},{"damage_healed":0.0,"max_hp_gain":0.0,"max_hp_loss":0.0,"gold_gain":100.0,"event_name":"Golden Shrine","player_choice":"Pray","floor":45.0,"gold_loss":0.0,"damage_taken":0.0}],"is_beta":false,"boss_relics":[{"not_picked":[]},{"not_picked":[]}],"items_purged_floors":[3,21,36],"is_endless":false,"potions_floor_spawned":[7,11,22,24,35,38,40,41],"killed_by":"Writhing Mass","ascension_level":0}}