{"host":"ixbvfs3so5a39bhe","time":1610170012,"event":{"mods":["BaseMod","Downfall","Minty Spire (QoL Compilation)","Quick Restart","StSLib"],"gold_per_floor":[99,20,20,20,120,133,201,126,156,156,167,182,199,219,238,336,336,261,272,272,284,484,359,384,394,423,74,74,90,122,135,147,244,244,169,179,250,265,265,340,340,357,369,175,175,175,175,193,205,205,205,205],"floor_reached":50,"playtime":4133,"items_purged":["hexamod:Haunted"],"score":536,"play_id":"312bac94-c1ff-43a5-96bc-5cd3d6f96767","local_time":"20210109132652","is_ascension_mode":false,"campfire_choices":[{"floor":1.0,"key":"RECALL"},{"data":"Guardian:ArmoredProtocol","floor":8.0,"key":"SMITH"},{"data":"Guardian:DonusPower","floor":18.0,"key":"SMITH"},{"data":"Guardian:CurlUp","floor":35.0,"key":"SMITH"},{"data":"Guardian:DecasProtection","floor":47.0,"key":"SMITH"}],"circlet_count":0,"master_deck":["Guardian:CurlUp+1","Guardian:TwinSlam","Guardian:PiercingHide+1","Guardian:EvasiveProtocol+1","Guardian:ArmoredProtocol+1","Guardian:DecasProtection+1","Guardian:EvasiveProtocol","Guardian:DecasProtection+1","Guardian:DonusPower+1","Guardian:RevengeProtocol","Guardian:PolyBeam","Guardian:PrismaticBarrier","Guardian:GuardianWhirl","Guardian:RollAttack","Necronomicurse","Guardian:SpikerProtocol","CurseOfTheBell","Guardian:ShieldSpikes","Guardian:PrismaticBarrier","Guardian:DonusPower+1","expansioncontent:Chronoboost+1","Guardian:WalkerClaw+1","Guardian:WalkerClaw+1","Guardian:Gem_Crimson"],"relics":["Guardian:ModeShifter","downfall:HeartsMalice","MealTicket","Mummified Hand","downfall:HeartBlessingRed","Sundial","Pandora\u0027s Box","downfall:HeartBlessingGreen","Tiny Chest","War Paint","Sling","Necronomicon","Blood Vial","Calling Bell","Bronze Scales","Frozen Egg 2","Du-Vu Doll","downfall:HeartBlessingBlue","Letter Opener","Matryoshka","Smiling Mask","StrikeDummy","Happy Flower"],"acts_visited":["Exordium","TheCity","TheBeyond"],"potions_floor_usage":[50,50],"damage_taken":[{"damage":0.0,"enemies":"downfall:FleeingMerchant","floor":2.0,"turns":1.0},{"damage":0.0,"enemies":"Cultist","floor":3.0,"turns":1.0},{"damage":0.0,"enemies":"downfall:Heads","floor":5.0,"turns":1.0},{"damage":0.0,"enemies":"2 Louse","floor":6.0,"turns":2.0},{"damage":7.0,"enemies":"3 Sentries","floor":9.0,"turns":4.0},{"damage":0.0,"enemies":"Small Slimes","floor":11.0,"turns":2.0},{"damage":6.0,"enemies":"Exordium Wildlife","floor":12.0,"turns":4.0},{"damage":0.0,"enemies":"Large Slime","floor":13.0,"turns":6.0},{"damage":2.0,"enemies":"Blue Slaver","floor":14.0,"turns":4.0},{"damage":6.0,"enemies":"Exordium Wildlife","floor":15.0,"turns":4.0},{"damage":31.0,"enemies":"downfall:Watcher","floor":16.0,"turns":12.0},{"damage":0.0,"enemies":"Chosen","floor":19.0,"turns":5.0},{"damage":1.0,"enemies":"Snake Plant","floor":21.0,"turns":3.0},{"damage":0.0,"enemies":"downfall:FleeingMerchant","floor":23.0,"turns":4.0},{"damage":0.0,"enemies":"3 Cultists","floor":25.0,"turns":3.0},{"damage":6.0,"enemies":"Gremlin Leader","floor":26.0,"turns":5.0},{"damage":0.0,"enemies":"downfall:FleeingMerchant","floor":27.0,"turns":4.0},{"damage":16.0,"enemies":"Centurion and Healer","floor":29.0,"turns":5.0},{"damage":15.0,"enemies":"Slavers","floor":30.0,"turns":3.0},{"damage":2.0,"enemies":"Sentry and Sphere","floor":31.0,"turns":3.0},{"damage":4.0,"enemies":"Cultist and Chosen","floor":32.0,"turns":3.0},{"damage":5.0,"enemies":"downfall:Silent","floor":33.0,"turns":6.0},{"damage":0.0,"enemies":"3 Shapes","floor":36.0,"turns":4.0},{"damage":12.0,"enemies":"downfall:FleeingMerchant","floor":37.0,"turns":3.0},{"damage":7.0,"enemies":"Orb Walker","floor":38.0,"turns":3.0},{"damage":19.0,"enemies":"Sphere and 2 Shapes","floor":42.0,"turns":4.0},{"damage":35.0,"enemies":"Transient","floor":43.0,"turns":5.0},{"damage":17,"enemies":"Writhing Mass","floor":48,"turns":4},{"damage":9,"enemies":"4 Shapes","floor":49,"turns":2},{"damage":27,"enemies":"downfall:Ironclad","floor":50,"turns":4}],"seed_played":"4970608645313966985","potions_obtained":[{"floor":5.0,"key":"EntropicBrew"},{"floor":6.0,"key":"AttackPotion"},{"floor":11.0,"key":"Fruit Juice"},{"floor":15.0,"key":"AttackPotion"},{"floor":16.0,"key":"Fire Potion"},{"floor":25.0,"key":"PowerPotion"},{"floor":26.0,"key":"Swift Potion"},{"floor":29.0,"key":"Ancient Potion"},{"floor":30.0,"key":"PowerPotion"},{"floor":32.0,"key":"Block Potion"},{"floor":33.0,"key":"EssenceOfSteel"},{"floor":36.0,"key":"Dexterity Potion"},{"floor":49,"key":"Energy Potion"}],"is_trial":false,"path_per_floor":["R","$","M","?","?","M","T","R","E","?","M","M","M","M","M","B",null,"R","M","?","M","?","$","T","M","E","$","?","M","E","M","M","B",null,"R","M","?","M","?","T","T","M","M","$","?","?","R","M","M","B"],"character_chosen":"GUARDIAN","items_purchased":["Guardian:EvasiveProtocol","Guardian:GuardianWhirl","War Paint","Sling","Guardian:Gem_Lightblue","Letter Opener","Happy Flower","Guardian:WalkerClaw"],"campfire_rested":0,"item_purchase_floors":[2,23,27,27,27,37,44,44],"current_hp_per_floor":[80,80,80,68,68,68,68,68,61,61,66,60,60,58,52,21,85,85,85,85,84,84,85,85,85,79,85,69,53,38,38,36,33,85,95,95,83,78,78,78,78,61,28,43,43,43,43,28,21,0,0,0],"gold":205,"neow_bonus":"THREE_ENEMY_KILL","is_daily":false,"chose_seed":false,"campfire_upgraded":4,"win_rate":0.0,"timestamp":1610170012,"path_taken":["R","$","M","?","?","M","T","R","E","?","M","?","M","M","M","BOSS","R","M","?","M","?","$","T","M","E","$","?","M","E","M","M","BOSS","R","M","?","M","?","?","T","M","?","$","?","?","R","M","M","BOSS"],"items_purchased_type":["Card","Card","Relic","Relic","Card","Relic","Relic","Card"],"build_version":"2020-12-22","purchased_purges":1,"victory":false,"max_hp_per_floor":[80,80,80,80,80,80,80,80,80,80,85,85,85,85,85,85,85,85,85,85,85,85,85,85,85,85,85,85,85,85,85,85,85,85,95,95,95,95,95,95,95,95,95,95,95,95,95,95,95,95,95,95],"card_choices":[{"not_picked":["Guardian:Harden","Guardian:FloatingOrbs"],"picked":"Guardian:PiercingHide","floor":2.0},{"not_picked":["Guardian:PrismaticBeam","Guardian:TemporalShield"],"picked":"Guardian:Gem_Lightblue","floor":3.0},{"not_picked":["Guardian:Clone","Guardian:Suspension"],"picked":"Guardian:WalkerClaw","floor":5.0},{"not_picked":["Guardian:StasisStrike","Guardian:PolyBeam"],"picked":"Guardian:ArmoredProtocol","floor":6.0},{"not_picked":["Guardian:Suspension","Guardian:PrismaticBeam"],"picked":"Guardian:DecasProtection","floor":9.0},{"not_picked":["Guardian:VentSteam","Guardian:Incinerate","Guardian:WalkerClaw"],"picked":"SKIP","floor":11.0},{"not_picked":["Guardian:Gem_Cyan","Guardian:Recover"],"picked":"Guardian:Gem_Lightblue","floor":12.0},{"not_picked":["Guardian:Gem_Lightblue","Guardian:TemporalShield","Guardian:Gem_Blue"],"picked":"SKIP","floor":13.0},{"not_picked":["Guardian:Gem_Blue","Guardian:RefractedBeam","Guardian:TimeCapacitor"],"picked":"SKIP","floor":14.0},{"not_picked":["Guardian:Gem_Purple","Guardian:TemporalShield"],"picked":"Guardian:Gem_Green","floor":15.0},{"not_picked":["Guardian:TimeSifter","Guardian:AncientConstruct"],"picked":"Guardian:Gem_Synthetic","floor":16.0},{"not_picked":["Guardian:TemporalShield","Guardian:ChargeCore","Guardian:Incinerate"],"picked":"SKIP","floor":19.0},{"not_picked":["Guardian:VentSteam","Guardian:Recover","Guardian:ChargeCore"],"picked":"SKIP","floor":21.0},{"not_picked":["Guardian:Gem_Cyan","Guardian:PiercingHide","Guardian:Suspension+1"],"picked":"SKIP","floor":23.0},{"not_picked":["Guardian:Clone+1","Guardian:PrismaticBarrier"],"picked":"Guardian:RollAttack","floor":25.0},{"not_picked":["Guardian:ShieldCharger+1","Guardian:RollAttack","Guardian:TemporalStrike"],"picked":"SKIP","floor":26.0},{"not_picked":["Guardian:RollAttack","Guardian:BaubleBeam"],"picked":"Guardian:Gem_Purple","floor":27.0},{"not_picked":["Guardian:GuardianWhirl","Guardian:BronzeOrb","Guardian:TemporalShield"],"picked":"SKIP","floor":29.0},{"not_picked":["Guardian:CrystalBeam","Guardian:VentSteam+1"],"picked":"Guardian:Gem_Red","floor":30.0},{"not_picked":["Guardian:Gem_Lightblue","Guardian:Recover+1"],"picked":"Guardian:Gem_Red","floor":31.0},{"not_picked":["Guardian:Suspension","Guardian:Gem_Fragmented"],"picked":"Guardian:SpikerProtocol","floor":32.0},{"not_picked":["Guardian:ConstructionForm","Guardian:AncientConstruct"],"picked":"Guardian:Gem_Synthetic","floor":33.0},{"not_picked":["Guardian:Suspension+1","Guardian:Gem_Blue"],"picked":"Guardian:ShieldSpikes","floor":36.0},{"not_picked":["Guardian:ShieldSpikes","Guardian:Reroute"],"picked":"Guardian:PrismaticBarrier","floor":37.0},{"not_picked":["Guardian:BronzeArmor","Guardian:Incinerate+1"],"picked":"Guardian:DonusPower+1","floor":38.0},{"not_picked":["expansioncontent:YouAreMine","expansioncontent:HyperBeam"],"picked":"expansioncontent:Chronoboost+1","floor":39.0},{"not_picked":["Guardian:ShieldCharger+1","Guardian:Gem_White","Guardian:TimeCapacitor+1"],"picked":"SKIP","floor":42.0},{"not_picked":["Guardian:SentryBeam","Guardian:BronzeOrb+1","Guardian:PrismaticBarrier"],"picked":"SKIP","floor":43.0},{"not_picked":["Guardian:Gem_Cyan","Guardian:Gem_Green"],"picked":"Guardian:WalkerClaw+1","floor":48},{"not_picked":["Guardian:RollAttack","Guardian:CrystalBeam+1"],"picked":"Guardian:Gem_Crimson","floor":49}],"player_experience":141022,"relics_obtained":[{"floor":7.0,"key":"Mummified Hand"},{"floor":9.0,"key":"Sundial"},{"floor":26.0,"key":"Tiny Chest"},{"floor":28.0,"key":"Necronomicon"},{"floor":30.0,"key":"Blood Vial"},{"floor":34.0,"key":"Bronze Scales"},{"floor":34.0,"key":"Frozen Egg 2"},{"floor":34.0,"key":"Du-Vu Doll"},{"floor":40.0,"key":"Matryoshka"},{"floor":41.0,"key":"Smiling Mask"},{"floor":41.0,"key":"StrikeDummy"}],"event_choices":[{"damage_healed":0.0,"max_hp_gain":0.0,"max_hp_loss":0.0,"gold_gain":0.0,"event_name":"Scrap Ooze","player_choice":"Success","floor":4.0,"gold_loss":0.0,"damage_taken":12.0,"relics_obtained":["MealTicket"]},{"damage_healed":0.0,"max_hp_gain":0.0,"max_hp_loss":0.0,"gold_gain":0.0,"event_name":"Ghosts","player_choice":"Ignored","floor":20.0,"gold_loss":0.0,"damage_taken":0.0},{"cards_removed":["Guardian:WalkerClaw"],"damage_healed":0.0,"max_hp_gain":0.0,"max_hp_loss":0.0,"gold_gain":0.0,"event_name":"Falling","player_choice":"Removed Attack","floor":45.0,"gold_loss":0.0,"damage_taken":0.0},{"damage_healed":0.0,"max_hp_gain":0.0,"max_hp_loss":0.0,"gold_gain":0.0,"event_name":"Upgrade Shrine","player_choice":"Upgraded","floor":46.0,"gold_loss":0.0,"damage_taken":0.0,"cards_upgraded":["Guardian:WalkerClaw"]}],"is_beta":false,"boss_relics":[{"not_picked":["Cursed Key","Sozu"],"picked":"Pandora\u0027s Box"},{"not_picked":["Black Star","Guardian:StasisSlotReductionRelic"],"picked":"Calling Bell"}],"items_purged_floors":[23],"is_endless":false,"potions_floor_spawned":[5,6,11,15,16,25,26,29,30,32,33,36,49],"killed_by":"downfall:Ironclad","ascension_level":0}}