{"host":"ig7tc0uedzltt2sr","time":1610233033,"event":{"mods":["BaseMod","Better Twitch Integration","Block Reminder","Colored Map","Colored Powertips","Communication Mod","Current Relic Mod","GifTheSpireLib","HexUI Lib","Minty Spire (QoL Compilation)","Quick Restart","Random Character Button","Rare Cards Sparkle","Relic Sorter","Relic Stats","Slay the Relics Exporter","StSLib","SuperFastMode","Synergy Search","Twitch Decklist","Twitch Utils","everything is the same but u backflip on backflip","slay the spire mod where everything is the same but ironclad has a cowboy hat"],"gold_per_floor":[109,109,127,202,202,232,252,272,272,272,272,272,272],"floor_reached":12,"playtime":46,"items_purged":[],"score":80,"play_id":"a1a441e0-5706-4572-b420-09458c3e1f4e","local_time":"20210109145713","is_ascension_mode":false,"campfire_choices":[{"floor":10,"key":"RECALL"}],"circlet_count":0,"master_deck":["Strike_R","Strike_R","Strike_R","Strike_R","Strike_R","Defend_R","Defend_R","Defend_R","Bash","Dropkick","Rage","Regret","Disarm","Flame Barrier","Clash"],"relics":["Burning Blood","NeowsBlessing","Du-Vu Doll","Question Card","Eternal Feather"],"acts_visited":["Exordium"],"potions_floor_usage":[],"damage_taken":[{"damage":0,"enemies":"Small Slimes","floor":1,"turns":2},{"damage":0,"enemies":"Jaw Worm","floor":3,"turns":1},{"damage":6,"enemies":"3 Sentries","floor":6,"turns":2},{"damage":14,"enemies":"2 Louse","floor":7,"turns":3},{"damage":18,"enemies":"Blue Slaver","floor":8,"turns":4},{"damage":0,"enemies":"Red Slaver","floor":11,"turns":1},{"damage":66,"enemies":"Lagavulin","floor":12,"turns":8}],"seed_played":"5732189140767372056","potions_obtained":[{"floor":6,"key":"PowerPotion"},{"floor":8,"key":"SmokeBomb"}],"is_trial":false,"path_per_floor":["M","?","M","?","?","E","M","M","T","R","M","E"],"character_chosen":"IRONCLAD","items_purchased":[],"campfire_rested":0,"item_purchase_floors":[],"current_hp_per_floor":[80,73,79,68,68,68,60,48,48,57,63,0,0],"gold":272,"neow_bonus":"THREE_ENEMY_KILL","is_daily":false,"chose_seed":false,"campfire_upgraded":0,"win_rate":0.0,"timestamp":1610233033,"path_taken":["M","?","M","?","?","E","M","M","T","R","M","E"],"items_purchased_type":[],"build_version":"2020-12-22","purchased_purges":0,"victory":false,"max_hp_per_floor":[80,80,80,80,80,80,80,80,80,80,80,80,80],"relic_stats":{"counters":[7,21],"Eternal Feather":9,"Question Card":2,"obtain_stats":[{"Du-Vu Doll":5,"NeowsBlessing":0,"Eternal Feather":9,"Question Card":6,"Burning Blood":0},{"Du-Vu Doll":2,"NeowsBlessing":0,"Eternal Feather":5,"Question Card":3,"Burning Blood":0},{"Du-Vu Doll":3,"NeowsBlessing":0,"Eternal Feather":12,"Question Card":5,"Burning Blood":0}],"Burning Blood":30},"card_choices":[{"not_picked":["Clothesline","Headbutt"],"picked":"Dropkick","floor":1},{"not_picked":["Cleave","Havoc"],"picked":"Rage","floor":3},{"not_picked":["Thunderclap","Flame Barrier"],"picked":"Disarm","floor":6},{"not_picked":["Shrug It Off","Infernal Blade","Armaments"],"picked":"Flame Barrier","floor":7},{"not_picked":["Iron Wave","Headbutt","Spot Weakness"],"picked":"Clash","floor":8}],"player_experience":1472952,"relics_obtained":[{"floor":6,"key":"Question Card"},{"floor":9,"key":"Eternal Feather"}],"event_choices":[{"cards_removed":["Defend_R"],"damage_healed":0,"gold_gain":0,"player_choice":"Card Removal","damage_taken":7,"max_hp_gain":0,"max_hp_loss":0,"event_name":"Golden Wing","floor":2,"gold_loss":0},{"damage_healed":0,"gold_gain":75,"player_choice":"Gather Gold","damage_taken":11,"max_hp_gain":0,"max_hp_loss":0,"event_name":"World of Goop","floor":4,"gold_loss":0},{"damage_healed":0,"gold_gain":0,"player_choice":"Box","damage_taken":0,"relics_obtained":["Du-Vu Doll"],"max_hp_gain":0,"max_hp_loss":0,"event_name":"Big Fish","floor":5,"gold_loss":0,"cards_obtained":["Regret"]}],"is_beta":false,"boss_relics":[],"items_purged_floors":[],"is_endless":false,"potions_floor_spawned":[6,8,11],"killed_by":"Lagavulin","ascension_level":0}}