{"host":"dm4yvegl9um2tlqd","time":1610202207,"event":{"mods":["2.2 Compatiblity","BaseMod","Colored Map","DeckTracker","Highlight Path","KOR Keyword Fix","Keyboard Shortcuts","Minty Spire (QoL Compilation)","Permanent Neow","Quick Restart","Random Character Button","StSLib","SuperFastMode","everything is the same but u backflip on backflip"],"gold_per_floor":[20,20,20,43,61,101,116,116,116,116,139,69,144,177,177,303,303,323,422,422,92,142,173,173,173,196,196,214,114,139,179,179,303,303,328,341,341,341,216,256,272,272,272,308,4,27,27,41,41,41],"floor_reached":51,"playtime":2045,"items_purged":["Defend_G","Defend_G","Defend_G"],"score":835,"play_id":"59815790-40f5-4b9d-82e8-5ca4c4cd8764","local_time":"20210109232327","is_ascension_mode":true,"campfire_choices":[{"data":"Glass Knife","floor":8,"key":"SMITH"},{"floor":15,"key":"REST"},{"data":"A Thousand Cuts","floor":24,"key":"SMITH"},{"floor":25,"key":"REST"},{"data":"Footwork","floor":27,"key":"SMITH"},{"data":"Burst","floor":32,"key":"SMITH"},{"floor":42,"key":"REST"},{"floor":47,"key":"REST"},{"floor":49,"key":"REST"}],"circlet_count":0,"master_deck":["Defend_G+1","Survivor","Neutralize","Dagger Throw","Prepared+1","Choke","Glass Knife+1","Bouncing Flask","Escape Plan","Burst+1","Footwork+1","Corpse Explosion","A Thousand Cuts+1","Outmaneuver+1","Blade Dance+1","Underhanded Strike","PiercingWail","Adrenaline","Madness","Madness","Eviscerate","Calculated Gamble","Tactician","Acrobatics+1"],"relics":["Ring of the Snake","Golden Idol","WingedGreaves","Prayer Wheel","Omamori","StoneCalendar","Runic Pyramid","Shuriken","Strawberry","War Paint","Lantern","Black Star","Thread and Needle","Mummified Hand","Kunai","FossilizedHelix","Pen Nib","Membership Card","Lizard Tail"],"acts_visited":["Exordium","TheCity","TheBeyond"],"potions_floor_usage":[6,31,40,44],"damage_taken":[{"damage":2,"enemies":"Jaw Worm","floor":1,"turns":5},{"damage":1,"enemies":"Cultist","floor":4,"turns":4},{"damage":0,"enemies":"2 Louse","floor":5,"turns":3},{"damage":13,"enemies":"Gremlin Nob","floor":6,"turns":3},{"damage":0,"enemies":"Exordium Wildlife","floor":7,"turns":3},{"damage":6,"enemies":"Lagavulin","floor":14,"turns":5},{"damage":18,"enemies":"The Guardian","floor":16,"turns":8},{"damage":0,"enemies":"Chosen","floor":18,"turns":4},{"damage":35,"enemies":"Gremlin Leader","floor":23,"turns":7},{"damage":1,"enemies":"Shell Parasite","floor":28,"turns":5},{"damage":2,"enemies":"Shelled Parasite and Fungi","floor":30,"turns":2},{"damage":4,"enemies":"Book of Stabbing","floor":31,"turns":3},{"damage":9,"enemies":"Collector","floor":33,"turns":5},{"damage":0,"enemies":"Orb Walker","floor":35,"turns":2},{"damage":0,"enemies":"3 Shapes","floor":36,"turns":4},{"damage":24,"enemies":"Reptomancer","floor":40,"turns":5},{"damage":9,"enemies":"3 Darklings","floor":41,"turns":4},{"damage":36,"enemies":"Giant Head","floor":44,"turns":7},{"damage":0,"enemies":"Jaw Worm Horde","floor":46,"turns":2},{"damage":0,"enemies":"4 Shapes","floor":48,"turns":3},{"damage":45,"enemies":"Donu and Deca","floor":50,"turns":5}],"seed_played":"-4642708394762236932","potions_obtained":[{"floor":4,"key":"Fire Potion"},{"floor":14,"key":"SneckoOil"},{"floor":16,"key":"BlessingOfTheForge"},{"floor":28,"key":"BlessingOfTheForge"},{"floor":31,"key":"SpeedPotion"},{"floor":33,"key":"LiquidMemories"},{"floor":40,"key":"SkillPotion"},{"floor":44,"key":"CunningPotion"},{"floor":46,"key":"GhostInAJar"}],"is_trial":false,"path_per_floor":["M","?","?","M","M","E","M","R","T","?","T","$","?","E","R","B",null,"M","?","?","$","?","E","R","R","T","R","M","$","M","E","R","B",null,"M","M","?","?","$","E","M","R","T","E","$","M","R","M","R","B",null],"character_chosen":"THE_SILENT","items_purchased":["Escape Plan","Shuriken","Membership Card","Lizard Tail"],"campfire_rested":5,"item_purchase_floors":[12,21,45,45],"current_hp_per_floor":[68,65,65,64,64,51,51,51,51,51,51,51,40,34,53,35,65,65,65,65,65,65,37,37,58,58,58,57,57,55,51,51,42,72,72,72,72,63,63,39,30,51,51,15,15,15,36,36,57,12],"gold":41,"neow_bonus":"REMOVE_TWO","is_daily":false,"chose_seed":false,"campfire_upgraded":4,"win_rate":0.0,"timestamp":1610202207,"path_taken":["M","?","?","M","M","E","?","R","T","?","?","$","?","E","R","BOSS","M","?","?","$","?","E","R","R","T","R","M","$","M","E","R","BOSS","M","?","?","?","$","E","M","R","T","E","?","M","R","?","R","BOSS"],"items_purchased_type":["Card","Relic","Relic","Relic"],"build_version":"2020-12-22","purchased_purges":3,"victory":true,"max_hp_per_floor":[70,65,65,65,65,65,65,65,65,65,65,65,65,65,65,65,65,65,65,65,65,65,72,72,72,72,72,72,72,72,72,72,72,72,72,72,72,72,72,72,72,72,72,72,72,72,72,72,72,72],"card_choices":[{"not_picked":["Sucker Punch","Deadly Poison"],"picked":"Dagger Throw","floor":1},{"not_picked":["Deflect","Endless Agony"],"picked":"Prepared","floor":4},{"not_picked":["Outmaneuver","PiercingWail"],"picked":"Choke","floor":5},{"not_picked":["Acrobatics","Deadly Poison"],"picked":"Glass Knife","floor":6},{"not_picked":["Poisoned Stab","Prepared"],"picked":"Bouncing Flask","floor":7},{"not_picked":["Bane","Deadly Poison","Corpse Explosion"],"picked":"SKIP","floor":14},{"not_picked":["Glass Knife","Malaise"],"picked":"Burst","floor":16},{"not_picked":["All Out Attack","Expertise+1"],"picked":"Footwork","floor":18},{"not_picked":["Skewer","Deadly Poison+1","Deflect"],"picked":"SKIP","floor":18},{"not_picked":["Escape Plan","Acrobatics"],"picked":"Outmaneuver+1","floor":23},{"not_picked":["Calculated Gamble","Blur"],"picked":"Blade Dance+1","floor":28},{"not_picked":["Choke","Dash","Escape Plan"],"picked":"SKIP","floor":28},{"not_picked":["Well Laid Plans","Catalyst+1"],"picked":"Underhanded Strike","floor":30},{"not_picked":["Dodge and Roll","Slice","Corpse Explosion"],"picked":"SKIP","floor":30},{"not_picked":["Outmaneuver+1","Distraction"],"picked":"PiercingWail","floor":31},{"not_picked":["Die Die Die","Doppelganger"],"picked":"Adrenaline","floor":33},{"not_picked":["All Out Attack+1","Poisoned Stab","Escape Plan"],"picked":"SKIP","floor":35},{"not_picked":["Flying Knee+1","All Out Attack","Finisher+1"],"picked":"SKIP","floor":35},{"not_picked":["Bouncing Flask","Deadly Poison","Outmaneuver+1"],"picked":"SKIP","floor":36},{"not_picked":["Dodge and Roll+1","Dash+1","PiercingWail"],"picked":"SKIP","floor":36},{"not_picked":["Calculated Gamble+1","Dash"],"picked":"Eviscerate","floor":40},{"not_picked":["Prepared+1","Backflip+1"],"picked":"Calculated Gamble","floor":41},{"not_picked":["Endless Agony+1","Sucker Punch+1"],"picked":"Tactician","floor":41},{"not_picked":["Sucker Punch","Glass Knife","Dagger Throw"],"picked":"SKIP","floor":44},{"not_picked":["Underhanded Strike","Deadly Poison+1","Sucker Punch"],"picked":"SKIP","floor":46},{"not_picked":["Catalyst","Deadly Poison","Heel Hook+1"],"picked":"SKIP","floor":46},{"not_picked":["Calculated Gamble","Slice"],"picked":"Acrobatics+1","floor":48},{"not_picked":["Outmaneuver+1","Dodge and Roll+1","Prepared+1"],"picked":"SKIP","floor":48}],"player_experience":9033,"relics_obtained":[{"floor":6,"key":"WingedGreaves"},{"floor":9,"key":"Prayer Wheel"},{"floor":11,"key":"Omamori"},{"floor":14,"key":"StoneCalendar"},{"floor":23,"key":"Strawberry"},{"floor":26,"key":"War Paint"},{"floor":31,"key":"Lantern"},{"floor":40,"key":"Thread and Needle"},{"floor":40,"key":"Mummified Hand"},{"floor":43,"key":"Kunai"},{"floor":44,"key":"FossilizedHelix"},{"floor":44,"key":"Pen Nib"}],"event_choices":[{"damage_healed":0,"gold_gain":0,"player_choice":"Lose Max HP","damage_taken":0,"relics_obtained":["Golden Idol"],"max_hp_gain":0,"max_hp_loss":5,"event_name":"Golden Idol","floor":2,"gold_loss":0},{"cards_removed":["Strike_G"],"damage_healed":0,"gold_gain":0,"player_choice":"Offered Basic","damage_taken":0,"max_hp_gain":0,"max_hp_loss":0,"event_name":"Bonfire Elementals","floor":3,"gold_loss":0},{"cards_removed":["Strike_G"],"damage_healed":0,"gold_gain":0,"player_choice":"Forget","damage_taken":0,"max_hp_gain":0,"max_hp_loss":0,"event_name":"Living Wall","floor":10,"gold_loss":0},{"damage_healed":0,"gold_gain":75,"player_choice":"Gather Gold","damage_taken":11,"max_hp_gain":0,"max_hp_loss":0,"event_name":"World of Goop","floor":13,"gold_loss":0},{"damage_healed":0,"gold_gain":99,"player_choice":"Stole From Cult","damage_taken":0,"max_hp_gain":0,"max_hp_loss":0,"event_name":"Nest","floor":19,"gold_loss":0},{"damage_healed":0,"gold_gain":0,"cards_transformed":["Defend_G","Strike_G"],"player_choice":"Became Test Subject","damage_taken":0,"max_hp_gain":0,"max_hp_loss":0,"event_name":"Drug Dealer","floor":20,"gold_loss":0,"cards_obtained":["Corpse Explosion","A Thousand Cuts"]},{"damage_healed":0,"gold_gain":100,"player_choice":"Bet on Murderer","damage_taken":0,"max_hp_gain":0,"max_hp_loss":0,"event_name":"The Joust","floor":22,"gold_loss":50},{"damage_healed":0,"gold_gain":0,"player_choice":"Ignored","damage_taken":0,"max_hp_gain":0,"max_hp_loss":0,"event_name":"Tomb of Lord Red Mask","floor":37,"gold_loss":0},{"damage_healed":0,"gold_gain":0,"player_choice":"Embrace Madness","damage_taken":9,"max_hp_gain":0,"max_hp_loss":0,"event_name":"Winding Halls","floor":38,"gold_loss":0,"cards_obtained":["Madness","Madness"]}],"is_beta":false,"boss_relics":[{"not_picked":["Ring of the Serpent","Fusion Hammer"],"picked":"Runic Pyramid"},{"not_picked":["Astrolabe","SacredBark"],"picked":"Black Star"}],"items_purged_floors":[21,29,39],"is_endless":false,"potions_floor_spawned":[4,14,16,28,31,33,40,44,46],"ascension_level":1}}