{"host":"ci7cmvrwpmzqnw7e","time":1610174609,"event":{"mods":["BaseMod","BetterRewards","Colored Map","Downfall","Highlight Path","Hubris","Minty Spire (QoL Compilation)","Rare Cards Sparkle","Replay The Spire","Shop Mod","StSLib","The Disciple"],"gold_per_floor":[111,111,111,125,54,54,68,68,92,132,57,57,57],"floor_reached":12,"playtime":281,"items_purged":["Defend_B"],"score":76,"play_id":"11254ff6-0121-4de2-b408-30f06d981306","local_time":"20210108234329","is_ascension_mode":false,"campfire_choices":[{"data":"Consume","floor":6,"key":"SMITH"}],"circlet_count":0,"master_deck":["Strike_B","Strike_B","Strike_B","Strike_B","Defend_B","Defend_B","Defend_B","Zap","Dualcast+1","Coolheaded+1","Consume+1","Tempest"],"relics":["Cracked Core","NeowsBlessing","Golden Idol","Replay:Wax Seal","Blue Doll"],"acts_visited":["Exordium"],"potions_floor_usage":[],"damage_taken":[{"damage":0,"enemies":"Small Slimes","floor":1,"turns":1},{"damage":0,"enemies":"Jaw Worm","floor":4,"turns":1},{"damage":0,"enemies":"2 Louse","floor":7,"turns":1},{"damage":30,"enemies":"3 Sentries","floor":10,"turns":5},{"damage":30,"enemies":"Gremlin Nob","floor":12,"turns":3}],"seed_played":"-5791832253086285510","potions_obtained":[{"floor":4,"key":"sneckomod:MuddlingPotion"}],"is_trial":false,"path_per_floor":["M","?","?","M","$","R","M","?","T","E","$","E"],"character_chosen":"DEFECT","items_purchased":["Tempest"],"campfire_rested":0,"item_purchase_floors":[5],"current_hp_per_floor":[75,75,69,69,69,69,69,55,55,25,25,0,0],"gold":57,"neow_bonus":"THREE_ENEMY_KILL","is_daily":false,"chose_seed":false,"campfire_upgraded":1,"win_rate":0.0,"timestamp":1610174609,"path_taken":["M","?","?","M","$","R","M","?","T","E","$","E"],"items_purchased_type":["Card"],"build_version":"2020-12-22","purchased_purges":1,"victory":false,"max_hp_per_floor":[75,75,69,69,69,69,69,69,69,69,69,69,69],"card_choices":[{"not_picked":["Heatsinks","Leap"],"picked":"Coolheaded","floor":1},{"not_picked":["FTL","Hologram"],"picked":"Consume","floor":4},{"not_picked":["Beam Cell","Glacier","Gash"],"picked":"SKIP","floor":7},{"not_picked":["Barrage","Rebound","Sweeping Beam"],"picked":"SKIP","floor":10}],"player_experience":34072,"relics_obtained":[{"floor":9,"key":"Replay:Wax Seal"},{"floor":10,"key":"Blue Doll"}],"event_choices":[{"damage_healed":0,"gold_gain":0,"player_choice":"Ignored","damage_taken":0,"max_hp_gain":0,"max_hp_loss":0,"event_name":"Liars Game","floor":2,"gold_loss":0},{"damage_healed":0,"gold_gain":0,"player_choice":"Lose Max HP","damage_taken":0,"relics_obtained":["Golden Idol"],"max_hp_gain":0,"max_hp_loss":6,"event_name":"Golden Idol","floor":3,"gold_loss":0},{"damage_healed":0,"gold_gain":0,"player_choice":"Entered Light","damage_taken":14,"max_hp_gain":0,"max_hp_loss":0,"event_name":"Shining Light","floor":8,"gold_loss":0,"cards_upgraded":["Coolheaded","Dualcast"]}],"is_beta":false,"boss_relics":[],"items_purged_floors":[11],"is_endless":false,"potions_floor_spawned":[4],"killed_by":"Gremlin Nob","ascension_level":0}}