{"host":"pi8b3ffzwvxqztac","time":1610170735,"event":{"mods":["BaseMod","Colored Map","Downfall","Minty Spire (QoL Compilation)","StSLib"],"gold_per_floor":[99,119,133,143,143,158,182,107,107,117,192,220,220,238,256,256,256,256],"floor_reached":16,"playtime":583,"items_purged":[],"score":192,"play_id":"40b0e4a0-9fcc-40e9-91a2-9cb521db93bb","local_time":"20210109183855","is_ascension_mode":true,"campfire_choices":[{"floor":1.0,"key":"RECALL"},{"data":"Slimebound:Split","floor":8.0,"key":"SMITH"},{"data":"Slimebound:CorrosiveSpit","floor":13,"key":"SMITH"}],"circlet_count":0,"master_deck":["AscendersBane","Slimebound:Strike_Slimebound","Slimebound:Strike_Slimebound","Slimebound:Strike_Slimebound","Slimebound:Defend_Slimebound","Slimebound:Defend_Slimebound","Slimebound:Defend_Slimebound","Slimebound:Defend_Slimebound","Slimebound:Split+1","Slimebound:CorrosiveSpit+1","Slimebound:SplitLeeching","Slimebound:SlimeBrawl","Slimebound:Equalize","Slimebound:GrowthPunch","Slimebound:DisruptingSlam"],"relics":["Slimebound:AbsorbEndCombat","Happy Flower","downfall:HeartBlessingRed","downfall:ShatteredFragment","Nunchaku"],"acts_visited":["Exordium"],"potions_floor_usage":[10,12,16],"damage_taken":[{"damage":4.0,"enemies":"2 Louse","floor":2.0,"turns":4.0},{"damage":6.0,"enemies":"Cultist","floor":3.0,"turns":4.0},{"damage":18.0,"enemies":"Small Slimes","floor":4.0,"turns":4.0},{"damage":13.0,"enemies":"Blue Slaver","floor":6.0,"turns":5.0},{"damage":12,"enemies":"2 Fungi Beasts","floor":10,"turns":3},{"damage":17,"enemies":"Gremlin Nob","floor":12,"turns":3},{"damage":22,"enemies":"Large Slime","floor":14,"turns":4},{"damage":23,"enemies":"Exordium Thugs","floor":15,"turns":3},{"damage":48,"enemies":"downfall:Ironclad","floor":16,"turns":3}],"seed_played":"2002629220424125661","potions_obtained":[{"floor":3.0,"key":"Fire Potion"},{"floor":6.0,"key":"PowerPotion"},{"floor":14,"key":"Strength Potion"},{"floor":15,"key":"SteroidPotion"}],"is_trial":false,"path_per_floor":["R","M","M","M","?","M","T","R","?","M","?","E","R","M","M","B"],"character_chosen":"SLIMEBOUND","items_purchased":[],"campfire_rested":0,"item_purchase_floors":[],"current_hp_per_floor":[49,54,54,42,42,47,47,47,29,33,33,32,32,32,27,0,0,0],"gold":256,"neow_bonus":"REMOVE_CARD","is_daily":false,"chose_seed":false,"campfire_upgraded":2,"win_rate":0.0,"timestamp":1610170735,"path_taken":["R","M","M","M","?","?","T","R","?","M","?","E","R","M","M","BOSS"],"items_purchased_type":[],"build_version":"2020-12-22","purchased_purges":0,"victory":false,"max_hp_per_floor":[54,54,54,54,54,54,54,54,54,54,54,54,54,54,54,54,54,54],"card_choices":[{"not_picked":["Slimebound:RollThrough","Slimebound:LeechingTouch","Slimebound:ServeAndProtect"],"picked":"SKIP","floor":2.0},{"not_picked":["Slimebound:RollThrough","Slimebound:BestDefense","Slimebound:Schlurp"],"picked":"SKIP","floor":3.0},{"not_picked":["Slimebound:RainOfGoop","Slimebound:Nibble"],"picked":"Slimebound:SplitLeeching","floor":4.0},{"not_picked":["Slimebound:TongueLash","Slimebound:HungryTackle"],"picked":"Slimebound:SlimeBrawl","floor":6.0},{"not_picked":["Slimebound:FinishingTackle","Slimebound:ServeAndProtect","Slimebound:GoopTackle"],"picked":"SKIP","floor":10},{"not_picked":["Slimebound:Darklings","Slimebound:LevelUp"],"picked":"Slimebound:Equalize","floor":12},{"not_picked":["Slimebound:SlimeSpikes","Slimebound:GoopSpray"],"picked":"Slimebound:GrowthPunch","floor":14},{"not_picked":["Slimebound:DivideAndConquer","Slimebound:Replication"],"picked":"Slimebound:DisruptingSlam","floor":15}],"player_experience":489464,"relics_obtained":[{"floor":7.0,"key":"Happy Flower"},{"floor":12,"key":"Nunchaku"}],"event_choices":[],"is_beta":false,"boss_relics":[],"items_purged_floors":[],"is_endless":false,"potions_floor_spawned":[3,6,14,15],"killed_by":"downfall:Ironclad","ascension_level":17}}