{"host":"l84l8xigz5v5foa2","time":1610161134,"event":{"mods":["2.2 Compatiblity","AchievementEnabler","BaseMod","Better Note","Better Vampires","Card Filter","Colored Map","DeckTracker","Downfall","Gremlin Skip","Highlight Path","Keyboard Shortcuts","Minty Spire (QoL Compilation)","Permanent Neow","Quick Restart","Relic Filter","Relic Stats","StSLib","SuperFastMode","Transform Curses","Unknown Chances"],"gold_per_floor":[0,14,34,44,63,48,74,74,74,74,91,115,115,135,145,145,145,145],"floor_reached":16,"playtime":710,"items_purged":[],"score":188,"play_id":"ebff534a-dbd4-404b-a263-8864cba02376","local_time":"20210109115854","is_ascension_mode":true,"campfire_choices":[{"data":"hexamod:Float","floor":1.0,"key":"SMITH"},{"data":"hexamod:NecessarySacrifice","floor":8.0,"key":"SMITH"},{"data":"hexamod:FastForward","floor":13.0,"key":"SMITH"}],"circlet_count":0,"master_deck":["AscendersBane","hexamod:Strike","hexamod:Strike","hexamod:Strike","hexamod:Strike","hexamod:Defend","hexamod:Defend","hexamod:Defend","hexamod:Defend","hexamod:Sear","hexamod:Float+1","hexamod:TimeOfNeed","hexamod:ThirdSeal","hexamod:NecessarySacrifice+1","hexamod:HauntingEcho","hexamod:FastForward+1","hexamod:SpectersWail","hexamod:HexaLevel","hexamod:Hexaguard","hexamod:StepThrough","hexamod:InspiringFlames","hexamod:SoulSteal"],"relics":["hexamod:SpiritBrand","Bag of Preparation","Akabeko","Oddly Smooth Stone"],"acts_visited":[],"potions_floor_usage":[16],"damage_taken":[{"damage":0.0,"enemies":"Cultist","floor":2.0,"turns":3.0},{"damage":0.0,"enemies":"2 Louse","floor":3.0,"turns":2.0},{"damage":1.0,"enemies":"Jaw Worm","floor":4.0,"turns":4.0},{"damage":28.0,"enemies":"Gremlin Gang","floor":5.0,"turns":4.0},{"damage":0.0,"enemies":"downfall:FleeingMerchant","floor":6.0,"turns":4.0},{"damage":0.0,"enemies":"Blue Slaver","floor":11.0,"turns":3.0},{"damage":0.0,"enemies":"Large Slime","floor":14.0,"turns":4.0},{"damage":0.0,"enemies":"3 Louse","floor":15.0,"turns":3.0},{"damage":25,"enemies":"downfall:Ironclad","floor":16,"turns":5}],"seed_played":"-1635794317725036186","potions_obtained":[{"floor":4.0,"key":"Fire Potion"},{"floor":5.0,"key":"Strength Potion"},{"floor":11.0,"key":"SteroidPotion"},{"floor":14.0,"key":"SpeedPotion"}],"is_trial":false,"path_per_floor":["R","M","M","M","M","$","T","R","?","?","M","T","R","M","M","B"],"character_chosen":"THE_SPIRIT","items_purchased":[],"campfire_rested":0,"item_purchase_floors":[],"current_hp_per_floor":[57,57,57,56,28,28,28,28,17,22,22,22,22,22,22,0,0,0],"gold":145,"neow_bonus":"THREE_RARE_CARDS","is_daily":false,"chose_seed":false,"campfire_upgraded":3,"win_rate":0.0,"timestamp":1610161134,"path_taken":["R","M","M","M","M","?","T","R","?","?","M","?","R","M","M","BOSS"],"items_purchased_type":[],"build_version":"2020-12-22","purchased_purges":0,"victory":false,"max_hp_per_floor":[63,63,63,63,63,63,63,63,63,68,68,68,68,68,68,68,68,68],"relic_stats":{"counters":[9,32],"Bag of Preparation":[8],"obtain_stats":[{"Oddly Smooth Stone":12,"Bag of Preparation":7,"hexamod:SpiritBrand":0,"Akabeko":9},{"Oddly Smooth Stone":6,"Bag of Preparation":5,"hexamod:SpiritBrand":0,"Akabeko":5},{"Oddly Smooth Stone":20,"Bag of Preparation":17,"hexamod:SpiritBrand":0,"Akabeko":17}]},"card_choices":[{"not_picked":["hexamod:EmpoweringStance","hexamod:GiftsFromTheDead"],"picked":"hexamod:TimeOfNeed","floor":0.0},{"not_picked":["hexamod:NightmareGuise","hexamod:FourthSeal"],"picked":"hexamod:ThirdSeal","floor":2.0},{"not_picked":["hexamod:AdvancingGuard","hexamod:BurningTouch"],"picked":"hexamod:NecessarySacrifice","floor":3.0},{"not_picked":["hexamod:GhostShield","hexamod:GhostOfSpireFuture"],"picked":"hexamod:HauntingEcho","floor":3.0},{"not_picked":["hexamod:SoulSteal","hexamod:ChargedBarrage"],"picked":"hexamod:FastForward","floor":4.0},{"not_picked":["hexamod:PowerFromBeyond","hexamod:RadiantFlame"],"picked":"hexamod:SpectersWail","floor":4.0},{"not_picked":["hexamod:PhantomFireball","hexamod:HauntingEcho"],"picked":"hexamod:HexaLevel","floor":5.0},{"not_picked":["hexamod:ThermalTransfer","hexamod:Firestarter"],"picked":"hexamod:Hexaguard","floor":5.0},{"not_picked":["hexamod:ExtraCrispy","hexamod:ThermalTransfer"],"picked":"hexamod:StepThrough","floor":6.0},{"not_picked":["hexamod:VolcanoVisage","hexamod:ThermalTransfer","hexamod:RadiantFlame"],"picked":"SKIP","floor":6.0},{"not_picked":["hexamod:SwordOfDarkness","hexamod:Again"],"picked":"hexamod:InspiringFlames","floor":11.0},{"not_picked":["hexamod:SpectralAdrenaline","hexamod:Incineration"],"picked":"hexamod:SoulSteal","floor":11.0},{"not_picked":["hexamod:RainOfEmbers","hexamod:FlamesFromBeyond","hexamod:BurningTouch"],"picked":"SKIP","floor":14.0},{"not_picked":["hexamod:NightmareGuise","hexamod:WildfireWeapon","hexamod:GhostflameBarrier"],"picked":"SKIP","floor":14.0}],"player_experience":3008920,"relics_obtained":[{"floor":7.0,"key":"Bag of Preparation"},{"floor":12.0,"key":"Oddly Smooth Stone"}],"event_choices":[{"damage_healed":0.0,"max_hp_gain":0.0,"max_hp_loss":0.0,"gold_gain":0.0,"event_name":"Scrap Ooze","player_choice":"Success","floor":9.0,"gold_loss":0.0,"damage_taken":11.0,"relics_obtained":["Akabeko"]},{"damage_healed":0.0,"max_hp_gain":5.0,"max_hp_loss":0.0,"gold_gain":0.0,"event_name":"Big Fish","player_choice":"Donut","floor":10.0,"gold_loss":0.0,"damage_taken":0.0}],"is_beta":false,"boss_relics":[],"items_purged_floors":[],"is_endless":false,"potions_floor_spawned":[4,5,11,14],"killed_by":"downfall:Ironclad","ascension_level":20}}