{"host":"n900smz9wr3yo27a","time":1610212416,"event":{"mods":["Arknights The Spire","BaseMod","CapriCore","GungeonMod","Hermit","Koishi","Lobotomy","Marisa£¨Ùöéë¡¡Øª×âÞÞ£©","Minty Spire (QoL Compilation)","Prisma Mod","Replay The Spire","StSLib","Td1madao Mod","The Animator","The Bug Knight","The Cursed","The Dragon Tamer","The Gatherer","The Hierophant","The Immortal","The Jungle","The Necromancer","The Poker Player","The Runesmith","WarShipGirlsR/??á´Ò³R mod"],"gold_per_floor":[109,167,186,111,128,128,128,128,154,54,54,72,131,131,131,131,131],"floor_reached":16,"playtime":470,"items_purged":["rmod:lastglory","rmod:strick"],"score":113,"play_id":"b99f5859-ed47-467e-9445-f8358c6db127","local_time":"20210110021336","is_ascension_mode":false,"campfire_choices":[{"data":"rmod:salvage","floor":6,"key":"SMITH"},{"data":"rmod:salvage","floor":8,"key":"SMITH"},{"data":"rmod:fletcher","floor":11,"key":"SMITH"},{"floor":15,"key":"REST"}],"circlet_count":0,"master_deck":["rmod:strick","rmod:strick","rmod:defend","rmod:defend","rmod:defend","rmod:basicallowance","rmod:maingunfire","rmod:salvage+1","rmod:salvage+1","rmod:aluminumsupply","rmod:fletcherpendant","rmod:maintain","rmod:fletcher+1","rmod:fletcher+1","rmod:fletcher","rmod:fletcher+1","rmod:ridicule","rmod:combined+1"],"relics":["rmod:firstchargereward","Anchor","Happy Flower"],"acts_visited":["Exordium"],"potions_floor_usage":[13,13],"damage_taken":[{"damage":0,"enemies":"2 Louse","floor":1,"turns":3},{"damage":2,"enemies":"Cultist","floor":3,"turns":4},{"damage":0,"enemies":"Small Slimes","floor":5,"turns":3},{"damage":11,"enemies":"2 Fungi Beasts","floor":12,"turns":3},{"damage":32,"enemies":"Lagavulin Event","floor":13,"turns":6},{"damage":35,"enemies":"Hexaghost","floor":16,"turns":9}],"seed_played":"2963240417564825500","potions_obtained":[{"floor":2,"key":"Venom Potion"},{"floor":3,"key":"FearPotion"},{"floor":12,"key":"Block Potion"}],"is_trial":false,"path_per_floor":["M","?","M","$","M","R","?","R","T","$","R","M","?","?","R","B"],"character_chosen":"PRAEFECT","items_purchased":[],"campfire_rested":1,"item_purchase_floors":[],"current_hp_per_floor":[75,57,55,55,55,55,55,55,55,55,55,44,12,12,34,0,0],"gold":131,"neow_bonus":"TRANSFORM_CARD","is_daily":false,"chose_seed":false,"campfire_upgraded":3,"win_rate":0.0,"timestamp":1610212416,"path_taken":["M","?","M","$","?","R","?","R","T","$","R","M","?","?","R","BOSS"],"items_purchased_type":[],"build_version":"2020-12-22","purchased_purges":2,"victory":false,"max_hp_per_floor":[75,75,75,75,75,75,75,75,75,75,75,75,75,75,75,75,75],"card_choices":[{"not_picked":["rmod:combined","rmod:slowdown"],"picked":"rmod:salvage","floor":1},{"not_picked":["rmod:overbreakdown","rmod:wife"],"picked":"rmod:salvage","floor":2},{"not_picked":["rmod:intelligenceanalysis","rmod:victimresponsibility"],"picked":"rmod:aluminumsupply","floor":2},{"not_picked":["rmod:combined","rmod:goodfighter"],"picked":"rmod:maintain","floor":3},{"not_picked":["rmod:victimresponsibility","rmod:mineteam","rmod:rockthrower"],"picked":"SKIP","floor":5},{"not_picked":["rmod:diamondstrike","rmod:ammunitionsupply","rmod:aluminumsupply"],"picked":"SKIP","floor":12},{"not_picked":["rmod:robin","rmod:fuelsupply"],"picked":"rmod:ridicule","floor":13}],"player_experience":825362,"relics_obtained":[{"floor":2,"key":"Anchor"},{"floor":13,"key":"Happy Flower"}],"event_choices":[{"damage_healed":0,"gold_gain":0,"player_choice":"Searched \u00272\u0027 times","damage_taken":0,"max_hp_gain":0,"max_hp_loss":0,"event_name":"Dead Adventurer","floor":13,"gold_loss":0}],"is_beta":false,"boss_relics":[],"items_purged_floors":[4,10],"is_endless":false,"potions_floor_spawned":[3,12],"killed_by":"Hexaghost","ascension_level":0}}