{"host":"ekyl8r8j8fco3zlk","time":1610177568,"event":{"mods":["ATMod(∞¢Ë™Mod)","Act Like it!","Arknights The Spire","BaseMod","CapriCore","Decade(Õı–°√˜)","Friendly Minions","Gensokyo","Hallownest","Lobotomy","LobotomyExtend","Luminous","Marisa£®ÏF”Í°°ƒß¿Ì…≥£©","Minty Spire (QoL Compilation)","READ ME - Guardian Mod","Rare Cards Sparkle","Reimu£®≤©¿ˆ¡È√Œ£©","StSLib","The Alterego","The Bug Knight","The Immortal","The Jungle","Waifu the Spire","WarShipGirlsR/’ΩΩ¢…Ÿ≈ÆR mod","°æ“≈ŒÔø®≈∆°øREMEMod"],"gold_per_floor":[116,116,116,131,143,143,154,154,154,166,166,201,215,215,215,317,317,337,337,436,436,81,81,112,112,112,112,155,155,13,48,48,145,145,159,179,196,215,265,265,265],"floor_reached":40,"playtime":1535,"items_purged":[],"score":474,"play_id":"5772b870-04b2-4474-a364-99e135c6e420","local_time":"20210109153248","is_ascension_mode":false,"campfire_choices":[{"data":"alterego_mod:GoddessCore","floor":6.0,"key":"SMITH"},{"data":"alterego_mod:TrashNCrash","floor":8.0,"key":"SMITH"},{"floor":15.0,"key":"REST"},{"data":"alterego_mod:Punishment","floor":23.0,"key":"SMITH"},{"data":"alterego_mod:Collar","floor":25.0,"key":"SMITH"},{"data":"alterego_mod:BigMeatyClaws","floor":27.0,"key":"SMITH"},{"data":"alterego_mod:Cooking","floor":32.0,"key":"SMITH"}],"circlet_count":0,"master_deck":["alterego_mod:Strike","alterego_mod:Strike","alterego_mod:Strike","alterego_mod:Strike","alterego_mod:Defend","alterego_mod:Defend","alterego_mod:Defend","alterego_mod:Defend","alterego_mod:Impale+1","alterego_mod:BigMeatyClaws+1","alterego_mod:BrynhildrsRune","alterego_mod:Punishment+1","alterego_mod:Undulate","alterego_mod:GoddessCore+1","alterego_mod:TrashNCrash+1","alterego_mod:Bunnysuit","alterego_mod:Collar+1","alterego_mod:GachaTicket+1","alterego_mod:InsideBaseball+1","AT_EmpoweredMortalDraw","alterego_mod:BiFurious+1","alterego_mod:DiscoLights+1","alterego_mod:BustOut+1","alterego_mod:BrynhildrRomantia","alterego_mod:Birthday","alterego_mod:PerceptionDisorder+1","AT_LightSaberMaster+1","alterego_mod:Cooking+1","alterego_mod:PresenceConcealment+1","alterego_mod:Tantrum","alterego_mod:Maid+1","alterego_mod:Lingerie+1","alterego_mod:Bounce+1","alterego_mod:MaintainEyeContact+1","alterego_mod:AlterEgo+1"],"relics":["alterego_mod:MasochisticConstitution","AT_ATBox","REME_ComplimentaryCards","LetterFromLob","Frozen Egg 2","NlothsMask","Calipers","AT_MortalBlade","Sling","AT_BellowingDragoncrestRing","Sundial","Black Star","Dead Branch"],"acts_visited":["Exordium","TheCity","TheBeyond"],"potions_floor_usage":[38,38,40],"damage_taken":[{"damage":9.0,"enemies":"Small Slimes","floor":1.0,"turns":3.0},{"damage":0.0,"enemies":"2 Louse","floor":4.0,"turns":3.0},{"damage":2.0,"enemies":"Cultist","floor":5.0,"turns":4.0},{"damage":19.0,"enemies":"Blue Slaver","floor":7.0,"turns":4.0},{"damage":10.0,"enemies":"Large Slime","floor":10.0,"turns":4.0},{"damage":28.0,"enemies":"3 Sentries","floor":12.0,"turns":6.0},{"damage":1.0,"enemies":"Exordium Wildlife","floor":13.0,"turns":4.0},{"damage":49.0,"enemies":"The Guardian","floor":16.0,"turns":7.0},{"damage":0.0,"enemies":"Spheric Guardian","floor":18.0,"turns":1.0},{"damage":19.0,"enemies":"Slavers","floor":24.0,"turns":2.0},{"damage":21.0,"enemies":"2 Thieves","floor":28.0,"turns":3.0},{"damage":27.0,"enemies":"REME_1_Revenger","floor":31.0,"turns":3.0},{"damage":27.0,"enemies":"Automaton","floor":33.0,"turns":6.0},{"damage":53,"enemies":"3 Darklings","floor":35,"turns":5},{"damage":7,"enemies":"Orb Walker","floor":36,"turns":2},{"damage":40,"enemies":"Jaw Worm Horde","floor":37,"turns":5},{"damage":10,"enemies":"Maw","floor":38,"turns":4},{"damage":0,"enemies":"Mind Bloom Boss Battle","floor":39,"turns":5},{"damage":23,"enemies":"Reptomancer","floor":40,"turns":3}],"seed_played":"9036558894309432818","potions_obtained":[{"floor":7.0,"key":"Swift Potion"},{"floor":10.0,"key":"LiquidBronze"},{"floor":13.0,"key":"Regen Potion"},{"floor":16.0,"key":"Explosive Potion"},{"floor":24.0,"key":"SpeedPotion"},{"floor":28.0,"key":"SkillPotion"},{"floor":31.0,"key":"SteroidPotion"},{"floor":33.0,"key":"Dexterity Potion"},{"floor":35,"key":"SpeedPotion"},{"floor":39,"key":"Block Potion"}],"is_trial":false,"path_per_floor":["M","M","?","M","M","R","M","R","T","M","?","E","M","?","R","B",null,"M","?","?","?","$","R","E","R","T","R","M","?","$","E","R","B",null,"M","M","M","M","?","E"],"character_chosen":"The_Alterego","items_purchased":["Sling","alterego_mod:BustOut+1","alterego_mod:BrynhildrRomantia","alterego_mod:Birthday","AT_LightSaberMaster+1","alterego_mod:Cooking"],"campfire_rested":1,"item_purchase_floors":[22,22,22,22,30,30],"current_hp_per_floor":[62,62,70,70,72,72,54,54,54,45,45,18,25,25,47,14,77,77,77,77,77,77,77,59,59,59,59,41,26,26,41,41,21,89,43,49,14,12,18,0,0],"gold":265,"neow_bonus":"UPGRADE_CARD","is_daily":false,"chose_seed":false,"campfire_upgraded":6,"win_rate":0.0,"timestamp":1610177568,"path_taken":["M","M","?","M","M","R","M","R","T","M","?","E","?","?","R","BOSS","M","?","?","?","$","R","E","R","T","R","M","?","?","E","R","BOSS","M","M","?","M","?","E"],"items_purchased_type":["Relic","Card","Card","Card","Card","Card"],"build_version":"2020-12-22","purchased_purges":0,"victory":false,"max_hp_per_floor":[71,71,71,71,72,72,73,73,73,74,74,75,76,76,76,77,77,77,77,77,77,77,77,78,78,78,78,79,84,84,88,88,89,89,90,91,92,93,93,93,93],"card_choices":[{"not_picked":["alterego_mod:Maid","alterego_mod:Clones"],"picked":"alterego_mod:Punishment","floor":1.0},{"not_picked":["alterego_mod:Jiggle","alterego_mod:Bounce"],"picked":"alterego_mod:Undulate","floor":4.0},{"not_picked":["alterego_mod:Rake","alterego_mod:Pet"],"picked":"alterego_mod:GoddessCore","floor":5.0},{"not_picked":["alterego_mod:Punishment","alterego_mod:Pet"],"picked":"alterego_mod:TrashNCrash","floor":7.0},{"not_picked":["alterego_mod:Skirt","alterego_mod:Complex"],"picked":"alterego_mod:Bunnysuit","floor":10.0},{"not_picked":["alterego_mod:1TonWallop","alterego_mod:Swimsuit"],"picked":"alterego_mod:Collar","floor":12.0},{"not_picked":["alterego_mod:Maid","alterego_mod:DeftHands"],"picked":"alterego_mod:GachaTicket+1","floor":13.0},{"not_picked":["alterego_mod:STier","alterego_mod:VirginLaserPalladion"],"picked":"alterego_mod:InsideBaseball+1","floor":16.0},{"not_picked":["alterego_mod:Birthday","alterego_mod:DiscoLights+1"],"picked":"alterego_mod:BiFurious+1","floor":18.0},{"not_picked":["alterego_mod:Birthday","alterego_mod:Valentines"],"picked":"alterego_mod:PerceptionDisorder+1","floor":24.0},{"not_picked":["alterego_mod:Complex","alterego_mod:BiFurious","alterego_mod:Birthday"],"picked":"SKIP","floor":28.0},{"not_picked":["alterego_mod:Punishment+1","alterego_mod:Pet+1"],"picked":"alterego_mod:PresenceConcealment+1","floor":31.0},{"not_picked":["alterego_mod:Antipathy","alterego_mod:InsideBaseball+1"],"picked":"alterego_mod:Tantrum","floor":33.0},{"not_picked":["alterego_mod:PerceptionDisorder+1","alterego_mod:Punishment+1"],"picked":"alterego_mod:Maid+1","floor":35},{"not_picked":["alterego_mod:MaintainEyeContact","alterego_mod:DeftHands"],"picked":"alterego_mod:Lingerie+1","floor":36},{"not_picked":["alterego_mod:Swimsuit","alterego_mod:Nekomimi+1"],"picked":"alterego_mod:Bounce+1","floor":37},{"not_picked":["alterego_mod:PerceptionDisorder+1","alterego_mod:Mirror"],"picked":"alterego_mod:MaintainEyeContact+1","floor":38},{"not_picked":["alterego_mod:TrashNCrash","alterego_mod:Cooking+1"],"picked":"alterego_mod:AlterEgo+1","floor":39}],"player_experience":681705,"relics_obtained":[{"floor":1.0,"key":"LetterFromLob"},{"floor":9.0,"key":"Frozen Egg 2"},{"floor":12.0,"key":"Calipers"},{"floor":24.0,"key":"AT_BellowingDragoncrestRing"},{"floor":31.0,"key":"Sundial"},{"floor":39,"key":"Dead Branch"}],"event_choices":[{"damage_healed":0.0,"max_hp_gain":0.0,"max_hp_loss":0.0,"gold_gain":0.0,"event_name":"FaceTrader","player_choice":"Trade","floor":11.0,"gold_loss":0.0,"damage_taken":0.0,"relics_obtained":["NlothsMask"]},{"damage_healed":0.0,"max_hp_gain":0.0,"max_hp_loss":0.0,"gold_gain":0.0,"event_name":"Liars Game","player_choice":"Ignored","floor":14.0,"gold_loss":0.0,"damage_taken":0.0},{"damage_healed":0.0,"max_hp_gain":0.0,"max_hp_loss":0.0,"gold_gain":99.0,"event_name":"Nest","player_choice":"Stole From Cult","floor":20.0,"gold_loss":0.0,"damage_taken":0.0},{"damage_healed":0.0,"max_hp_gain":0.0,"max_hp_loss":0.0,"gold_gain":0.0,"event_name":"The Library","player_choice":"Read","floor":21.0,"gold_loss":0.0,"damage_taken":0.0,"cards_obtained":["alterego_mod:DiscoLights"]},{"damage_healed":0.0,"max_hp_gain":5.0,"max_hp_loss":0.0,"gold_gain":0.0,"event_name":"Forgotten Altar","player_choice":"Shed Blood","floor":29.0,"gold_loss":0.0,"damage_taken":20.0},{"damage_healed":0,"gold_gain":0,"player_choice":"Fight","damage_taken":0,"max_hp_gain":0,"max_hp_loss":0,"event_name":"MindBloom","floor":39,"gold_loss":0}],"is_beta":false,"boss_relics":[{"not_picked":["SacredBark","Ectoplasm"],"picked":"AT_MortalBlade"},{"not_picked":["Calling Bell","Velvet Choker"],"picked":"Black Star"}],"items_purged_floors":[],"is_endless":false,"potions_floor_spawned":[7,10,13,16,24,28,31,33,35,39],"killed_by":"Reptomancer","ascension_level":0}}