{"host":"ig7tc0uedzltt2sr","time":1610235377,"event":{"mods":["BaseMod","Better Twitch Integration","Block Reminder","Colored Map","Colored Powertips","Communication Mod","Current Relic Mod","GifTheSpireLib","HexUI Lib","Minty Spire (QoL Compilation)","Quick Restart","Random Character Button","Rare Cards Sparkle","Relic Sorter","Relic Stats","Slay the Relics Exporter","StSLib","SuperFastMode","Synergy Search","Twitch Decklist","Twitch Utils","everything is the same but u backflip on backflip","slay the spire mod where everything is the same but ironclad has a cowboy hat"],"gold_per_floor":[109,128,146,146,165,165,165],"floor_reached":6,"playtime":43,"items_purged":[],"score":38,"play_id":"e73c7a2b-784d-419f-8e99-1434b42faefc","local_time":"20210109153617","is_ascension_mode":false,"campfire_choices":[],"circlet_count":0,"master_deck":["Strike_R","Strike_R","Strike_R","Strike_R","Strike_R","Defend_R","Defend_R","Defend_R","Bash","Immolate"],"relics":["Burning Blood"],"acts_visited":["Exordium"],"potions_floor_usage":[],"damage_taken":[{"damage":13,"enemies":"2 Louse","floor":1,"turns":4},{"damage":15,"enemies":"Cultist","floor":2,"turns":4},{"damage":30,"enemies":"Jaw Worm","floor":3,"turns":5},{"damage":28,"enemies":"Blue Slaver","floor":5,"turns":5},{"damage":36,"enemies":"Lagavulin","floor":6,"turns":3}],"seed_played":"3558334388460706559","potions_obtained":[{"floor":2,"key":"Swift Potion"},{"floor":5,"key":"Block Potion"}],"is_trial":false,"path_per_floor":["M","M","M","?","M","E"],"character_chosen":"IRONCLAD","items_purchased":[],"campfire_rested":0,"item_purchase_floors":[],"current_hp_per_floor":[81,72,48,48,26,0,0],"gold":165,"neow_bonus":"TEN_PERCENT_HP_BONUS","is_daily":false,"chose_seed":false,"campfire_upgraded":0,"win_rate":0.0,"timestamp":1610235377,"path_taken":["M","M","M","?","M","E"],"items_purchased_type":[],"build_version":"2020-12-22","purchased_purges":0,"victory":false,"max_hp_per_floor":[88,88,88,88,88,88,88],"relic_stats":{"counters":[5,21],"obtain_stats":[{"Burning Blood":0},{"Burning Blood":0},{"Burning Blood":0}],"Burning Blood":24},"card_choices":[{"not_picked":["Clothesline","Ghostly Armor","Iron Wave"],"picked":"SKIP","floor":1},{"not_picked":["Clash","Iron Wave","Sword Boomerang"],"picked":"SKIP","floor":2},{"not_picked":["Bloodletting","Sword Boomerang","Evolve"],"picked":"SKIP","floor":3},{"not_picked":["Sword Boomerang","Carnage","Bloodletting"],"picked":"SKIP","floor":5}],"player_experience":1474633,"relics_obtained":[],"event_choices":[{"damage_healed":0,"gold_gain":0,"cards_transformed":["Defend_R"],"player_choice":"Transformed","damage_taken":0,"max_hp_gain":0,"max_hp_loss":0,"event_name":"Transmorgrifier","floor":4,"gold_loss":0,"cards_obtained":["Immolate"]}],"is_beta":false,"boss_relics":[],"items_purged_floors":[],"is_endless":false,"potions_floor_spawned":[2,5],"killed_by":"Lagavulin","ascension_level":0}}