{"host":"2se5dq1do2gp0x9k","time":1610165160,"event":{"mods":["AchievementEnabler","BaseMod","Block Reminder","Colored Map","Colored Powertips","Minty Spire (QoL Compilation)","Relic Stats","StSLib","SuperFastMode"],"gold_per_floor":[116,116,116,136,136,136,61,82,82,82,97,136,149,193,193,289,289,305,112,127,127,152,195,195,230,230,230,244,279,298,338,338,437,437,450,450,470,268,289,327,339,392,428,522,389,389,457,508,508,508,508],"floor_reached":50,"playtime":3112,"items_purged":["Pain","Defend_P","JustLucky"],"score":1123,"play_id":"00b145fa-79ee-468c-9be4-0411bad8c3e0","local_time":"20210108200600","is_ascension_mode":true,"campfire_choices":[{"data":"Meditate","floor":6.0,"key":"SMITH"},{"data":"Eruption","floor":10.0,"key":"SMITH"},{"data":"TalkToTheHand","floor":15.0,"key":"SMITH"},{"data":"InnerPeace","floor":24.0,"key":"SMITH"},{"data":"Adaptation","floor":27.0,"key":"SMITH"},{"data":"LikeWater","floor":32.0,"key":"SMITH"},{"data":"Establishment","floor":41.0,"key":"SMITH"},{"data":"Adaptation","floor":46,"key":"SMITH"},{"floor":49,"key":"REST"}],"circlet_count":0,"master_deck":["AscendersBane","Defend_P","Defend_P+1","Defend_P","Eruption+1","Vigilance+1","CutThroughFate","Meditate+1","CutThroughFate","LikeWater+1","CutThroughFate","InnerPeace+1","TalkToTheHand+1","DeusExMachina","Vengeance","Wireheading","Bite","Bite","Bite","Bite","Bite","FollowUp","Adaptation+1","Wallop","Establishment+1","Protect","Adaptation+1","WaveOfTheHand","LikeWater"],"relics":["HolyWater","NeowsBlessing","Golden Idol","WarpedTongs","Mercury Hourglass","Tiny Chest","Vajra","SlaversCollar","Centennial Puzzle","Du-Vu Doll","Happy Flower","Orichalcum","War Paint","MawBank","Ginger","Boot","InkBottle","Oddly Smooth Stone","Ice Cream","Bag of Marbles"],"acts_visited":["Exordium","TheCity","TheBeyond"],"potions_floor_usage":[47,47,50,50],"damage_taken":[{"damage":0.0,"enemies":"Small Slimes","floor":1.0,"turns":1.0},{"damage":0.0,"enemies":"2 Louse","floor":4.0,"turns":1.0},{"damage":0.0,"enemies":"Cultist","floor":8.0,"turns":1.0},{"damage":1.0,"enemies":"2 Fungi Beasts","floor":11.0,"turns":3.0},{"damage":15.0,"enemies":"Lagavulin","floor":12.0,"turns":4.0},{"damage":11.0,"enemies":"Exordium Wildlife","floor":13.0,"turns":3.0},{"damage":10.0,"enemies":"Gremlin Nob","floor":14.0,"turns":3.0},{"damage":3.0,"enemies":"Slime Boss","floor":16.0,"turns":6.0},{"damage":14.0,"enemies":"Shell Parasite","floor":18.0,"turns":3.0},{"damage":9.0,"enemies":"Chosen","floor":20.0,"turns":4.0},{"damage":9.0,"enemies":"Snake Plant","floor":22.0,"turns":2.0},{"damage":13.0,"enemies":"Book of Stabbing","floor":23.0,"turns":4.0},{"damage":18.0,"enemies":"Gremlin Leader","floor":25.0,"turns":3.0},{"damage":1.0,"enemies":"Centurion and Healer","floor":28.0,"turns":3.0},{"damage":18.0,"enemies":"Slavers","floor":29.0,"turns":6.0},{"damage":11.0,"enemies":"Shelled Parasite and Fungi","floor":30.0,"turns":4.0},{"damage":0.0,"enemies":"Gremlin Leader","floor":31.0,"turns":4.0},{"damage":44.0,"enemies":"Collector","floor":33.0,"turns":8.0},{"damage":24.0,"enemies":"3 Shapes","floor":35.0,"turns":3.0},{"damage":1.0,"enemies":"Orb Walker","floor":37.0,"turns":3.0},{"damage":18.0,"enemies":"Sphere and 2 Shapes","floor":39.0,"turns":3.0},{"damage":10.0,"enemies":"Giant Head","floor":40.0,"turns":8.0},{"damage":38.0,"enemies":"Nemesis","floor":42.0,"turns":7.0},{"damage":20.0,"enemies":"4 Shapes","floor":44.0,"turns":8.0},{"damage":38,"enemies":"2 Orb Walkers","floor":47,"turns":6},{"damage":34,"enemies":"Awakened One","floor":50,"turns":2}],"seed_played":"-8880884544100247558","potions_obtained":[{"floor":8.0,"key":"Swift Potion"},{"floor":11.0,"key":"FearPotion"},{"floor":16.0,"key":"DuplicationPotion"},{"floor":18.0,"key":"DistilledChaos"},{"floor":22.0,"key":"Energy Potion"},{"floor":28.0,"key":"Dexterity Potion"},{"floor":31.0,"key":"BottledMiracle"},{"floor":33.0,"key":"EntropicBrew"},{"floor":44,"key":"Regen Potion"}],"is_trial":false,"path_per_floor":["M","?","?","M","?","R","$","M","T","R","M","E","M","E","R","B",null,"M","$","M","?","M","E","R","E","T","R","M","E","M","E","R","B",null,"M","?","M","$","M","E","R","E","T","M","$","R","?","T","R","B"],"character_chosen":"WATCHER","items_purchased":["Wireheading","JustLucky","Adaptation","Oddly Smooth Stone"],"campfire_rested":1,"item_purchase_floors":[19,19,38,45],"current_hp_per_floor":[61,61,66,66,66,66,66,66,66,66,65,50,39,29,29,26,57,43,43,34,34,31,39,39,31,31,31,39,40,39,46,46,25,41,28,28,31,31,26,43,43,39,39,25,25,25,16,16,29,0,0],"gold":508,"neow_bonus":"THREE_ENEMY_KILL","is_daily":false,"chose_seed":false,"campfire_upgraded":8,"win_rate":0.0,"timestamp":1610165160,"path_taken":["M","?","?","M","?","R","$","M","T","R","?","E","M","E","R","BOSS","M","$","M","?","M","E","R","E","T","R","M","E","M","E","R","BOSS","M","?","M","$","M","E","R","E","T","?","$","R","?","?","R","BOSS"],"items_purchased_type":["Card","Card","Card","Relic"],"build_version":"2020-12-22","purchased_purges":3,"victory":false,"max_hp_per_floor":[68,62,67,67,67,67,67,67,67,67,67,67,67,67,67,67,67,67,67,67,46,46,46,46,46,46,46,46,46,46,46,46,46,46,46,46,46,46,46,46,46,46,46,46,46,46,46,46,46,46,46],"relic_stats":{"Happy Flower":[21],"counters":[26,103],"Golden Idol":163,"Ginger":[0],"Orichalcum":[54],"War Paint":["Vigilance","Defend_P"],"MawBank":60,"Boot":[0],"WarpedTongs":[100],"Mercury Hourglass":[417],"Centennial Puzzle":[40],"Tiny Chest":1,"obtain_stats":[{"Ice Cream":47,"NeowsBlessing":0,"Happy Flower":26,"Golden Idol":2,"Vajra":14,"Oddly Smooth Stone":45,"Ginger":42,"Orichalcum":29,"War Paint":31,"MawBank":40,"Boot":43,"WarpedTongs":5,"Mercury Hourglass":9,"Du-Vu Doll":25,"SlaversCollar":17,"Centennial Puzzle":23,"HolyWater":34,"Tiny Chest":12,"Bag of Marbles":48,"PureWater":0,"InkBottle":44},{"Ice Cream":25,"NeowsBlessing":0,"Happy Flower":13,"Golden Idol":1,"Vajra":7,"Oddly Smooth Stone":24,"Ginger":23,"Orichalcum":15,"War Paint":17,"MawBank":22,"Boot":23,"WarpedTongs":2,"Mercury Hourglass":3,"Du-Vu Doll":13,"SlaversCollar":8,"Centennial Puzzle":12,"HolyWater":18,"Tiny Chest":5,"Bag of Marbles":25,"PureWater":0,"InkBottle":24},{"Ice Cream":101,"NeowsBlessing":0,"Happy Flower":38,"Golden Idol":1,"Vajra":16,"Oddly Smooth Stone":95,"Ginger":87,"Orichalcum":47,"War Paint":55,"MawBank":80,"Boot":87,"WarpedTongs":2,"Mercury Hourglass":3,"Du-Vu Doll":38,"SlaversCollar":22,"Centennial Puzzle":35,"HolyWater":63,"Tiny Chest":10,"Bag of Marbles":101,"PureWater":0,"InkBottle":95}],"InkBottle":[4]},"card_choices":[{"not_picked":["Prostrate","EmptyFist"],"picked":"CutThroughFate","floor":1.0},{"not_picked":["Fasting2","FearNoEvil"],"picked":"Meditate","floor":4.0},{"not_picked":["Pray","Prostrate"],"picked":"CutThroughFate","floor":8.0},{"not_picked":["Adaptation","Evaluate"],"picked":"LikeWater","floor":11.0},{"not_picked":["FlurryOfBlows","FlyingSleeves"],"picked":"CutThroughFate","floor":12.0},{"not_picked":["ThirdEye","CrushJoints"],"picked":"InnerPeace","floor":13.0},{"not_picked":["SashWhip","Collect"],"picked":"TalkToTheHand","floor":14.0},{"not_picked":["Brilliance","ConjureBlade"],"picked":"DeusExMachina","floor":16.0},{"not_picked":["BowlingBash","Protect"],"picked":"Vengeance","floor":18.0},{"not_picked":["Halt","Collect","Study+1"],"picked":"SKIP","floor":20.0},{"not_picked":["Prostrate+1","SandsOfTime"],"picked":"JustLucky","floor":22.0},{"not_picked":["FlyingSleeves","ClearTheMind"],"picked":"FollowUp","floor":23.0},{"not_picked":["Consecrate","Brilliance"],"picked":"Adaptation","floor":25.0},{"not_picked":["ForeignInfluence","Adaptation"],"picked":"Wallop","floor":28.0},{"not_picked":["Evaluate","FlyingSleeves","FollowUp"],"picked":"SKIP","floor":29.0},{"not_picked":["FearNoEvil+1","Prostrate","Pray"],"picked":"SKIP","floor":30.0},{"not_picked":["FollowUp","Indignation","WindmillStrike"],"picked":"SKIP","floor":31.0},{"not_picked":["FollowUp","Indignation","WindmillStrike"],"picked":"SKIP","floor":31.0},{"not_picked":["Ragnarok","Omniscience"],"picked":"Establishment","floor":33.0},{"not_picked":["FlurryOfBlows+1","ReachHeaven"],"picked":"Protect","floor":35.0},{"not_picked":["Pray","CrushJoints","Consecrate"],"picked":"SKIP","floor":37.0},{"not_picked":["FlyingSleeves+1","FollowUp","SashWhip+1"],"picked":"SKIP","floor":39.0},{"not_picked":["Prostrate","Swivel"],"picked":"WaveOfTheHand","floor":40.0},{"not_picked":["PathToVictory","SashWhip","LessonLearned"],"picked":"SKIP","floor":42.0},{"not_picked":["Halt","JustLucky"],"picked":"LikeWater","floor":47}],"player_experience":3806434,"relics_obtained":[{"floor":9.0,"key":"Mercury Hourglass"},{"floor":12.0,"key":"Tiny Chest"},{"floor":14.0,"key":"Vajra"},{"floor":23.0,"key":"Centennial Puzzle"},{"floor":25.0,"key":"Du-Vu Doll"},{"floor":26.0,"key":"Happy Flower"},{"floor":29.0,"key":"Orichalcum"},{"floor":31.0,"key":"War Paint"},{"floor":40.0,"key":"MawBank"},{"floor":42.0,"key":"Ginger"},{"floor":43.0,"key":"Boot"},{"floor":44,"key":"InkBottle"},{"floor":47,"key":"Ice Cream"},{"floor":48,"key":"Bag of Marbles"}],"event_choices":[{"damage_healed":0.0,"max_hp_gain":0.0,"max_hp_loss":6.0,"gold_gain":0.0,"event_name":"Golden Idol","player_choice":"Lose Max HP","floor":2.0,"gold_loss":0.0,"damage_taken":0.0,"relics_obtained":["Golden Idol"]},{"damage_healed":0.0,"max_hp_gain":5.0,"max_hp_loss":0.0,"gold_gain":0.0,"event_name":"Big Fish","player_choice":"Donut","floor":3.0,"gold_loss":0.0,"damage_taken":0.0},{"damage_healed":0.0,"max_hp_gain":0.0,"max_hp_loss":0.0,"gold_gain":0.0,"event_name":"Accursed Blacksmith","player_choice":"Rummage","floor":5.0,"gold_loss":0.0,"damage_taken":0.0,"relics_obtained":["WarpedTongs"],"cards_obtained":["Pain"]},{"damage_healed":0.0,"max_hp_gain":0.0,"max_hp_loss":21.0,"gold_gain":0.0,"event_name":"Vampires","player_choice":"Became a vampire","floor":21.0,"gold_loss":0.0,"damage_taken":0.0,"cards_obtained":["Bite","Bite","Bite","Bite","Bite"]},{"cards_removed":["JustLucky"],"damage_healed":0.0,"max_hp_gain":0.0,"max_hp_loss":0.0,"gold_gain":0.0,"event_name":"Purifier","player_choice":"Purged","floor":36.0,"gold_loss":0.0,"damage_taken":0.0},{"damage_healed":0,"gold_gain":0,"player_choice":"Fight","damage_taken":0,"max_hp_gain":0,"max_hp_loss":0,"event_name":"Mysterious Sphere","floor":47,"gold_loss":0}],"is_beta":false,"boss_relics":[{"not_picked":["Astrolabe","Ectoplasm"],"picked":"SlaversCollar"},{"not_picked":["Empty Cage","Pandora\u0027s Box"],"picked":"HolyWater"}],"items_purged_floors":[7,19,38],"is_endless":false,"potions_floor_spawned":[8,11,13,16,18,22,28,31,33,37,44],"killed_by":"Awakened One","ascension_level":15}}