{"host":"yuhy0i501zzmn1iz","time":1610171193,"event":{"mods":["AchievementEnabler","AlwaysNeverKeys","BaseMod","Bestiary","Better Match","Better Third Choice","Curses Come First","Downfall","Minty Spire (QoL Compilation)","StSLib","The Blue Laboratory","slay the spire mod where everything is the same but ironclad has a cowboy hat"],"gold_per_floor":[112,112,112,112,112,151,165,165,165,11,31,31,74,87,87,210,273,312,357,403,422,422,478,523,548,597,597,616,66,66,85,85,215,215,236,236,98,146,171,206,206,274,319,344,26,71,114,135,135,135,135],"floor_reached":50,"playtime":2177,"items_purged":[],"score":777,"play_id":"6a696b47-654d-4251-82d7-42a06ba98795","local_time":"20210109004633","is_ascension_mode":true,"campfire_choices":[{"data":"Eruption","floor":8.0,"key":"SMITH"},{"data":"SashWhip","floor":15.0,"key":"SMITH"},{"floor":27.0,"key":"REST"},{"floor":32.0,"key":"REST"},{"data":"Halt","floor":41.0,"key":"SMITH"},{"floor":49.0,"key":"RECALL"}],"circlet_count":0,"master_deck":["Strike_P","Strike_P+1","Strike_P","Strike_P","Defend_P+1","Defend_P","Defend_P","Defend_P","Eruption+1","Vigilance+1","Tantrum","Halt+1","SashWhip+1","InnerPeace","FearNoEvil","Prostrate","Wish","FlyingSleeves","Prostrate+1","BowlingBash","Wallop","TalkToTheHand","SignatureMove+1","CrushJoints+1","Swivel","SandsOfTime","FollowUp","FlyingSleeves","Scrawl","Ragnarok","EmptyFist","FollowUp","Worship","DeusExMachina","TalkToTheHand+1","Omniscience","CutThroughFate","Prostrate+1","Prostrate+1"],"relics":["PureWater","NeowsBlessing","Golden Idol","StrikeDummy","Kunai","Damaru","Ginger","Tiny House","Lantern","Bag of Marbles","Pocketwatch","Dream Catcher","Blood Vial","Sozu","Du-Vu Doll","Nunchaku","Pen Nib"],"acts_visited":["Exordium","TheCity","TheBeyond"],"potions_floor_usage":[],"damage_taken":[{"damage":0.0,"enemies":"Jaw Worm","floor":1.0,"turns":1.0},{"damage":0.0,"enemies":"Gremlin Nob","floor":6.0,"turns":1.0},{"damage":0.0,"enemies":"Small Slimes","floor":7.0,"turns":1.0},{"damage":0.0,"enemies":"2 Louse","floor":11.0,"turns":3.0},{"damage":3.0,"enemies":"3 Sentries","floor":13.0,"turns":4.0},{"damage":0.0,"enemies":"Exordium Wildlife","floor":14.0,"turns":2.0},{"damage":0.0,"enemies":"Slime Boss","floor":16.0,"turns":5.0},{"damage":8.0,"enemies":"Chosen","floor":18.0,"turns":4.0},{"damage":1.0,"enemies":"Spheric Guardian","floor":19.0,"turns":3.0},{"damage":24.0,"enemies":"Snake Plant","floor":20.0,"turns":5.0},{"damage":2.0,"enemies":"Chosen and Byrds","floor":21.0,"turns":5.0},{"damage":26.0,"enemies":"Gremlin Leader","floor":23.0,"turns":6.0},{"damage":17.0,"enemies":"Centurion and Healer","floor":24.0,"turns":6.0},{"damage":0.0,"enemies":"Sentry and Sphere","floor":25.0,"turns":2.0},{"damage":0.0,"enemies":"3 Cultists","floor":28.0,"turns":4.0},{"damage":0.0,"enemies":"Centurion and Healer","floor":31.0,"turns":1.0},{"damage":18.0,"enemies":"Champ","floor":33.0,"turns":5.0},{"damage":6.0,"enemies":"3 Darklings","floor":35.0,"turns":3.0},{"damage":12.0,"enemies":"3 Shapes","floor":38.0,"turns":2.0},{"damage":7.0,"enemies":"3 Darklings","floor":39.0,"turns":3.0},{"damage":18.0,"enemies":"Reptomancer","floor":40.0,"turns":5.0},{"damage":2.0,"enemies":"Nemesis","floor":42.0,"turns":5.0},{"damage":2.0,"enemies":"Jaw Worm Horde","floor":44.0,"turns":5.0},{"damage":0.0,"enemies":"Transient","floor":46.0,"turns":5.0},{"damage":0.0,"enemies":"3 Darklings","floor":47.0,"turns":2.0},{"damage":8.0,"enemies":"Spire Growth","floor":48.0,"turns":3.0},{"damage":53,"enemies":"Donu and Deca","floor":50,"turns":6}],"seed_played":"-3984490436938191291","potions_obtained":[{"floor":1.0,"key":"SkillPotion"},{"floor":16.0,"key":"FearPotion"},{"floor":17.0,"key":"blueLaboratory:CorrosionFlask"},{"floor":21.0,"key":"ColorlessPotion"},{"floor":23.0,"key":"blueLaboratory:EnragingPotion"},{"floor":31.0,"key":"blueLaboratory:AlphaPotion"},{"floor":33.0,"key":"blueLaboratory:PhilterOfMotion"}],"is_trial":false,"path_per_floor":["M","?","?","?","?","E","M","R","T","$","M","?","E","M","R","B",null,"M","M","M","M","?","E","M","M","T","R","M","$","?","M","R","B",null,"M","?","$","M","M","E","R","E","T","M","$","M","M","M","R","B"],"character_chosen":"WATCHER","items_purchased":["Damaru","Pocketwatch","Dream Catcher","SandsOfTime","FollowUp","Ragnarok","Omniscience","Pen Nib"],"campfire_rested":2,"item_purchase_floors":[10,29,29,29,29,37,45,45],"current_hp_per_floor":[72,72,72,54,40,40,40,40,40,40,40,45,42,42,42,42,82,74,73,49,47,52,26,9,9,9,33,33,33,33,35,59,43,82,76,76,76,66,61,45,45,45,45,45,45,47,49,43,43,0,0],"gold":135,"neow_bonus":"THREE_ENEMY_KILL","is_daily":false,"chose_seed":false,"campfire_upgraded":3,"win_rate":0.0,"timestamp":1610171193,"path_taken":["M","?","?","?","?","E","?","R","T","$","M","?","E","M","R","BOSS","M","M","M","M","?","E","M","M","T","R","?","?","?","M","R","BOSS","M","?","$","M","M","E","R","E","T","M","$","M","M","M","R","BOSS"],"items_purchased_type":["Relic","Relic","Relic","Card","Card","Card","Card","Relic"],"build_version":"2020-12-22","purchased_purges":0,"victory":false,"max_hp_per_floor":[72,72,72,72,72,72,72,72,72,72,72,77,77,77,77,77,82,82,82,82,82,82,82,82,82,82,82,82,82,82,82,82,82,82,82,82,82,82,82,82,82,82,82,82,82,82,82,82,82,82,82],"card_choices":[{"not_picked":["Vengeance","FlurryOfBlows"],"picked":"Tantrum","floor":1.0},{"not_picked":["Vengeance","FlurryOfBlows"],"picked":"Halt","floor":6.0},{"not_picked":["ThirdEye","Crescendo"],"picked":"SashWhip","floor":7.0},{"not_picked":["MasterReality","Nirvana"],"picked":"InnerPeace","floor":11.0},{"not_picked":["Sanctity","SandsOfTime"],"picked":"FearNoEvil","floor":13.0},{"not_picked":["JustLucky","Nirvana"],"picked":"Prostrate","floor":14.0},{"not_picked":["Establishment","LessonLearned"],"picked":"Wish","floor":16.0},{"not_picked":["BattleHymn","CrushJoints"],"picked":"FlyingSleeves","floor":17.0},{"not_picked":["Crescendo","BowlingBash+1"],"picked":"Prostrate+1","floor":18.0},{"not_picked":["FlurryOfBlows","CrushJoints"],"picked":"ThirdEye","floor":19.0},{"not_picked":["PathToVictory","Crescendo+1"],"picked":"BowlingBash","floor":20.0},{"not_picked":["ConjureBlade","Crescendo"],"picked":"Wallop","floor":21.0},{"not_picked":["Adaptation+1","ForeignInfluence"],"picked":"TalkToTheHand","floor":23.0},{"not_picked":["EmptyMind","FlurryOfBlows"],"picked":"SignatureMove+1","floor":24.0},{"not_picked":["LikeWater","Collect"],"picked":"CrushJoints+1","floor":25.0},{"not_picked":["BowlingBash","SashWhip+1"],"picked":"Swivel","floor":28.0},{"not_picked":["Protect+1","EmptyBody"],"picked":"FlyingSleeves","floor":31.0},{"not_picked":["DeceiveReality","CrushJoints"],"picked":"BattleHymn","floor":32.0},{"not_picked":["MasterReality","ConjureBlade"],"picked":"Scrawl","floor":33.0},{"not_picked":["FlurryOfBlows","BowlingBash","Perseverance"],"picked":"SKIP","floor":35.0},{"not_picked":["WreathOfFlame","PathToVictory+1"],"picked":"EmptyFist","floor":38.0},{"not_picked":["LikeWater","CrushJoints+1"],"picked":"FollowUp","floor":39.0},{"not_picked":["TalkToTheHand","InnerPeace+1"],"picked":"Worship","floor":40.0},{"not_picked":["EmptyFist","ThirdEye+1"],"picked":"DeusExMachina","floor":42.0},{"not_picked":["Wireheading+1","FlyingSleeves+1"],"picked":"TalkToTheHand+1","floor":44.0},{"not_picked":["Collect+1","Protect+1"],"picked":"CutThroughFate","floor":46.0},{"not_picked":["Scrawl","Indignation+1"],"picked":"Prostrate+1","floor":47.0},{"not_picked":["SignatureMove","Vengeance"],"picked":"Prostrate+1","floor":48.0}],"player_experience":271883,"relics_obtained":[{"floor":6.0,"key":"StrikeDummy"},{"floor":9.0,"key":"Kunai"},{"floor":13.0,"key":"Ginger"},{"floor":23.0,"key":"Lantern"},{"floor":26.0,"key":"Bag of Marbles"},{"floor":40.0,"key":"Du-Vu Doll"},{"floor":42.0,"key":"Nunchaku"}],"event_choices":[{"damage_healed":0.0,"max_hp_gain":0.0,"max_hp_loss":0.0,"gold_gain":0.0,"event_name":"The Cleric","player_choice":"Leave","floor":2.0,"gold_loss":0.0,"damage_taken":0.0},{"damage_healed":0.0,"max_hp_gain":0.0,"max_hp_loss":0.0,"gold_gain":0.0,"event_name":"Golden Wing","player_choice":"Ignored","floor":3.0,"gold_loss":0.0,"damage_taken":0.0},{"damage_healed":0.0,"max_hp_gain":0.0,"max_hp_loss":0.0,"gold_gain":0.0,"event_name":"Golden Idol","player_choice":"Take Damage","floor":4.0,"gold_loss":0.0,"damage_taken":18.0,"relics_obtained":["Golden Idol"]},{"damage_healed":54.0,"max_hp_gain":0.0,"max_hp_loss":72.0,"gold_gain":0.0,"event_name":"betterThird:BetterShining","player_choice":"Upgrade","floor":5.0,"gold_loss":0.0,"damage_taken":14.0,"cards_upgraded":["Vigilance","Strike_P"]},{"damage_healed":0.0,"max_hp_gain":5.0,"max_hp_loss":0.0,"gold_gain":0.0,"event_name":"Big Fish","player_choice":"Donut","floor":12.0,"gold_loss":0.0,"damage_taken":0.0},{"cards_removed":["ThirdEye"],"damage_healed":5.0,"max_hp_gain":0.0,"max_hp_loss":0.0,"gold_gain":0.0,"event_name":"Bonfire Elementals","player_choice":"Offered Common","floor":22.0,"gold_loss":0.0,"damage_taken":0.0},{"cards_removed":["ThirdEye"],"damage_healed":5.0,"max_hp_gain":0.0,"max_hp_loss":0.0,"gold_gain":0.0,"event_name":"Bonfire Elementals","player_choice":"Offered Special","floor":22.0,"gold_loss":0.0,"damage_taken":0.0},{"damage_healed":0.0,"max_hp_gain":0.0,"max_hp_loss":0.0,"gold_gain":0.0,"event_name":"The Mausoleum","player_choice":"Opened","floor":30.0,"gold_loss":0.0,"damage_taken":0.0,"relics_obtained":["Blood Vial"]},{"cards_removed":["BattleHymn"],"damage_healed":0.0,"max_hp_gain":0.0,"max_hp_loss":0.0,"gold_gain":0.0,"event_name":"Falling","player_choice":"Removed Power","floor":36.0,"gold_loss":0.0,"damage_taken":0.0}],"is_beta":false,"boss_relics":[{"not_picked":["VioletLotus","Snecko Eye"],"picked":"Tiny House"},{"not_picked":["HolyWater","Pandora\u0027s Box"],"picked":"Sozu"}],"items_purged_floors":[],"is_endless":false,"potions_floor_spawned":[1,16,21,23,31,33,39,40,44,47],"killed_by":"Donu and Deca","ascension_level":2}}