{"host":"cr892wvdvh6p7gzy","time":1610151755,"event":{"mods":["A Magickal Journey","BaseMod","BetterRewards","Downfall","GifTheSpireLib","Hubris","Infinite Spire","Minty Spire (QoL Compilation)","READ ME - Guardian Mod","Replay The Spire","SOS???????","StSLib","The Bug Knight","The Dragon Tamer","The Necromancer","???Mod??????Boss"],"gold_per_floor":[119,119,139,154,170,170,189,189,189,209,209,220,233,197,197,295,295,309,309,503,503,503],"floor_reached":21,"playtime":1068,"items_purged":[],"score":190,"play_id":"eefddbc9-428a-461c-a2e6-3b701b138f31","local_time":"20210109012235","is_ascension_mode":true,"campfire_choices":[{"data":"Berserk","floor":6.0,"key":"SMITH"},{"data":"Bash","floor":8.0,"key":"SMITH"},{"data":"Spot Weakness","floor":11.0,"key":"SMITH"},{"data":"Rampage","floor":15.0,"key":"SMITH"}],"circlet_count":0,"master_deck":["Strike_R","Strike_R","Strike_R","Strike_R","Strike_R","Defend_R","Defend_R","Defend_R","Defend_R","Bash+1","Berserk+1","Spot Weakness+1","Clothesline","Rampage+1","Shrug It Off+1","Impervious"],"relics":["Black Blood","MealTicket","Juzu Bracelet"],"acts_visited":["Exordium","TheCity"],"potions_floor_usage":[18],"damage_taken":[{"damage":9.0,"enemies":"2 Louse","floor":1.0,"turns":4.0},{"damage":0.0,"enemies":"Cultist","floor":3.0,"turns":3.0},{"damage":11.0,"enemies":"Jaw Worm","floor":4.0,"turns":4.0},{"damage":31.0,"enemies":"Exordium Thugs","floor":5.0,"turns":6.0},{"damage":16.0,"enemies":"Looter","floor":7.0,"turns":5.0},{"damage":5.0,"enemies":"3 Louse","floor":10.0,"turns":4.0},{"damage":17.0,"enemies":"Red Slaver","floor":12.0,"turns":4.0},{"damage":5.0,"enemies":"2 Fungi Beasts","floor":13.0,"turns":3.0},{"damage":30.0,"enemies":"Hexaghost","floor":16.0,"turns":9.0},{"damage":19,"enemies":"Shell Parasite","floor":18,"turns":6},{"damage":0,"enemies":"3 Byrds","floor":21,"turns":1}],"seed_played":"6588082947113891697","potions_obtained":[{"floor":4.0,"key":"Regen Potion"},{"floor":12.0,"key":"AttackPotion"},{"floor":13.0,"key":"Adrenaline Potion"}],"is_trial":false,"path_per_floor":["M","?","M","M","M","R","M","R","T","M","R","M","M","$","R","B",null,"M","?","?","M"],"character_chosen":"IRONCLAD","items_purchased":["Shrug It Off+1"],"campfire_rested":0,"item_purchase_floors":[14],"current_hp_per_floor":[77,77,80,75,64,64,54,54,54,55,55,44,45,60,60,36,80,73,58,24,24,24],"gold":503,"neow_bonus":"RANDOM_COMMON_RELIC","is_daily":false,"chose_seed":false,"campfire_upgraded":4,"win_rate":0.0,"timestamp":1610151755,"path_taken":["M","?","?","M","M","R","M","R","T","M","R","M","M","$","R","BOSS","M","?","?","M"],"items_purchased_type":["Card"],"build_version":"2020-12-22","purchased_purges":0,"victory":false,"max_hp_per_floor":[80,80,80,80,80,80,80,80,80,80,80,80,80,80,80,80,80,80,85,85,85,85],"card_choices":[{"not_picked":["Armaments","Seeing Red","Clothesline"],"picked":"SKIP","floor":1.0},{"not_picked":["Seeing Red","Clothesline","Anger"],"picked":"SKIP","floor":3.0},{"not_picked":["Sword Boomerang","ReplayTheSpireMod:Strike From Hell","Wild Strike"],"picked":"SKIP","floor":4.0},{"not_picked":["Body Slam","Cleave"],"picked":"Spot Weakness","floor":5.0},{"not_picked":["Fire Breathing","Metallicize","Blood for Blood"],"picked":"SKIP","floor":7.0},{"not_picked":["Clash","Twin Strike"],"picked":"Clothesline","floor":10.0},{"not_picked":["Life Link","Warcry"],"picked":"Rampage","floor":12.0},{"not_picked":["Clash","Twin Strike","Perfected Strike"],"picked":"SKIP","floor":13.0},{"not_picked":["Exhume","Fiend Fire"],"picked":"Impervious","floor":16.0},{"not_picked":["Havoc","Warcry","Sentinel"],"picked":"SKIP","floor":18}],"player_experience":463641,"relics_obtained":[{"floor":9.0,"key":"Juzu Bracelet"}],"event_choices":[{"damage_healed":0.0,"max_hp_gain":0.0,"max_hp_loss":0.0,"gold_gain":0.0,"event_name":"Match and Keep!","player_choice":"1 cards matched","floor":2.0,"gold_loss":0.0,"damage_taken":0.0,"cards_obtained":["Berserk"]},{"damage_healed":0,"gold_gain":0,"player_choice":"Shed Blood","damage_taken":20,"max_hp_gain":5,"max_hp_loss":0,"event_name":"Forgotten Altar","floor":19,"gold_loss":0}],"is_beta":false,"boss_relics":[{"not_picked":["Velvet Choker","Tiny House"],"picked":"Black Blood"}],"items_purged_floors":[],"is_endless":false,"potions_floor_spawned":[4,12,13],"killed_by":"3 Byrds","ascension_level":2}}