{"host":"mvz90ilxx8epviq1","time":1610171245,"event":{"mods":["2.2 Compatiblity","AchievementEnabler","Act Like it!","Bartender","BaseMod","Better Note","Better Third Choice","Better Vampires","Clockwork Mod","Colored Map","Colored Powertips","Downfall","Gensokyo","Hallownest","Hermit","Hubris","Koishi","Marisa????????","Minty Spire (QoL Compilation)","Replay The Spire","SIMod","Shop Mod","Spicy Shops","StSLib","Td1madao Mod","The Alterego","The Blackbeard","The Bug Knight","The Construct","The Cursed","The Mystic","The Senshi","The Servant 0.9.4","The Wild Card","slay the spire mod where everything is the same but ironclad has a cowboy hat"],"gold_per_floor":[119,139,150,168,168,203,173,173,173,207,207,223,236,411,411,514,514,528,548,558,166,166,166,166],"floor_reached":23,"playtime":2579,"items_purged":["Doubt"],"score":203,"play_id":"c8e8c3ad-6db1-49d0-9087-c607ef5af97b","local_time":"20210109004725","is_ascension_mode":false,"campfire_choices":[{"data":"Alacrity","floor":8.0,"key":"SMITH"},{"data":"1","floor":11.0,"key":"LIFT"},{"floor":15.0,"key":"REST"}],"circlet_count":0,"master_deck":["Strike_Bartender","Strike_Bartender","Defend_Bartender","Defend_Bartender","Defend_Bartender","Somersault","ThreeSidedStar","Elbow_Slash","Raptor_Form","Training_Dummy","Alacrity+1","Bouncer","Bicycle_Kick","Axe_Heel_Kick","Center_Self","Form_Shift","Fading_Blow","Windup","Stick_and_Move","Hook","Moonsault_Kick","Combo_Master"],"relics":["Sneakers","NeowsBlessing","Replay:PocketPolymizer","Girya","Eternal Feather","Runic Pyramid","hubris:Reverence"],"acts_visited":["Exordium","TheCity"],"potions_floor_usage":[],"damage_taken":[{"damage":0.0,"enemies":"Small Slimes","floor":1.0,"turns":1.0},{"damage":0.0,"enemies":"Jaw Worm","floor":2.0,"turns":1.0},{"damage":0.0,"enemies":"Cultist","floor":3.0,"turns":1.0},{"damage":16.0,"enemies":"Blue Slaver","floor":4.0,"turns":4.0},{"damage":20.0,"enemies":"Replay:BlueRogue","floor":6.0,"turns":8.0},{"damage":27.0,"enemies":"HollowMod:MossKnight","floor":10.0,"turns":9.0},{"damage":5.0,"enemies":"Looter","floor":12.0,"turns":2.0},{"damage":9.0,"enemies":"2 Fungi Beasts","floor":13.0,"turns":2.0},{"damage":8.0,"enemies":"Slime Boss","floor":16.0,"turns":6.0},{"damage":10.0,"enemies":"Shell Parasite","floor":18.0,"turns":3.0},{"damage":4.0,"enemies":"Chosen","floor":19.0,"turns":6.0},{"damage":13.0,"enemies":"Snecko","floor":20.0,"turns":5.0},{"damage":49,"enemies":"Gremlin Leader","floor":23,"turns":5}],"seed_played":"3130896570128192296","potions_obtained":[{"floor":3.0,"key":"sneckomod:MuddlingPotion"},{"floor":7.0,"key":"Fruit Juice"},{"floor":7.0,"key":"Doom Potion"},{"floor":13.0,"key":"PowerPotion"},{"floor":16.0,"key":"ColorlessPotion"},{"floor":18.0,"key":"Strength Potion"}],"is_trial":false,"path_per_floor":["M","M","M","M","?","E","?","R","T","E","R","M","M","?","R","B",null,"M","M","M","$","?","E"],"character_chosen":"BARTENDER","items_purchased":["hubris:Reverence","Combo_Master"],"campfire_rested":1,"item_purchase_floors":[21,21],"current_hp_per_floor":[70,70,70,54,66,46,51,51,51,24,33,28,19,19,50,42,75,65,61,48,48,48,0,0],"gold":166,"neow_bonus":"THREE_ENEMY_KILL","is_daily":false,"chose_seed":false,"campfire_upgraded":1,"win_rate":0.0,"timestamp":1610171245,"path_taken":["M","M","M","M","?","E","?","R","T","E","R","?","M","?","R","BOSS","M","M","M","$","?","E"],"items_purchased_type":["Relic","Card"],"build_version":"2020-12-22","purchased_purges":1,"victory":false,"max_hp_per_floor":[70,70,70,70,70,70,75,75,75,75,75,75,75,75,75,75,75,75,75,75,75,75,75,75],"card_choices":[{"not_picked":["On_The_Rocks","Press_Forward"],"picked":"ThreeSidedStar","floor":1.0},{"not_picked":["Stick_and_Move","Dancing_Jab"],"picked":"Elbow_Slash","floor":2.0},{"not_picked":["On_The_Rocks","Step_Of_The_Wind"],"picked":"Raptor_Form","floor":3.0},{"not_picked":["Cross","Ripple"],"picked":"Training_Dummy","floor":4.0},{"not_picked":["Meteodrive","Bloodbath_Bartender"],"picked":"Alacrity","floor":6.0},{"not_picked":["Stick_and_Move","On_The_Rocks"],"picked":"Bicycle_Kick","floor":10.0},{"not_picked":["Foot_Thrust","Meditate"],"picked":"Center_Self","floor":12.0},{"not_picked":["With_A_Twist","Insight_B"],"picked":"Form_Shift","floor":13.0},{"not_picked":["Butterfly_Float","Moonsault_Kick"],"picked":"Windup","floor":16.0},{"not_picked":["Dancing_Jab","ThreeSidedStar"],"picked":"Stick_and_Move","floor":18.0},{"not_picked":["Pony_Shot+1","Dragonkick"],"picked":"Hook","floor":19.0},{"not_picked":["RockBreaker","Surge"],"picked":"Moonsault_Kick","floor":20.0}],"player_experience":496805,"relics_obtained":[{"floor":6.0,"key":"Replay:PocketPolymizer"},{"floor":9.0,"key":"Girya"},{"floor":10.0,"key":"Eternal Feather"}],"event_choices":[{"damage_healed":0.0,"max_hp_gain":0.0,"max_hp_loss":0.0,"gold_gain":0.0,"event_name":"The Woman in Blue","player_choice":"Bought 2 Potions","floor":7.0,"gold_loss":0.0,"damage_taken":0.0},{"damage_healed":0.0,"max_hp_gain":0.0,"max_hp_loss":0.0,"gold_gain":175.0,"event_name":"betterThird:BetterSerpent","player_choice":"AGREE","floor":14.0,"gold_loss":0.0,"damage_taken":236.0},{"cards_removed":["Strike_Bartender"],"damage_healed":0.0,"max_hp_gain":0.0,"max_hp_loss":0.0,"gold_gain":0.0,"event_name":"betterNote:BetterNote","player_choice":"Give","floor":22.0,"gold_loss":0.0,"damage_taken":0.0,"cards_obtained":["Koishi:BasicDefend"]}],"is_beta":false,"boss_relics":[{"not_picked":["hubris:TerracottaHorce","hubris:ScarierMask"],"picked":"Runic Pyramid"}],"items_purged_floors":[21],"is_endless":false,"potions_floor_spawned":[3,13,16,18],"killed_by":"Gremlin Leader","ascension_level":0}}