{"host":"i1h39d0gfh5c6uxl","time":1610190509,"event":{"mods":["AchievementEnabler","BaseMod","Colored Map","Colored Powertips","Highlight Path","Minty Spire (QoL Compilation)"],"gold_per_floor":[113,83,93,112,112,140,105,116,116,143,155,155,182,19,19,92,92,107,119,44,44,94,129,129,164,164,179,179,179,179,195,195,272,272,290,290,45,83,118,473,473,501,527,2,33,33,68,43,43,43,43],"floor_reached":52,"playtime":3492,"items_purged":["Strike_R+1"],"score":2167,"play_id":"424625ec-2fbe-415a-be3d-454992d62417","local_time":"20210109190829","is_ascension_mode":true,"campfire_choices":[{"data":"Corruption","floor":15,"key":"SMITH"},{"data":"Clothesline","floor":28,"key":"SMITH"},{"floor":30,"key":"REST"},{"data":"Immolate","floor":32,"key":"SMITH"},{"data":"Flame Barrier","floor":41,"key":"SMITH"},{"data":"Flame Barrier","floor":46,"key":"SMITH"},{"data":"Perfected Strike","floor":49,"key":"SMITH"}],"circlet_count":0,"master_deck":["AscendersBane","Strike_R+1","Strike_R+1","Strike_R+1","Defend_R+1","Defend_R+1","Defend_R+1","Defend_R+1","Bash+1","Twin Strike","Pommel Strike","Shrug It Off","Impervious","Flame Barrier+1","Clothesline+1","Limit Break","Corruption+1","Immolate+1","Barricade","Feed+1","HandOfGreed+1","Dark Embrace","Flame Barrier+1","Perfected Strike+1"],"relics":["Burning Blood","HornCleat","Self Forming Clay","Paper Frog","Magic Flower","Smiling Mask","Snecko Eye","Nilry\u0027s Codex","Bronze Scales","Bottled Tornado","Charon\u0027s Ashes","Busted Crown","Medical Kit","Old Coin","Happy Flower","Whetstone","Bag of Preparation","Potion Belt","Ancient Tea Set"],"acts_visited":["Exordium","TheCity","TheBeyond"],"potions_floor_usage":[6,10,10,16,23,33,38,40,40,50,50,51],"damage_taken":[{"damage":2,"enemies":"Cultist","floor":1,"turns":4},{"damage":6,"enemies":"2 Louse","floor":3,"turns":4},{"damage":7,"enemies":"Jaw Worm","floor":4,"turns":3},{"damage":24,"enemies":"3 Sentries","floor":6,"turns":10},{"damage":3,"enemies":"Looter","floor":8,"turns":4},{"damage":0,"enemies":"Gremlin Nob","floor":10,"turns":4},{"damage":0,"enemies":"2 Fungi Beasts","floor":11,"turns":4},{"damage":25,"enemies":"3 Sentries","floor":13,"turns":12},{"damage":24,"enemies":"Hexaghost","floor":16,"turns":9},{"damage":0,"enemies":"3 Byrds","floor":18,"turns":3},{"damage":10,"enemies":"Spheric Guardian","floor":19,"turns":4},{"damage":0,"enemies":"Slavers","floor":23,"turns":3},{"damage":11,"enemies":"Gremlin Leader","floor":25,"turns":5},{"damage":0,"enemies":"Snecko","floor":27,"turns":3},{"damage":0,"enemies":"Snake Plant","floor":31,"turns":2},{"damage":10,"enemies":"Automaton","floor":33,"turns":7},{"damage":0,"enemies":"3 Darklings","floor":35,"turns":3},{"damage":5,"enemies":"3 Shapes","floor":38,"turns":3},{"damage":0,"enemies":"Maw","floor":39,"turns":6},{"damage":0,"enemies":"Nemesis","floor":40,"turns":3},{"damage":35,"enemies":"Giant Head","floor":42,"turns":7},{"damage":0,"enemies":"Reptomancer","floor":45,"turns":5},{"damage":0,"enemies":"Jaw Worm Horde","floor":47,"turns":2},{"damage":94,"enemies":"Awakened One","floor":50,"turns":9},{"damage":26,"enemies":"Donu and Deca","floor":51,"turns":7}],"seed_played":"45142923149520246","potions_obtained":[{"floor":2,"key":"FearPotion"},{"floor":2,"key":"Ancient Potion"},{"floor":3,"key":"DuplicationPotion"},{"floor":8,"key":"Energy Potion"},{"floor":13,"key":"DistilledChaos"},{"floor":18,"key":"PowerPotion"},{"floor":25,"key":"GamblersBrew"},{"floor":27,"key":"Energy Potion"},{"floor":33,"key":"Fire Potion"},{"floor":38,"key":"Explosive Potion"},{"floor":39,"key":"PowerPotion"},{"floor":45,"key":"SteroidPotion"},{"floor":47,"key":"DuplicationPotion"}],"is_trial":false,"path_per_floor":["M","?","M","M","?","E","?","M","T","E","M","T","E","$","R","B",null,"M","M","?","?","?","E","?","E","T","M","R","?","R","M","R","B",null,"M","?","$","M","M","E","R","E","T","$","E","R","M","$","R","B","B",null],"character_chosen":"IRONCLAD","items_purchased":["Corruption","Dark Embrace","Medical Kit","Bag of Preparation","Potion Belt","BloodPotion","Flame Barrier","Perfected Strike"],"campfire_rested":1,"item_purchase_floors":[14,37,37,44,44,44,44,48],"current_hp_per_floor":[68,68,68,67,67,49,71,74,74,80,86,86,70,70,70,55,81,89,88,88,67,67,76,50,48,48,57,57,57,85,94,94,93,94,94,89,89,97,97,97,97,71,71,71,80,80,89,89,89,33,16],"gold":43,"neow_bonus":"TWENTY_PERCENT_HP_BONUS","is_daily":false,"chose_seed":false,"campfire_upgraded":6,"win_rate":0.0,"timestamp":1610190509,"path_taken":["M","?","?","M","?","E","?","M","T","E","M","?","E","$","R","BOSS","M","M","?","?","?","E","?","E","T","?","R","?","R","M","R","BOSS","M","?","$","M","M","E","R","E","T","$","E","R","M","$","R","BOSS","BOSS"],"items_purchased_type":["Card","Card","Relic","Relic","Relic","Potion","Card","Card"],"build_version":"2020-12-22","purchased_purges":1,"victory":true,"max_hp_per_floor":[89,89,89,89,89,89,89,89,89,89,89,89,89,89,89,89,89,89,89,89,89,89,89,94,94,94,94,94,94,94,94,94,94,94,94,94,94,97,97,97,97,97,97,97,97,97,97,97,97,97,97],"card_choices":[{"not_picked":["Headbutt","Anger"],"picked":"Twin Strike","floor":1},{"not_picked":["True Grit","Carnage"],"picked":"Pommel Strike","floor":3},{"not_picked":["Clash","Perfected Strike"],"picked":"Shrug It Off","floor":4},{"not_picked":["Dropkick","Fire Breathing"],"picked":"Impervious","floor":6},{"not_picked":["Havoc","Twin Strike"],"picked":"Flame Barrier","floor":8},{"not_picked":["Pommel Strike","Headbutt","Iron Wave"],"picked":"SKIP","floor":10},{"not_picked":["Searing Blow","Pommel Strike"],"picked":"Clothesline","floor":11},{"not_picked":["Wild Strike","Pommel Strike"],"picked":"Limit Break","floor":13},{"not_picked":["Corruption","Limit Break"],"picked":"Immolate","floor":16},{"not_picked":["Rupture+1","Burning Pact","Seeing Red"],"picked":"SKIP","floor":18},{"not_picked":["Spot Weakness","Metallicize","Hemokinesis+1"],"picked":"SKIP","floor":19},{"not_picked":["Wild Strike","Spot Weakness","Shrug It Off"],"picked":"SKIP","floor":23},{"not_picked":["Clothesline","Metallicize","Pommel Strike"],"picked":"SKIP","floor":25},{"not_picked":["Intimidate+1","Flex","Clash"],"picked":"SKIP","floor":27},{"not_picked":["Havoc+1","Flex"],"picked":"Barricade","floor":31},{"not_picked":["Juggernaut","Double Tap"],"picked":"Feed","floor":33},{"not_picked":["Second Wind"],"picked":"SKIP","floor":35},{"not_picked":[],"picked":"HandOfGreed","floor":36},{"not_picked":["True Grit"],"picked":"SKIP","floor":38},{"not_picked":["Body Slam"],"picked":"SKIP","floor":39},{"not_picked":["Havoc"],"picked":"SKIP","floor":40},{"not_picked":["Flex+1"],"picked":"SKIP","floor":42},{"not_picked":["Headbutt+1"],"picked":"SKIP","floor":45},{"not_picked":["Infernal Blade+1"],"picked":"SKIP","floor":47}],"player_experience":1336791,"relics_obtained":[{"floor":6,"key":"HornCleat"},{"floor":9,"key":"Self Forming Clay"},{"floor":10,"key":"Paper Frog"},{"floor":12,"key":"Magic Flower"},{"floor":13,"key":"Smiling Mask"},{"floor":21,"key":"Nilry\u0027s Codex"},{"floor":23,"key":"Bronze Scales"},{"floor":25,"key":"Bottled Tornado"},{"floor":26,"key":"Charon\u0027s Ashes"},{"floor":40,"key":"Old Coin"},{"floor":42,"key":"Happy Flower"},{"floor":43,"key":"Whetstone"},{"floor":45,"key":"Ancient Tea Set"}],"event_choices":[{"damage_healed":0,"gold_gain":0,"player_choice":"Bought 2 Potions","damage_taken":0,"max_hp_gain":0,"max_hp_loss":0,"event_name":"The Woman in Blue","floor":2,"gold_loss":0},{"damage_healed":0,"gold_gain":0,"player_choice":"Grow","damage_taken":0,"max_hp_gain":0,"max_hp_loss":0,"event_name":"Living Wall","floor":5,"gold_loss":0,"cards_upgraded":["Bash"]},{"damage_healed":22,"gold_gain":0,"player_choice":"Healed","damage_taken":0,"max_hp_gain":0,"max_hp_loss":0,"event_name":"The Cleric","floor":7,"gold_loss":35},{"cards_removed":["Strike_R"],"damage_healed":0,"gold_gain":0,"player_choice":"Gave Gold","damage_taken":0,"max_hp_gain":0,"max_hp_loss":0,"event_name":"Beggar","floor":20,"gold_loss":75},{"damage_healed":0,"gold_gain":0,"player_choice":"Obtained Book","damage_taken":21,"max_hp_gain":0,"max_hp_loss":0,"event_name":"Cursed Tome","floor":21,"gold_loss":0},{"damage_healed":0,"gold_gain":50,"player_choice":"Stole From Cult","damage_taken":0,"max_hp_gain":0,"max_hp_loss":0,"event_name":"Nest","floor":22,"gold_loss":0},{"damage_healed":0,"gold_gain":0,"player_choice":"Shed Blood","damage_taken":31,"max_hp_gain":5,"max_hp_loss":0,"event_name":"Forgotten Altar","floor":24,"gold_loss":0},{"damage_healed":0,"gold_gain":0,"player_choice":"Simplicity","damage_taken":0,"max_hp_gain":0,"max_hp_loss":0,"event_name":"Back to Basics","floor":29,"gold_loss":0,"cards_upgraded":["Strike_R","Strike_R","Strike_R","Strike_R","Defend_R","Defend_R","Defend_R","Defend_R"]},{"damage_healed":0,"gold_gain":0,"player_choice":"Memory 2","damage_taken":5,"max_hp_gain":0,"max_hp_loss":0,"event_name":"SensoryStone","floor":36,"gold_loss":0}],"is_beta":false,"boss_relics":[{"not_picked":["Runic Cube","Empty Cage"],"picked":"Snecko Eye"},{"not_picked":["Philosopher\u0027s Stone","Velvet Choker"],"picked":"Busted Crown"}],"items_purged_floors":[44],"is_endless":false,"potions_floor_spawned":[3,8,13,18,25,27,33,38,39,45,47],"ascension_level":20}}