{"host":"yuoancq4cku3x8wq","time":1610212998,"event":{"mods":["AchievementEnabler","BaseMod","Minty Spire (QoL Compilation)","Quick Restart","StSLib","SuperFastMode"],"gold_per_floor":[10,22,72,83,98,98,128,145,145,220,220,239,7,40,40,116,116,136,136,136,149,149,174,174,174,174],"floor_reached":25,"playtime":797,"items_purged":["Strike_P"],"score":462,"play_id":"110b52a0-2920-4b4b-a714-5c0b22650259","local_time":"20210110012318","is_ascension_mode":true,"campfire_choices":[{"data":"Eruption","floor":6.0,"key":"SMITH"},{"floor":11.0,"key":"REST"},{"data":"FlurryOfBlows","floor":15.0,"key":"SMITH"}],"circlet_count":0,"master_deck":["AscendersBane","Strike_P","Strike_P","Strike_P","Defend_P","Defend_P","Eruption+1","Vigilance","BowlingBash","Vengeance","Adaptation","ClearTheMind","FearNoEvil","FlurryOfBlows+1","Vault","Crescendo+1","LessonLearned","TalkToTheHand","Ghostly","Ghostly","Ghostly"],"relics":["PureWater","Toy Ornithopter","Juzu Bracelet","PreservedInsect","VioletLotus","Darkstone Periapt"],"acts_visited":["Exordium","TheCity"],"potions_floor_usage":[],"damage_taken":[{"damage":0.0,"enemies":"2 Louse","floor":1.0,"turns":2.0},{"damage":0.0,"enemies":"Cultist","floor":2.0,"turns":2.0},{"damage":4.0,"enemies":"Jaw Worm","floor":4.0,"turns":2.0},{"damage":12.0,"enemies":"Exordium Thugs","floor":5.0,"turns":3.0},{"damage":28.0,"enemies":"Gremlin Nob","floor":7.0,"turns":4.0},{"damage":2.0,"enemies":"3 Louse","floor":8.0,"turns":2.0},{"damage":0.0,"enemies":"Gremlin Gang","floor":12.0,"turns":4.0},{"damage":7.0,"enemies":"3 Sentries","floor":14.0,"turns":5.0},{"damage":26.0,"enemies":"The Guardian","floor":16.0,"turns":6.0},{"damage":12.0,"enemies":"3 Byrds","floor":18.0,"turns":4.0},{"damage":0.0,"enemies":"Chosen","floor":21.0,"turns":5.0},{"damage":12.0,"enemies":"Book of Stabbing","floor":23.0,"turns":4.0},{"damage":24,"enemies":"Slavers","floor":25,"turns":5}],"seed_played":"-4779713782000363786","potions_obtained":[{"floor":4.0,"key":"Ancient Potion"},{"floor":8.0,"key":"FearPotion"},{"floor":12.0,"key":"CultistPotion"},{"floor":21.0,"key":"SteroidPotion"}],"is_trial":false,"path_per_floor":["M","M","?","M","M","R","E","M","T","?","R","M","$","E","R","B",null,"M","?","?","M","?","E","?","E"],"character_chosen":"WATCHER","items_purchased":["Juzu Bracelet"],"campfire_rested":1,"item_purchase_floors":[13],"current_hp_per_floor":[61,61,61,57,45,45,17,15,15,4,24,24,24,17,17,1,51,39,39,39,39,39,27,27,3,3],"gold":174,"neow_bonus":"TRANSFORM_TWO_CARDS","is_daily":false,"chose_seed":false,"campfire_upgraded":2,"win_rate":0.0,"timestamp":1610212998,"path_taken":["M","M","?","?","M","R","E","M","T","?","R","M","$","E","R","BOSS","M","?","?","M","?","E","?","E"],"items_purchased_type":["Relic"],"build_version":"2020-12-22","purchased_purges":1,"victory":false,"max_hp_per_floor":[68,68,68,68,68,68,68,68,68,68,68,68,68,68,68,68,68,68,68,68,68,68,68,34,34,34],"card_choices":[{"not_picked":["Crescendo","BattleHymn","CrushJoints"],"picked":"SKIP","floor":1.0},{"not_picked":["Protect","SignatureMove","Worship"],"picked":"SKIP","floor":2.0},{"not_picked":["Tantrum","Perseverance"],"picked":"Adaptation","floor":4.0},{"not_picked":["Halt","EmptyBody","Wireheading"],"picked":"SKIP","floor":5.0},{"not_picked":["PathToVictory","Halt"],"picked":"ClearTheMind","floor":7.0},{"not_picked":["Consecrate","Meditate"],"picked":"FearNoEvil","floor":8.0},{"not_picked":["ClearTheMind","WindmillStrike"],"picked":"FlurryOfBlows","floor":12.0},{"not_picked":["ForeignInfluence","Halt","JustLucky"],"picked":"SKIP","floor":14.0},{"not_picked":["LessonLearned","Blasphemy"],"picked":"Vault","floor":16.0},{"not_picked":["PathToVictory+1","EmptyFist"],"picked":"Crescendo","floor":18.0},{"not_picked":["PathToVictory","CutThroughFate","LikeWater+1"],"picked":"SKIP","floor":21.0},{"not_picked":["JustLucky","Worship","Wish"],"picked":"SKIP","floor":23.0}],"player_experience":256456,"relics_obtained":[{"floor":7.0,"key":"Toy Ornithopter"},{"floor":14.0,"key":"PreservedInsect"},{"floor":23.0,"key":"Darkstone Periapt"}],"event_choices":[{"damage_healed":0.0,"max_hp_gain":0.0,"max_hp_loss":0.0,"gold_gain":50.0,"event_name":"Golden Shrine","player_choice":"Pray","floor":3.0,"gold_loss":0.0,"damage_taken":0.0},{"damage_healed":0.0,"max_hp_gain":0.0,"max_hp_loss":0.0,"gold_gain":75.0,"event_name":"World of Goop","player_choice":"Gather Gold","floor":10.0,"gold_loss":0.0,"damage_taken":11.0},{"damage_healed":0.0,"max_hp_gain":0.0,"max_hp_loss":0.0,"gold_gain":0.0,"event_name":"Match and Keep!","player_choice":"1 cards matched","floor":19.0,"gold_loss":0.0,"damage_taken":0.0,"cards_obtained":["LessonLearned"]},{"damage_healed":0.0,"max_hp_gain":0.0,"max_hp_loss":0.0,"gold_gain":0.0,"event_name":"The Library","player_choice":"Read","floor":20.0,"gold_loss":0.0,"damage_taken":0.0,"cards_obtained":["TalkToTheHand"]},{"damage_healed":0.0,"max_hp_gain":0.0,"max_hp_loss":0.0,"gold_gain":0.0,"event_name":"The Mausoleum","player_choice":"Ignored","floor":22.0,"gold_loss":0.0,"damage_taken":0.0},{"damage_healed":0.0,"max_hp_gain":0.0,"max_hp_loss":34.0,"gold_gain":0.0,"event_name":"Ghosts","player_choice":"Became a Ghost","floor":24.0,"gold_loss":0.0,"damage_taken":0.0,"cards_obtained":["Ghostly","Ghostly","Ghostly"]}],"is_beta":false,"boss_relics":[{"not_picked":["Tiny House","Coffee Dripper"],"picked":"VioletLotus"}],"items_purged_floors":[13],"is_endless":false,"potions_floor_spawned":[4,8,12,14,21],"killed_by":"Slavers","ascension_level":20}}