{"host":"pno9h1fupbyz205f","time":1610224025,"event":{"mods":["Aspiration","BaseMod","Better Altar","Better Match","Better Note","Better Sensory Stone","Better Skull","Better Third Choice","Colored Map","Colored Powertips","Hubris","Infinite Spire","Jedi Mod","Mad Scientist","Marisa????????","Minty Spire (QoL Compilation)","Permanent Neow","Potionbrewer","Replay The Spire","Shop Mod","Spicy Shops","StSLib","Td1madao Mod","The Blackbeard","The Gatherer","The Hierophant","The Poker Player","The Runesmith","The Servant 0.9.4","thorton","vexMod"],"gold_per_floor":[112,125,135,148,73,73,86,86,139,139,139,139,139,155,155,155,155],"floor_reached":16,"playtime":618,"items_purged":["hierophant:Strike_Hierophant"],"score":92,"play_id":"a04a974e-ca17-4ade-8549-2ed365eb82fa","local_time":"20210109122705","is_ascension_mode":false,"campfire_choices":[{"data":"hierophant:ChurchCoffers","floor":6,"key":"SMITH"},{"floor":8,"key":"REST"},{"data":"hierophant:ArchangelShield","floor":10,"key":"SMITH"},{"data":"Glass Knife","floor":15,"key":"SMITH"}],"circlet_count":0,"master_deck":["hierophant:Strike_Hierophant","hierophant:Strike_Hierophant","hierophant:Defend_Hierophant","hierophant:Defend_Hierophant","hierophant:ChurchCoffers+1","hierophant:ArchangelShield+1","hierophant:OrnateBuckler","Glass Knife+1","jedi:unstablefumes","hubris:Sniper","Injury"],"relics":["hierophant:PropheticMaskRelic","jedi:crownofsimplicity","Molten Egg 2","ReplayTheSpireMod:Ring of Collecting","Ring of Panic"],"acts_visited":["Exordium"],"potions_floor_usage":[2,4,7,16],"damage_taken":[{"damage":12,"enemies":"Cultist","floor":1,"turns":5},{"damage":12,"enemies":"2 Louse","floor":2,"turns":3},{"damage":7,"enemies":"Small Slimes","floor":3,"turns":5},{"damage":21,"enemies":"Exordium Wildlife","floor":4,"turns":8},{"damage":6,"enemies":"Exordium Thugs","floor":7,"turns":5},{"damage":0,"enemies":"Blue Slaver","floor":14,"turns":3},{"damage":43,"enemies":"Hexaghost","floor":16,"turns":11}],"seed_played":"-231791419060290496","potions_obtained":[{"floor":1,"key":"jedi:tentaclejuice"},{"floor":3,"key":"potionbrewer:NoxiousPotion"},{"floor":4,"key":"BlessingOfTheForge"},{"floor":14,"key":"Milkshake"}],"is_trial":false,"path_per_floor":["M","M","M","M","$","R","M","R","T","R","?","?","?","M","R","B"],"character_chosen":"HIEROPHANT","items_purchased":[],"campfire_rested":1,"item_purchase_floors":[],"current_hp_per_floor":[63,51,44,23,23,23,17,39,39,39,39,39,39,39,39,0,0],"gold":155,"neow_bonus":"REMOVE_CARD","is_daily":false,"chose_seed":false,"campfire_upgraded":3,"win_rate":0.0,"timestamp":1610224025,"path_taken":["M","M","M","M","$","R","?","R","T","R","?","?","?","M","R","BOSS"],"items_purchased_type":[],"build_version":"2020-12-22","purchased_purges":1,"victory":false,"max_hp_per_floor":[75,75,75,75,75,75,75,75,75,75,75,75,75,75,75,75,75],"card_choices":[{"not_picked":["hierophant:Embezzle","hierophant:HolyVerse"],"picked":"hierophant:ArchangelShield","floor":1},{"not_picked":["hierophant:Rebuild","hierophant:SealAway","hierophant:DisplayOfPower"],"picked":"SKIP","floor":2},{"not_picked":["hierophant:DisplayOfPower","hierophant:PassingBell","hierophant:MirrorShield"],"picked":"SKIP","floor":3},{"not_picked":["hierophant:PassingBell","hierophant:FlamingChariot","hierophant:Smite"],"picked":"SKIP","floor":4},{"not_picked":["hierophant:MirrorShield","hierophant:Mercenaries"],"picked":"hierophant:OrnateBuckler","floor":7},{"not_picked":["hierophant:Encroach","hierophant:DisplayOfPower+1","hierophant:CursedGold"],"picked":"SKIP","floor":14}],"player_experience":133471,"relics_obtained":[{"floor":9,"key":"jedi:crownofsimplicity"},{"floor":13,"key":"ReplayTheSpireMod:Ring of Collecting"},{"floor":13,"key":"Ring of Panic"}],"event_choices":[],"is_beta":false,"boss_relics":[],"items_purged_floors":[5],"is_endless":false,"potions_floor_spawned":[1,3,4,14],"killed_by":"Hexaghost","ascension_level":0}}