{"host":"ryuep8ewa00k39z9","time":1610158697,"event":{"mods":["AchievementEnabler","BaseMod","Best Route Mod","Colored Map","Colored Powertips","Displayed Cursed Tome","Highlight Path","Minty Spire (QoL Compilation)","Quick Restart","SuperFastMode"],"gold_per_floor":[158,333,333,433,474,474,494,494],"floor_reached":7,"playtime":178,"items_purged":[],"score":59,"play_id":"1e7c5740-79b2-44e0-936e-cc643d6b83b6","local_time":"20210108201817","is_ascension_mode":true,"campfire_choices":[{"floor":6.0,"key":"REST"}],"circlet_count":0,"master_deck":["AscendersBane","Strike_B","Strike_B","Strike_B","Strike_B","Defend_B","Defend_B","Defend_B","Defend_B","Zap","Dualcast","HandOfGreed","Hologram","Doubt","Rebound"],"relics":["Cracked Core","Golden Idol"],"acts_visited":[],"potions_floor_usage":[],"damage_taken":[{"damage":6.0,"enemies":"2 Louse","floor":1.0,"turns":4.0},{"damage":7.0,"enemies":"Jaw Worm","floor":5.0,"turns":2.0},{"damage":42,"enemies":"3 Sentries","floor":7,"turns":6}],"seed_played":"-723774965675253781","potions_obtained":[],"is_trial":false,"path_per_floor":["M","?","?","?","M","R","E"],"character_chosen":"DEFECT","items_purchased":[],"campfire_rested":1,"item_purchase_floors":[],"current_hp_per_floor":[62,62,45,45,38,58,16,16],"gold":494,"neow_bonus":"RANDOM_COLORLESS_2","is_daily":false,"chose_seed":false,"campfire_upgraded":0,"win_rate":0.0,"timestamp":1610158697,"path_taken":["M","?","?","?","?","R","E"],"items_purchased_type":[],"build_version":"2020-12-22","purchased_purges":0,"victory":false,"max_hp_per_floor":[68,68,68,68,68,68,68,68],"card_choices":[{"not_picked":["The Bomb","Mayhem"],"picked":"HandOfGreed","floor":0.0},{"not_picked":["Turbo","Aggregate"],"picked":"Hologram","floor":1.0},{"not_picked":["Gash","Redo"],"picked":"Rebound","floor":5.0}],"player_experience":3942973,"relics_obtained":[],"event_choices":[{"damage_healed":0.0,"max_hp_gain":0.0,"max_hp_loss":0.0,"gold_gain":175.0,"event_name":"Liars Game","player_choice":"AGREE","floor":2.0,"gold_loss":0.0,"damage_taken":0.0,"cards_obtained":["Doubt"]},{"damage_healed":0.0,"max_hp_gain":0.0,"max_hp_loss":0.0,"gold_gain":0.0,"event_name":"Golden Idol","player_choice":"Take Damage","floor":3.0,"gold_loss":0.0,"damage_taken":17.0,"relics_obtained":["Golden Idol"]},{"damage_healed":0.0,"max_hp_gain":0.0,"max_hp_loss":0.0,"gold_gain":100.0,"event_name":"Wheel of Change","player_choice":"Gold","floor":4.0,"gold_loss":0.0,"damage_taken":0.0}],"is_beta":false,"boss_relics":[],"items_purged_floors":[],"is_endless":false,"potions_floor_spawned":[],"killed_by":"3 Sentries","ascension_level":10}}