{"host":"9tzam4717zt8ei1o","time":1610205332,"event":{"mods":["BaseMod","Colored Map","Keyboard Shortcuts","Minty Spire (QoL Compilation)","Quick Restart","StSLib","SuperFastMode"],"gold_per_floor":[112,128,143,143,170,202,202,202,202,202,202],"floor_reached":10,"playtime":90,"items_purged":[],"score":132,"play_id":"934f1a7a-5177-4f47-9b15-a54e9714a097","local_time":"20210110001532","is_ascension_mode":true,"campfire_choices":[{"floor":7.0,"key":"REST"}],"circlet_count":0,"master_deck":["AscendersBane","Strike_G","Strike_G","Strike_G","Strike_G","Defend_G","Defend_G","Defend_G","Defend_G","Defend_G","Survivor","Neutralize","Accuracy","Escape Plan","Eviscerate"],"relics":["Ring of the Snake","NeowsBlessing","Toy Ornithopter","Pen Nib"],"acts_visited":["Exordium"],"potions_floor_usage":[],"damage_taken":[{"damage":0.0,"enemies":"Cultist","floor":1.0,"turns":1.0},{"damage":0.0,"enemies":"2 Louse","floor":2.0,"turns":1.0},{"damage":0.0,"enemies":"Jaw Worm","floor":3.0,"turns":1.0},{"damage":54.0,"enemies":"Gremlin Nob","floor":6.0,"turns":6.0},{"damage":35,"enemies":"Lagavulin","floor":10,"turns":5}],"seed_played":"7453639220773155949","potions_obtained":[{"floor":2.0,"key":"PowerPotion"},{"floor":3.0,"key":"BlessingOfTheForge"}],"is_trial":false,"path_per_floor":["M","M","M","?","T","E","R","?","T","E"],"character_chosen":"THE_SILENT","items_purchased":[],"campfire_rested":1,"item_purchase_floors":[],"current_hp_per_floor":[59,59,59,52,52,8,27,27,27,0,0],"gold":202,"neow_bonus":"THREE_ENEMY_KILL","is_daily":false,"chose_seed":false,"campfire_upgraded":0,"win_rate":0.0,"timestamp":1610205332,"path_taken":["M","?","?","?","?","E","R","?","T","E"],"items_purchased_type":[],"build_version":"2020-12-22","purchased_purges":0,"victory":false,"max_hp_per_floor":[66,66,66,66,66,66,66,66,66,66,66],"card_choices":[{"not_picked":["PiercingWail","Bane"],"picked":"Accuracy","floor":1.0},{"not_picked":["Deadly Poison","Blur"],"picked":"Escape Plan","floor":2.0},{"not_picked":["Blur","Sucker Punch"],"picked":"Eviscerate","floor":3.0},{"not_picked":["Grand Finale","Flying Knee","Caltrops"],"picked":"SKIP","floor":6.0}],"player_experience":171998,"relics_obtained":[{"floor":5.0,"key":"Toy Ornithopter"},{"floor":6.0,"key":"Pen Nib"}],"event_choices":[{"cards_removed":["Strike_G"],"damage_healed":0.0,"max_hp_gain":0.0,"max_hp_loss":0.0,"gold_gain":0.0,"event_name":"Golden Wing","player_choice":"Card Removal","floor":4.0,"gold_loss":0.0,"damage_taken":7.0},{"damage_healed":0,"gold_gain":0,"player_choice":"Searched \u00270\u0027 times","damage_taken":0,"max_hp_gain":0,"max_hp_loss":0,"event_name":"Dead Adventurer","floor":8,"gold_loss":0}],"is_beta":false,"boss_relics":[],"items_purged_floors":[],"is_endless":false,"potions_floor_spawned":[2,3],"killed_by":"Lagavulin","ascension_level":20}}