{"host":"54vghy6hfkyy1r39","time":1610167143,"event":{"mods":["AchievementEnabler","BaseMod","Minty Spire (QoL Compilation)","StSLib","SuperFastMode","everything is the same but u backflip on backflip"],"gold_per_floor":[111,36,51,70,80,111,111,111,161,161,186,211,42,57,57,160,210,230,410,424,440,455,468,480,139,139,139,155,175,175,100,100,196,196,210,69,69,85,101,101,26,37,37,48,83,96,96,96,96,96],"floor_reached":51,"playtime":1381,"items_purged":["Regret","Strike_P","Strike_P+1","Defend_P+1"],"score":818,"play_id":"8d7879af-50af-4698-bc61-702b8763936b","local_time":"20210109133903","is_ascension_mode":false,"campfire_choices":[{"data":"LessonLearned","floor":8.0,"key":"SMITH"},{"floor":10.0,"key":"REST"},{"floor":15.0,"key":"REST"},{"floor":30.0,"key":"REST"},{"floor":32.0,"key":"REST"},{"floor":40,"key":"REST"},{"floor":47,"key":"REST"},{"floor":49,"key":"RECALL"}],"circlet_count":0,"master_deck":["Strike_P+1","Defend_P+1","Defend_P+1","Eruption+1","Vigilance+1","LessonLearned+1","FearNoEvil+1","MentalFortress+1","FlurryOfBlows+1","Adaptation+1","Vault+1","BattleHymn+1","FlurryOfBlows+1","Halt+1","ClearTheMind+1","Adaptation+1","Vault+1","Tantrum+1"],"relics":["PureWater","Shuriken","Damaru","PreservedInsect","Boot","Vajra","Tiny House","Membership Card","Gremlin Horn","Question Card","Anchor","Runic Pyramid","TeardropLocket","Pear","Strawberry"],"acts_visited":["Exordium","TheCity","TheBeyond"],"potions_floor_usage":[38],"damage_taken":[{"damage":7.0,"enemies":"2 Louse","floor":1.0,"turns":2.0},{"damage":2.0,"enemies":"Jaw Worm","floor":3.0,"turns":4.0},{"damage":0.0,"enemies":"Cultist","floor":4.0,"turns":2.0},{"damage":0.0,"enemies":"Exordium Wildlife","floor":5.0,"turns":3.0},{"damage":12.0,"enemies":"Gremlin Nob","floor":6.0,"turns":3.0},{"damage":5.0,"enemies":"3 Sentries","floor":12.0,"turns":4.0},{"damage":20.0,"enemies":"Red Slaver","floor":14.0,"turns":7.0},{"damage":0.0,"enemies":"Slime Boss","floor":16.0,"turns":5.0},{"damage":25.0,"enemies":"3 Byrds","floor":18.0,"turns":5.0},{"damage":7.0,"enemies":"Shell Parasite","floor":20.0,"turns":2.0},{"damage":12.0,"enemies":"Centurion and Healer","floor":21.0,"turns":3.0},{"damage":11.0,"enemies":"Snecko","floor":22.0,"turns":3.0},{"damage":0.0,"enemies":"Chosen and Byrds","floor":23.0,"turns":3.0},{"damage":0.0,"enemies":"Sentry and Sphere","floor":24.0,"turns":4.0},{"damage":0.0,"enemies":"Cultist and Chosen","floor":28.0,"turns":3.0},{"damage":0.0,"enemies":"3 Cultists","floor":29.0,"turns":4.0},{"damage":12,"enemies":"Automaton","floor":33,"turns":7},{"damage":0,"enemies":"3 Shapes","floor":35,"turns":3},{"damage":0,"enemies":"3 Darklings","floor":38,"turns":4},{"damage":40,"enemies":"Writhing Mass","floor":39,"turns":7},{"damage":1,"enemies":"Jaw Worm Horde","floor":42,"turns":4},{"damage":1,"enemies":"Transient","floor":44,"turns":7},{"damage":28,"enemies":"Reptomancer","floor":45,"turns":6},{"damage":3,"enemies":"Sphere and 2 Shapes","floor":46,"turns":5},{"damage":0,"enemies":"Donu and Deca","floor":50,"turns":4}],"seed_played":"-2591814756023385219","potions_obtained":[{"floor":1.0,"key":"FearPotion"},{"floor":4.0,"key":"CultistPotion"},{"floor":6.0,"key":"SpeedPotion"},{"floor":17.0,"key":"CultistPotion"},{"floor":29.0,"key":"SteroidPotion"},{"floor":33,"key":"Energy Potion"},{"floor":35,"key":"Ancient Potion"},{"floor":42,"key":"Strength Potion"},{"floor":44,"key":"GamblersBrew"}],"is_trial":false,"path_per_floor":["M","$","M","M","M","E","?","R","T","R","T","E","$","M","R","B",null,"M","?","M","M","M","M","M","$","T","?","M","M","R","?","R","B",null,"M","$","?","M","M","R","$","M","T","M","E","M","R","?","R","B",null],"character_chosen":"WATCHER","items_purchased":["Adaptation","Membership Card","Gremlin Horn","Adaptation","TeardropLocket"],"campfire_rested":6,"item_purchase_floors":[13,25,25,36,36],"current_hp_per_floor":[65,65,63,63,63,51,48,48,48,69,69,64,64,44,65,65,77,52,33,26,14,3,3,3,3,3,3,3,3,26,26,49,37,77,77,77,77,77,37,60,60,59,69,68,47,44,72,72,72,72],"gold":96,"neow_bonus":"THREE_RARE_CARDS","is_daily":false,"chose_seed":false,"campfire_upgraded":1,"win_rate":0.0,"timestamp":1610167143,"path_taken":["M","$","M","M","M","E","?","R","T","R","?","E","$","?","R","BOSS","M","?","M","M","M","M","?","$","T","?","M","?","R","?","R","BOSS","M","$","?","M","?","R","$","M","T","M","E","M","R","?","R","BOSS"],"items_purchased_type":["Card","Relic","Relic","Card","Relic"],"build_version":"2020-12-22","purchased_purges":4,"victory":true,"max_hp_per_floor":[72,72,72,72,72,72,72,72,72,72,72,72,72,72,72,72,77,77,77,77,77,77,77,77,77,77,77,77,77,77,77,77,77,77,77,77,77,77,77,77,77,77,87,87,94,94,94,94,94,94],"card_choices":[{"not_picked":["DeusExMachina","SpiritShield"],"picked":"LessonLearned","floor":0.0},{"not_picked":["Fasting2","CutThroughFate"],"picked":"FearNoEvil","floor":1.0},{"not_picked":["Wireheading","BowlingBash","EmptyMind"],"picked":"SKIP","floor":3.0},{"not_picked":["Halt","EmptyFist","ClearTheMind"],"picked":"SKIP","floor":4.0},{"not_picked":["Protect","Crescendo"],"picked":"MentalFortress","floor":5.0},{"not_picked":["FollowUp","EmptyBody"],"picked":"FlurryOfBlows","floor":6.0},{"not_picked":["Conclude","LikeWater","FlyingSleeves"],"picked":"SKIP","floor":12.0},{"not_picked":["EmptyFist","FearNoEvil","Crescendo"],"picked":"SKIP","floor":14.0},{"not_picked":["MasterReality","Establishment"],"picked":"Vault","floor":16.0},{"not_picked":["CarveReality","Wireheading+1"],"picked":"BattleHymn+1","floor":18.0},{"not_picked":["SashWhip","Protect"],"picked":"FlurryOfBlows+1","floor":20.0},{"not_picked":["FlurryOfBlows","Protect"],"picked":"Halt+1","floor":21.0},{"not_picked":["Consecrate","CrushJoints","BowlingBash+1"],"picked":"SKIP","floor":22.0},{"not_picked":["Evaluate","Protect","Wireheading"],"picked":"SKIP","floor":23.0},{"not_picked":["ClearTheMind","Fasting2","Meditate"],"picked":"SKIP","floor":24.0},{"not_picked":["FlyingSleeves","BattleHymn","FearNoEvil","Halt"],"picked":"SKIP","floor":28.0},{"not_picked":["Devotion","Worship","Nirvana","Prostrate"],"picked":"SKIP","floor":29.0},{"not_picked":["Halt","SashWhip+1","EmptyFist+1"],"picked":"ClearTheMind+1","floor":35},{"not_picked":["BowlingBash","Conclude","Weave","EmptyFist+1"],"picked":"SKIP","floor":38},{"not_picked":["WheelKick","EmptyFist","Weave+1","Fasting2+1"],"picked":"SKIP","floor":39},{"not_picked":["Protect","WaveOfTheHand+1","Study+1"],"picked":"Vault","floor":42},{"not_picked":["WaveOfTheHand+1","Consecrate+1","LikeWater+1","CutThroughFate+1"],"picked":"SKIP","floor":44},{"not_picked":["EmptyFist","Evaluate+1","SashWhip","Conclude+1"],"picked":"SKIP","floor":45},{"not_picked":["FollowUp+1","Vengeance+1","FlurryOfBlows+1"],"picked":"Tantrum+1","floor":46}],"player_experience":196261,"relics_obtained":[{"floor":6.0,"key":"Shuriken"},{"floor":9.0,"key":"PreservedInsect"},{"floor":11.0,"key":"Boot"},{"floor":12.0,"key":"Vajra"},{"floor":26.0,"key":"Question Card"},{"floor":43,"key":"Pear"},{"floor":45,"key":"Strawberry"}],"event_choices":[{"damage_healed":0.0,"max_hp_gain":0.0,"max_hp_loss":0.0,"gold_gain":0.0,"event_name":"Scrap Ooze","player_choice":"Success","floor":7.0,"gold_loss":0.0,"damage_taken":3.0,"relics_obtained":["Damaru"]},{"damage_healed":0.0,"max_hp_gain":0.0,"max_hp_loss":0.0,"gold_gain":180.0,"event_name":"Knowing Skull","player_choice":"GOLD GOLD ","floor":19.0,"potions_obtained":[],"gold_loss":0.0,"damage_taken":19.0,"cards_obtained":[]},{"damage_healed":0.0,"max_hp_gain":0.0,"max_hp_loss":0.0,"gold_gain":0.0,"event_name":"WeMeetAgain","player_choice":"Gave Potion","floor":27.0,"gold_loss":0.0,"damage_taken":0.0,"relics_obtained":["Anchor"]},{"cards_removed":["Strike_P"],"damage_healed":0.0,"max_hp_gain":0.0,"max_hp_loss":0.0,"gold_gain":0.0,"event_name":"Beggar","player_choice":"Gave Gold","floor":31.0,"gold_loss":75.0,"damage_taken":0.0},{"damage_healed":0,"gold_gain":0,"player_choice":"Ignored","damage_taken":0,"max_hp_gain":0,"max_hp_loss":0,"event_name":"NoteForYourself","floor":37,"gold_loss":0},{"cards_removed":["Defend_P"],"damage_healed":0,"gold_gain":0,"player_choice":"Purged","damage_taken":0,"max_hp_gain":0,"max_hp_loss":0,"event_name":"Purifier","floor":48,"gold_loss":0}],"is_beta":false,"boss_relics":[{"not_picked":["VioletLotus","Busted Crown"],"picked":"Tiny House"},{"not_picked":["Calling Bell","SacredBark"],"picked":"Runic Pyramid"}],"items_purged_floors":[2,13,25,41],"is_endless":false,"potions_floor_spawned":[1,4,6,18,22,29,33,35,42,44],"ascension_level":0}}