{"host":"pno9h1fupbyz205f","time":1610228271,"event":{"mods":["Aspiration","BaseMod","Better Altar","Better Match","Better Note","Better Sensory Stone","Better Skull","Better Third Choice","Colored Map","Colored Powertips","Hubris","Infinite Spire","Jedi Mod","Mad Scientist","Marisa????????","Minty Spire (QoL Compilation)","Permanent Neow","Potionbrewer","Replay The Spire","Shop Mod","Spicy Shops","StSLib","Td1madao Mod","The Blackbeard","The Gatherer","The Hierophant","The Poker Player","The Runesmith","The Servant 0.9.4","thorton","vexMod"],"gold_per_floor":[119,119,44,19,19,19,52,52,52,52,64,81,81,94,94,195,195,209,309,269,38,53,53,85,85,130,130,142,166,166,177,177,177,177,177],"floor_reached":33,"playtime":905,"items_purged":["blackbeard:BlackbeardStrike","blackbeard:BlackbeardStrike"],"score":263,"play_id":"b560efe1-0a3b-4dfc-b297-f21bc40f8f76","local_time":"20210109133751","is_ascension_mode":false,"campfire_choices":[{"data":"blackbeard:Eyepatch","floor":6,"key":"SMITH"},{"data":"blackbeard:Halberd","floor":8,"key":"SMITH"},{"floor":10,"key":"REST"},{"data":"blackbeard:BeatUp","floor":13,"key":"SMITH"},{"data":"blackbeard:IntimidatingStrike","floor":15,"key":"SMITH"},{"data":"Bandage Up","floor":23,"key":"SMITH"},{"data":"blackbeard:WeaponProficiency","floor":25,"key":"SMITH"},{"data":"blackbeard:WiseDefense","floor":27,"key":"SMITH"},{"floor":32,"key":"REST"}],"circlet_count":0,"master_deck":["blackbeard:BlackbeardStrike","blackbeard:BlackbeardStrike","blackbeard:IntimidatingStrike+1","blackbeard:BlackbeardDefend","blackbeard:BlackbeardDefend","blackbeard:BlackbeardDefend","blackbeard:Eyepatch+1","blackbeard:Halberd+1","blackbeard:BeatUp+1","blackbeard:TerrorOfTheSeas","blackbeard:PirateStrength","blackbeard:WiseDefense+1","Bandage Up+1","blackbeard:Shrapnel","blackbeard:PowderKeg","blackbeard:WeaponProficiency+1","blackbeard:GoldenStrike+1","blackbeard:SmithingHammer+1","infinitespire:NeuralNetwork","blackbeard:GoldenStrike"],"relics":["blackbeard:LoadTheCannons","ReplayFunnel","Runesmith:AutoHammer","Replay:Bottled Flurry","hubris:Stopwatch","Lantern","blackbeard:CannonballsOfSteel","aspiration:AnachronicSnailShell","thethorton:BottledFunds"],"acts_visited":["Exordium","TheCity"],"potions_floor_usage":[16,16,17,22,24,29,29],"damage_taken":[{"damage":0,"enemies":"Small Slimes","floor":1,"turns":4},{"damage":37,"enemies":"Gremlin Nob","floor":7,"turns":5},{"damage":0,"enemies":"Cultist","floor":11,"turns":2},{"damage":6,"enemies":"Jaw Worm","floor":12,"turns":2},{"damage":3,"enemies":"Large Slime","floor":14,"turns":4},{"damage":23,"enemies":"The Guardian","floor":16,"turns":7},{"damage":6,"enemies":"Chosen","floor":18,"turns":3},{"damage":21,"enemies":"2 Thieves","floor":22,"turns":4},{"damage":19,"enemies":"Slavers","floor":24,"turns":4},{"damage":29,"enemies":"Centurion and Healer","floor":28,"turns":4},{"damage":7,"enemies":"Snecko","floor":29,"turns":3},{"damage":25,"enemies":"Snake Plant","floor":31,"turns":4},{"damage":73,"enemies":"Pondfish","floor":33,"turns":8}],"seed_played":"-4708566015169518042","potions_obtained":[{"floor":11,"key":"Explosive Potion"},{"floor":14,"key":"potionbrewer:ToxicPotion"},{"floor":16,"key":"Fruit Juice"},{"floor":20,"key":"SmokeBomb"},{"floor":20,"key":"Milkshake"},{"floor":20,"key":"jedi:holywater"},{"floor":22,"key":"Explosive Potion"},{"floor":28,"key":"potionbrewer:MidasPotion"}],"is_trial":false,"path_per_floor":["M","?","$","?","?","R","E","R","T","R","M","M","R","M","R","B",null,"M","?","?","$","M","R","E","R","T","R","M","M","AVR","M","R_BF","B"],"character_chosen":"BLACKBEARD_CLASS","items_purchased":["Bandage Up","blackbeard:Shrapnel"],"campfire_rested":2,"item_purchase_floors":[21,21],"current_hp_per_floor":[75,75,75,75,75,75,38,38,38,60,60,54,54,51,51,28,80,74,74,74,74,59,59,50,50,50,50,31,34,34,29,53,0,0,0],"gold":177,"neow_bonus":"RANDOM_COMMON_RELIC","is_daily":false,"chose_seed":false,"campfire_upgraded":7,"win_rate":0.0,"timestamp":1610228271,"path_taken":["M","?","$","?","?","R","E","R","T","R","?","M","R","?","R","BOSS","M","?","?","?","?","R","E","R","T","R","M","?","AVR","M","R_BF","BOSS"],"items_purchased_type":["Card","Card"],"build_version":"2020-12-22","purchased_purges":2,"victory":false,"max_hp_per_floor":[75,75,75,75,75,75,75,75,75,75,75,75,75,75,75,75,80,80,80,80,80,80,80,80,80,80,80,80,80,80,80,80,80,80,80],"card_choices":[{"not_picked":["blackbeard:FieryDefense","blackbeard:Fencing"],"picked":"blackbeard:Eyepatch","floor":1},{"not_picked":["blackbeard:RemoveScurvy","blackbeard:GhostInTheRum"],"picked":"blackbeard:Halberd","floor":7},{"not_picked":["blackbeard:Spear","blackbeard:Sword","blackbeard:Sharpening"],"picked":"SKIP","floor":11},{"not_picked":["blackbeard:Dagger","blackbeard:RearmingStrike"],"picked":"blackbeard:BeatUp","floor":12},{"not_picked":["blackbeard:Toast","blackbeard:Spear"],"picked":"blackbeard:TerrorOfTheSeas","floor":14},{"not_picked":["blackbeard:Halberd","blackbeard:GoldenGuillotine"],"picked":"blackbeard:PirateStrength","floor":16},{"not_picked":["blackbeard:Sword","blackbeard:GoldenDefense+1"],"picked":"blackbeard:WiseDefense","floor":18},{"not_picked":["blackbeard:WiseDefense","blackbeard:BeatUp"],"picked":"blackbeard:PowderKeg","floor":22},{"not_picked":["blackbeard:SwordDance","blackbeard:GoldenStrike"],"picked":"blackbeard:WeaponProficiency","floor":24},{"not_picked":["blackbeard:Scrap","blackbeard:WeaponProficiency"],"picked":"blackbeard:GoldenStrike+1","floor":28},{"not_picked":["blackbeard:Toast","blackbeard:DelayedPain"],"picked":"blackbeard:SmithingHammer+1","floor":29},{"not_picked":["blackbeard:SwordDance+1","blackbeard:PiratesWill"],"picked":"blackbeard:GoldenStrike","floor":31}],"player_experience":137353,"relics_obtained":[{"floor":7,"key":"Runesmith:AutoHammer"},{"floor":9,"key":"Replay:Bottled Flurry"},{"floor":24,"key":"Lantern"},{"floor":26,"key":"blackbeard:CannonballsOfSteel"}],"event_choices":[{"cards_removed":["blackbeard:BlackbeardDefend"],"damage_healed":0,"gold_gain":0,"player_choice":"Purged","damage_taken":0,"max_hp_gain":0,"max_hp_loss":0,"event_name":"Purifier","floor":5,"gold_loss":0},{"damage_healed":0,"gold_gain":100,"player_choice":"Pray","damage_taken":0,"max_hp_gain":0,"max_hp_loss":0,"event_name":"Golden Shrine","floor":19,"gold_loss":0},{"damage_healed":0,"gold_gain":0,"player_choice":"Bought 3 Potions","damage_taken":0,"max_hp_gain":0,"max_hp_loss":0,"event_name":"The Woman in Blue","floor":20,"gold_loss":0}],"is_beta":false,"boss_relics":[{"not_picked":["Runic Dome","Replay:Ancient Bell"],"picked":"hubris:Stopwatch"}],"items_purged_floors":[3,30],"is_endless":false,"potions_floor_spawned":[11,14,16,22,28],"killed_by":"Pondfish","ascension_level":0}}