{"host":"sav7uxregyirlf69","time":1610203310,"event":{"mods":["AchievementEnabler","BaseMod","Colored Map","DeckTracker","Keyboard Shortcuts","Minty Spire (QoL Compilation)","READ ME - Guardian Mod","StSLib","SuperFastMode"],"gold_per_floor":[117,117,130,130,149,181,199,199,199,230,230,61,92,116,116,116,116],"floor_reached":16,"playtime":275,"items_purged":[],"score":240,"play_id":"8b0c80c0-3660-4987-a332-96b5c6446a6a","local_time":"20210109234150","is_ascension_mode":true,"campfire_choices":[{"floor":8,"key":"REST"},{"data":"Neutralize","floor":15,"key":"SMITH"}],"circlet_count":0,"master_deck":["AscendersBane","Strike_G","Strike_G","Strike_G","Strike_G","Strike_G","Defend_G","Defend_G","Defend_G","Defend_G","Defend_G","Survivor","Neutralize+1","Noxious Fumes","Poisoned Stab","Escape Plan","Tactician","Deadly Poison","Blur"],"relics":["Ring of the Snake","NeowsBlessing","Regal Pillow","White Beast Statue","Lantern","Golden Idol","Bag of Preparation","Akabeko"],"acts_visited":["Exordium"],"potions_floor_usage":[6,10,13,16],"damage_taken":[{"damage":0,"enemies":"2 Louse","floor":1,"turns":1},{"damage":0,"enemies":"Jaw Worm","floor":3,"turns":1},{"damage":0,"enemies":"Cultist","floor":5,"turns":1},{"damage":22,"enemies":"3 Sentries","floor":6,"turns":8},{"damage":9,"enemies":"Large Slime","floor":7,"turns":8},{"damage":29,"enemies":"Gremlin Nob","floor":10,"turns":4},{"damage":9,"enemies":"3 Sentries","floor":13,"turns":7},{"damage":8,"enemies":"Blue Slaver","floor":14,"turns":3},{"damage":25,"enemies":"Hexaghost","floor":16,"turns":9}],"seed_played":"-4122463518667594398","potions_obtained":[{"floor":3,"key":"BlessingOfTheForge"},{"floor":4,"key":"FairyPotion"},{"floor":6,"key":"Swift Potion"},{"floor":7,"key":"PowerPotion"},{"floor":10,"key":"Block Potion"},{"floor":13,"key":"EssenceOfSteel"},{"floor":14,"key":"Block Potion"}],"is_trial":false,"path_per_floor":["M","?","M","?","M","E","M","R","T","E","?","$","E","M","R","B"],"character_chosen":"THE_SILENT","items_purchased":["Bag of Preparation"],"campfire_rested":1,"item_purchase_floors":[12],"current_hp_per_floor":[59,48,48,48,48,26,17,51,51,22,22,22,13,5,5,0,0],"gold":116,"neow_bonus":"THREE_ENEMY_KILL","is_daily":false,"chose_seed":false,"campfire_upgraded":1,"win_rate":0.0,"timestamp":1610203310,"path_taken":["M","?","M","?","?","E","M","R","T","E","?","$","E","M","R","BOSS"],"items_purchased_type":["Relic"],"build_version":"2020-12-22","purchased_purges":0,"victory":false,"max_hp_per_floor":[66,66,66,66,66,66,66,66,66,66,60,60,60,60,60,60,60],"card_choices":[{"not_picked":["Underhanded Strike","Outmaneuver"],"picked":"Noxious Fumes","floor":1},{"not_picked":["Expertise","Leg Sweep"],"picked":"Poisoned Stab","floor":3},{"not_picked":["Riddle With Holes","Backflip"],"picked":"Escape Plan","floor":5},{"not_picked":["Catalyst","Dash"],"picked":"Tactician","floor":6},{"not_picked":["Dodge and Roll","Catalyst"],"picked":"Deadly Poison","floor":7},{"not_picked":["Tactician","Backflip","Cloak And Dagger"],"picked":"SKIP","floor":10},{"not_picked":["Dagger Spray","Venomology","Dodge and Roll"],"picked":"SKIP","floor":13},{"not_picked":["Dodge and Roll","Endless Agony"],"picked":"Blur","floor":14}],"player_experience":1216957,"relics_obtained":[{"floor":6,"key":"White Beast Statue"},{"floor":10,"key":"Lantern"},{"floor":13,"key":"Akabeko"}],"event_choices":[{"damage_healed":0,"gold_gain":0,"player_choice":"Success","damage_taken":11,"relics_obtained":["Regal Pillow"],"max_hp_gain":0,"max_hp_loss":0,"event_name":"Scrap Ooze","floor":2,"gold_loss":0},{"damage_healed":0,"gold_gain":0,"player_choice":"Got Potions","damage_taken":0,"max_hp_gain":0,"max_hp_loss":0,"event_name":"Lab","floor":4,"gold_loss":0},{"damage_healed":0,"gold_gain":0,"player_choice":"Lose Max HP","damage_taken":0,"relics_obtained":["Golden Idol"],"max_hp_gain":0,"max_hp_loss":6,"event_name":"Golden Idol","floor":11,"gold_loss":0}],"is_beta":false,"boss_relics":[],"items_purged_floors":[],"is_endless":false,"potions_floor_spawned":[3,6,7,10,13,14],"killed_by":"Hexaghost","ascension_level":20}}