{"host":"yuoancq4cku3x8wq","time":1610213790,"event":{"mods":["AchievementEnabler","BaseMod","Minty Spire (QoL Compilation)","Quick Restart","StSLib","SuperFastMode"],"gold_per_floor":[112,125,125,50,70,70,95,110,110,126,146,181,181,196,196,272,272,284,300,300,330,63,97,97,97,97],"floor_reached":25,"playtime":498,"items_purged":["Defend_P","Defend_P"],"score":516,"play_id":"fe48a497-e877-454b-8d53-4b497ba9390a","local_time":"20210110013630","is_ascension_mode":true,"campfire_choices":[{"data":"Eruption","floor":6.0,"key":"SMITH"},{"data":"CrushJoints","floor":13.0,"key":"SMITH"},{"data":"CutThroughFate","floor":15.0,"key":"SMITH"}],"circlet_count":0,"master_deck":["AscendersBane","Strike_P","Strike_P","Strike_P","Strike_P","Defend_P","Defend_P","Eruption+1","Vigilance","CrushJoints+1","CutThroughFate+1","ClearTheMind","EmptyFist","Ragnarok","Pray","Devotion"],"relics":["PureWater","NeowsBlessing","Singing Bowl","Mercury Hourglass","Matryoshka","Runic Dome","Red Mask","Medical Kit","Bag of Preparation"],"acts_visited":["Exordium","TheCity"],"potions_floor_usage":[],"damage_taken":[{"damage":0.0,"enemies":"Jaw Worm","floor":1.0,"turns":1.0},{"damage":0.0,"enemies":"Cultist","floor":2.0,"turns":1.0},{"damage":0.0,"enemies":"Small Slimes","floor":5.0,"turns":1.0},{"damage":34.0,"enemies":"Lagavulin","floor":7.0,"turns":7.0},{"damage":12.0,"enemies":"Exordium Wildlife","floor":8.0,"turns":3.0},{"damage":0.0,"enemies":"2 Fungi Beasts","floor":10.0,"turns":2.0},{"damage":10.0,"enemies":"Exordium Thugs","floor":11.0,"turns":3.0},{"damage":3.0,"enemies":"Gremlin Nob","floor":12.0,"turns":3.0},{"damage":0.0,"enemies":"Looter","floor":14.0,"turns":1.0},{"damage":11.0,"enemies":"Hexaghost","floor":16.0,"turns":7.0},{"damage":0.0,"enemies":"Chosen","floor":18.0,"turns":2.0},{"damage":12.0,"enemies":"2 Thieves","floor":19.0,"turns":2.0},{"damage":12.0,"enemies":"Masked Bandits","floor":21.0,"turns":2.0},{"damage":0.0,"enemies":"Book of Stabbing","floor":23.0,"turns":2.0},{"damage":48,"enemies":"Gremlin Leader","floor":25,"turns":3}],"seed_played":"3360686474260465447","potions_obtained":[{"floor":1.0,"key":"LiquidBronze"},{"floor":3.0,"key":"CultistPotion"},{"floor":3.0,"key":"Fruit Juice"},{"floor":7.0,"key":"Fire Potion"},{"floor":8.0,"key":"EntropicBrew"},{"floor":10.0,"key":"StancePotion"},{"floor":16.0,"key":"Strength Potion"},{"floor":19.0,"key":"FearPotion"},{"floor":21.0,"key":"Strength Potion"}],"is_trial":false,"path_per_floor":["M","M","?","$","M","R","E","M","T","M","M","E","R","M","R","B",null,"M","M","?","?","$","E","?","E"],"character_chosen":"WATCHER","items_purchased":["Medical Kit"],"campfire_rested":0,"item_purchase_floors":[22],"current_hp_per_floor":[61,61,66,66,66,66,32,22,22,22,14,11,11,13,13,2,60,62,52,52,40,40,40,40,0,0],"gold":97,"neow_bonus":"THREE_ENEMY_KILL","is_daily":false,"chose_seed":false,"campfire_upgraded":3,"win_rate":0.0,"timestamp":1610213790,"path_taken":["M","M","?","$","?","R","E","?","T","M","M","E","R","?","R","BOSS","M","M","?","?","$","E","?","E"],"items_purchased_type":["Relic"],"build_version":"2020-12-22","purchased_purges":2,"victory":false,"max_hp_per_floor":[68,68,73,73,73,73,73,75,75,75,77,77,77,79,79,79,79,81,83,83,83,83,83,83,83,83],"card_choices":[{"not_picked":["Study","Nirvana","SashWhip"],"picked":"SKIP","floor":1.0},{"not_picked":["WaveOfTheHand","Protect","FollowUp"],"picked":"SKIP","floor":2.0},{"not_picked":["ForeignInfluence","FollowUp"],"picked":"CrushJoints","floor":5.0},{"not_picked":["FlurryOfBlows","ThirdEye"],"picked":"CutThroughFate","floor":7.0},{"not_picked":["Prostrate","Study","EmptyMind"],"picked":"Singing Bowl","floor":8.0},{"not_picked":["Protect","Establishment"],"picked":"ClearTheMind","floor":10.0},{"not_picked":["Halt","SignatureMove","SashWhip"],"picked":"Singing Bowl","floor":11.0},{"not_picked":["Omniscience","Sanctity"],"picked":"EmptyFist","floor":12.0},{"not_picked":["Weave","ThirdEye","Prostrate"],"picked":"Singing Bowl","floor":14.0},{"not_picked":["LessonLearned","ConjureBlade"],"picked":"Ragnarok","floor":16.0},{"not_picked":["FlurryOfBlows","EmptyBody","Consecrate"],"picked":"Singing Bowl","floor":18.0},{"not_picked":["ClearTheMind+1","CutThroughFate","CrushJoints"],"picked":"Singing Bowl","floor":19.0},{"not_picked":["BowlingBash","Establishment"],"picked":"Pray","floor":21.0},{"not_picked":["FlurryOfBlows","FollowUp"],"picked":"Devotion","floor":23.0}],"player_experience":257257,"relics_obtained":[{"floor":7.0,"key":"Singing Bowl"},{"floor":9.0,"key":"Mercury Hourglass"},{"floor":12.0,"key":"Matryoshka"},{"floor":21.0,"key":"Red Mask"},{"floor":23.0,"key":"Bag of Preparation"}],"event_choices":[{"damage_healed":0.0,"max_hp_gain":0.0,"max_hp_loss":0.0,"gold_gain":0.0,"event_name":"Lab","player_choice":"Got Potions","floor":3.0,"gold_loss":0.0,"damage_taken":0.0},{"damage_healed":0.0,"max_hp_gain":0.0,"max_hp_loss":0.0,"gold_gain":0.0,"event_name":"Cursed Tome","player_choice":"Ignored","floor":20.0,"gold_loss":0.0,"damage_taken":0.0},{"damage_healed":0.0,"max_hp_gain":0.0,"max_hp_loss":0.0,"gold_gain":0.0,"event_name":"Masked Bandits","player_choice":"Fought Bandits","floor":21.0,"gold_loss":0.0,"damage_taken":0.0},{"damage_healed":0.0,"max_hp_gain":0.0,"max_hp_loss":0.0,"gold_gain":0.0,"event_name":"The Mausoleum","player_choice":"Ignored","floor":24.0,"gold_loss":0.0,"damage_taken":0.0}],"is_beta":false,"boss_relics":[{"not_picked":["Calling Bell","Empty Cage"],"picked":"Runic Dome"}],"items_purged_floors":[4,22],"is_endless":false,"potions_floor_spawned":[1,7,8,10,16,19,21],"killed_by":"Gremlin Leader","ascension_level":20}}