{"host":"xkmvu47k9fdstweo","time":1610157144,"event":{"mods":["BaseMod","Colored Map","Conspire","Hubris","Minty Spire (QoL Compilation)","Quick Restart","Railgun Mod","Shop Mod","StSLib","The Alterego","The Servant 0.9.4","The Wild Card","TheBandit","WarShipGirlsR/??è≠èóR mod","vexMod"],"gold_per_floor":[117,67,77,252,105,130,130,158,158,186,186,201,201,220,220,320,320,320,320],"floor_reached":18,"playtime":526,"items_purged":["Doubt"],"score":260,"play_id":"354702d3-1bd5-4052-b7f6-0602fd0f1c9c","local_time":"20210108205224","is_ascension_mode":true,"campfire_choices":[{"floor":7,"key":"REST"},{"floor":11,"key":"REST"},{"data":"Malaise","floor":15,"key":"SMITH"}],"circlet_count":0,"master_deck":["AscendersBane","Strike_G","Strike_G","Strike_G","Strike_G","Strike_G","Defend_G","Defend_G","Defend_G","Defend_G","Defend_G","Survivor","Neutralize","Acrobatics","Poisoned Stab","Underhanded Strike","Malaise+1","Crippling Poison","Calculated Gamble","Quick Slash","Poisoned Stab","Venomology"],"relics":["Sozu","Ancient Tea Set","White Beast Statue","MealTicket","Odd Mushroom","Black Star"],"acts_visited":["Exordium","TheCity"],"potions_floor_usage":[],"damage_taken":[{"damage":0,"enemies":"Cultist","floor":1,"turns":4},{"damage":0,"enemies":"2 Louse","floor":3,"turns":3},{"damage":44,"enemies":"Gremlin Nob","floor":6,"turns":6},{"damage":20,"enemies":"3 Sentries","floor":8,"turns":12},{"damage":10,"enemies":"The Mushroom Lair","floor":10,"turns":6},{"damage":1,"enemies":"Small Slimes","floor":12,"turns":3},{"damage":6,"enemies":"Red Slaver","floor":14,"turns":5},{"damage":22,"enemies":"Hexaghost","floor":16,"turns":12},{"damage":20,"enemies":"Shell Parasite","floor":18,"turns":6}],"seed_played":"-2845998592542862763","potions_obtained":[],"is_trial":false,"path_per_floor":["M","$","M","?","$","E","R","E","T","?","R","M","?","M","R","B",null,"M"],"character_chosen":"THE_SILENT","items_purchased":["Poisoned Stab","Malaise"],"campfire_rested":2,"item_purchase_floors":[2,5],"current_hp_per_floor":[63,63,63,63,63,19,40,20,20,10,31,30,70,64,64,42,63,43,43],"gold":320,"neow_bonus":"BOSS_RELIC","is_daily":false,"chose_seed":false,"campfire_upgraded":1,"win_rate":0.0,"timestamp":1610157144,"path_taken":["M","$","M","?","$","E","R","E","T","?","R","M","?","M","R","BOSS","M"],"items_purchased_type":["Card","Card"],"build_version":"2020-12-22","purchased_purges":1,"victory":false,"max_hp_per_floor":[70,70,70,70,70,70,70,70,70,70,70,70,70,70,70,70,70,70,70],"card_choices":[{"not_picked":["Cloak And Dagger","Endless Agony"],"picked":"Acrobatics","floor":1},{"not_picked":["PiercingWail","Blade Dance"],"picked":"Underhanded Strike","floor":3},{"not_picked":["hubris:SlightOfHand","Terror"],"picked":"conspire:PoisonWeapons","floor":6},{"not_picked":["Tactician","Dodge and Roll"],"picked":"Crippling Poison","floor":8},{"not_picked":["Reflex","Masterful Stab"],"picked":"Calculated Gamble","floor":10},{"not_picked":["Acrobatics","Terror"],"picked":"Quick Slash","floor":12},{"not_picked":["Blade Dance","Quick Slash"],"picked":"Poisoned Stab","floor":14},{"not_picked":["Burst","Malaise"],"picked":"Venomology","floor":16}],"player_experience":359504,"relics_obtained":[{"floor":6,"key":"Ancient Tea Set"},{"floor":8,"key":"White Beast Statue"},{"floor":9,"key":"MealTicket"},{"floor":10,"key":"Odd Mushroom"}],"event_choices":[{"damage_healed":0,"gold_gain":175,"player_choice":"AGREE","damage_taken":0,"max_hp_gain":0,"max_hp_loss":0,"event_name":"Liars Game","floor":4,"gold_loss":0,"cards_obtained":["Doubt"]},{"damage_healed":0,"gold_gain":0,"player_choice":"Fought Mushrooms","damage_taken":0,"max_hp_gain":0,"max_hp_loss":0,"event_name":"Mushrooms","floor":10,"gold_loss":0},{"cards_removed":["conspire:PoisonWeapons"],"damage_healed":40,"gold_gain":0,"player_choice":"Offered Uncommon","damage_taken":0,"max_hp_gain":0,"max_hp_loss":0,"event_name":"Bonfire Elementals","floor":13,"gold_loss":0}],"is_beta":false,"boss_relics":[{"not_picked":["conspire:RoyalGoblet","conspire:SeveredTorchhead"],"picked":"Black Star"}],"items_purged_floors":[5],"is_endless":false,"potions_floor_spawned":[1,10,12,14,16],"killed_by":"Shell Parasite","ascension_level":11}}