{"host":"bbjnqymry46jz0fa","time":1610203314,"event":{"mods":["BaseMod","DeckTracker","Minty Spire (QoL Compilation)","Quick Restart","StSLib","SuperFastMode"],"gold_per_floor":[113,130,145,157,157,157,170,229,252,252,270,286,286,296,296,370,370,386,405,79,79,79,79,79],"floor_reached":23,"playtime":547,"items_purged":["Searing Blow"],"score":420,"play_id":"ca85fc32-ff03-450b-8b14-d4bf5b679762","local_time":"20210109234154","is_ascension_mode":true,"campfire_choices":[{"data":"Shockwave","floor":6.0,"key":"SMITH"},{"data":"Bash","floor":10.0,"key":"SMITH"},{"data":"Evolve","floor":13.0,"key":"SMITH"},{"data":"Reckless Charge","floor":15.0,"key":"SMITH"}],"circlet_count":0,"master_deck":["AscendersBane","Bash+1","Cleave","Reckless Charge+1","Shockwave+1","Battle Trance","Evolve+1","Impervious","Entrench","Offering","Warcry","Combust","Havoc","Spot Weakness","Double Tap","Shrug It Off","Rupture","Shrug It Off","Rupture","Sword Boomerang"],"relics":["Burning Blood","Whetstone","Orichalcum","Pandora\u0027s Box"],"acts_visited":["Exordium","TheCity"],"potions_floor_usage":[23],"damage_taken":[{"damage":14.0,"enemies":"Jaw Worm","floor":1.0,"turns":4.0},{"damage":11.0,"enemies":"Small Slimes","floor":2.0,"turns":3.0},{"damage":1.0,"enemies":"Cultist","floor":3.0,"turns":3.0},{"damage":5.0,"enemies":"Gremlin Gang","floor":4.0,"turns":3.0},{"damage":14.0,"enemies":"Blue Slaver","floor":7.0,"turns":4.0},{"damage":42.0,"enemies":"Gremlin Nob","floor":8.0,"turns":5.0},{"damage":5.0,"enemies":"Looter","floor":11.0,"turns":3.0},{"damage":17.0,"enemies":"Large Slime","floor":12.0,"turns":5.0},{"damage":15.0,"enemies":"Exordium Thugs","floor":14.0,"turns":4.0},{"damage":26.0,"enemies":"Hexaghost","floor":16.0,"turns":9.0},{"damage":10.0,"enemies":"2 Thieves","floor":18.0,"turns":3.0},{"damage":15.0,"enemies":"Shell Parasite","floor":19.0,"turns":4.0},{"damage":68,"enemies":"Gremlin Leader","floor":23,"turns":5}],"seed_played":"-5017834462743452190","potions_obtained":[{"floor":1.0,"key":"DistilledChaos"},{"floor":3.0,"key":"FairyPotion"},{"floor":14.0,"key":"Ancient Potion"}],"is_trial":false,"path_per_floor":["M","M","M","M","?","R","M","?","T","R","M","M","R","M","R","B",null,"M","M","$","?","?","E"],"character_chosen":"IRONCLAD","items_purchased":["Shrug It Off","Regen Potion","Rupture","Sword Boomerang"],"campfire_rested":0,"item_purchase_floors":[20,20,20,20],"current_hp_per_floor":[60,55,60,61,66,66,58,22,22,22,23,12,12,28,28,8,62,58,49,49,49,49,0,0],"gold":79,"neow_bonus":"REMOVE_CARD","is_daily":false,"chose_seed":false,"campfire_upgraded":4,"win_rate":0.0,"timestamp":1610203314,"path_taken":["M","M","M","M","?","R","M","?","T","R","M","M","R","M","R","BOSS","M","M","$","?","?","E"],"items_purchased_type":["Card","Potion","Card","Card"],"build_version":"2020-12-22","purchased_purges":1,"victory":false,"max_hp_per_floor":[75,75,75,75,80,80,80,80,80,80,80,80,80,80,80,80,80,80,80,80,80,80,80,80],"card_choices":[{"not_picked":["Pummel","Headbutt"],"picked":"Cleave","floor":1.0},{"not_picked":["Iron Wave","Heavy Blade"],"picked":"Reckless Charge","floor":2.0},{"not_picked":["Perfected Strike","Heavy Blade"],"picked":"Shockwave","floor":3.0},{"not_picked":["Infernal Blade","Armaments","Headbutt"],"picked":"SKIP","floor":4.0},{"not_picked":["Wild Strike","Carnage"],"picked":"Battle Trance","floor":7.0},{"not_picked":["Hemokinesis","Iron Wave"],"picked":"Evolve","floor":8.0},{"not_picked":["Shockwave","Sword Boomerang","Whirlwind"],"picked":"SKIP","floor":11.0},{"not_picked":["Body Slam","Iron Wave","Flex"],"picked":"SKIP","floor":12.0},{"not_picked":["True Grit","Inflame","Headbutt"],"picked":"SKIP","floor":14.0},{"not_picked":["Berserk","Limit Break"],"picked":"Impervious","floor":16.0},{"not_picked":["Havoc","Dropkick"],"picked":"Shrug It Off","floor":18.0},{"not_picked":["Infernal Blade","Blood for Blood"],"picked":"Rupture","floor":19.0}],"player_experience":729995,"relics_obtained":[{"floor":8.0,"key":"Whetstone"},{"floor":9.0,"key":"Orichalcum"}],"event_choices":[{"damage_healed":0.0,"max_hp_gain":5.0,"max_hp_loss":0.0,"gold_gain":0.0,"event_name":"Big Fish","player_choice":"Donut","floor":5.0,"gold_loss":0.0,"damage_taken":0.0},{"damage_healed":0.0,"max_hp_gain":0.0,"max_hp_loss":0.0,"gold_gain":30.0,"event_name":"Dead Adventurer","player_choice":"Searched \u00272\u0027 times","floor":8.0,"gold_loss":0.0,"damage_taken":0.0},{"damage_healed":0.0,"max_hp_gain":0.0,"max_hp_loss":0.0,"gold_gain":0.0,"event_name":"The Mausoleum","player_choice":"Ignored","floor":21.0,"gold_loss":0.0,"damage_taken":0.0},{"damage_healed":0.0,"max_hp_gain":0.0,"max_hp_loss":0.0,"gold_gain":0.0,"event_name":"Vampires","player_choice":"Ignored","floor":22.0,"gold_loss":0.0,"damage_taken":0.0}],"is_beta":false,"boss_relics":[{"not_picked":["Fusion Hammer","Sozu"],"picked":"Pandora\u0027s Box"}],"items_purged_floors":[20],"is_endless":false,"potions_floor_spawned":[1,3,14],"killed_by":"Gremlin Leader","ascension_level":20}}