{"host":"yecadp3kwkksam5a","time":1610186784,"event":{"mods":["BaseMod","Minty Spire (QoL Compilation)","StSLib"],"gold_per_floor":[114,125,135,153,169,179,179,192,192,117,117,129,129,147,147,221,221,237,237,137,137,157,187,187,257,281,315,315,190,222,249,249,323,323,340,340,391,150,169,185,519,519,519,554,554,568,568,580,580,580,580,580,580,98,126,126],"floor_reached":57,"playtime":3629,"items_purged":["Strike_G","Strike_G","Strike_G","Defend_G","Defend_G"],"score":3399,"play_id":"e23e6216-7f77-42e6-8ede-523e120a45a8","local_time":"20210109190624","is_ascension_mode":true,"campfire_choices":[{"data":"Prepared","floor":7.0,"key":"SMITH"},{"data":"Acrobatics","floor":11.0,"key":"SMITH"},{"data":"Reflex","floor":15.0,"key":"SMITH"},{"floor":24.0,"key":"RECALL"},{"data":"Well Laid Plans","floor":32.0,"key":"SMITH"},{"data":"Concentrate","floor":42,"key":"SMITH"},{"data":"Backflip","floor":45,"key":"SMITH"},{"data":"Survivor","floor":49,"key":"SMITH"},{"data":"Deflect","floor":53,"key":"SMITH"}],"circlet_count":0,"master_deck":["AscendersBane","Defend_G","Defend_G","Defend_G","Survivor+1","Neutralize+1","Grand Finale+1","Reflex+1","Acrobatics+1","Prepared+1","Backflip+1","Acrobatics+1","Well Laid Plans+1","Tactician+1","Concentrate+1","Deflect+1","After Image","Calculated Gamble"],"relics":["Ring of the Snake","Gambling Chip","SacredBark","Art of War","Snake Skull","Bag of Preparation","The Specimen","Red Mask","Black Star","Torii","Membership Card","Old Coin","Happy Flower","Sundial","Ginger","Whetstone","Blue Candle","Boot","Sling","StrikeDummy","Pen Nib"],"acts_visited":["Exordium","TheCity","TheBeyond","TheEnding"],"potions_floor_usage":[56,56],"damage_taken":[{"damage":1.0,"enemies":"Cultist","floor":1.0,"turns":4.0},{"damage":1.0,"enemies":"2 Louse","floor":2.0,"turns":5.0},{"damage":1.0,"enemies":"Small Slimes","floor":3.0,"turns":3.0},{"damage":12.0,"enemies":"Exordium Wildlife","floor":4.0,"turns":3.0},{"damage":0.0,"enemies":"Exordium Thugs","floor":5.0,"turns":1.0},{"damage":0.0,"enemies":"Looter","floor":6.0,"turns":3.0},{"damage":0.0,"enemies":"3 Louse","floor":8.0,"turns":2.0},{"damage":0.0,"enemies":"Large Slime","floor":12.0,"turns":2.0},{"damage":0.0,"enemies":"Looter","floor":14.0,"turns":1.0},{"damage":16.0,"enemies":"The Guardian","floor":16.0,"turns":7.0},{"damage":0.0,"enemies":"Shell Parasite","floor":18.0,"turns":1.0},{"damage":0.0,"enemies":"Chosen","floor":22.0,"turns":1.0},{"damage":0.0,"enemies":"Slavers","floor":23.0,"turns":2.0},{"damage":14.0,"enemies":"Gremlin Leader","floor":27.0,"turns":4.0},{"damage":0.0,"enemies":"Slavers","floor":30.0,"turns":1.0},{"damage":0.0,"enemies":"Masked Bandits","floor":31.0,"turns":1.0},{"damage":0.0,"enemies":"Champ","floor":33.0,"turns":2.0},{"damage":0,"enemies":"3 Darklings","floor":35,"turns":1},{"damage":0,"enemies":"2 Orb Walkers","floor":37,"turns":1},{"damage":0,"enemies":"3 Shapes","floor":39,"turns":1},{"damage":0,"enemies":"3 Darklings","floor":40,"turns":1},{"damage":0,"enemies":"Nemesis","floor":41,"turns":1},{"damage":0,"enemies":"Reptomancer","floor":44,"turns":1},{"damage":0,"enemies":"Writhing Mass","floor":46,"turns":1},{"damage":0,"enemies":"Spire Growth","floor":48,"turns":2},{"damage":0,"enemies":"Awakened One","floor":50,"turns":3},{"damage":0,"enemies":"Donu and Deca","floor":51,"turns":1},{"damage":0,"enemies":"Shield and Spear","floor":55,"turns":1},{"damage":2,"enemies":"The Heart","floor":56,"turns":5}],"seed_played":"5030287969684331529","potions_obtained":[{"floor":1.0,"key":"Strength Potion"},{"floor":3.0,"key":"SpeedPotion"},{"floor":22.0,"key":"Swift Potion"}],"is_trial":false,"path_per_floor":["M","M","M","M","M","M","R","M","T","$","R","M","?","M","R","B",null,"M","?","$","?","M","E","R","T","T","E","?","$","E","?","R","B",null,"M","?","?","$","M","M","E","R","T","E","R","M","?","M","R","B","B",null,"R","$","E","B",null],"character_chosen":"THE_SILENT","items_purchased":["Membership Card","Calculated Gamble","Dexterity Potion","Dexterity Potion","Blue Candle","Boot","Sling"],"campfire_rested":0,"item_purchase_floors":[38,54,54,54,54,54,54],"current_hp_per_floor":[58,57,56,44,44,44,44,44,44,44,44,44,40,40,40,24,56,56,56,56,38,38,38,38,38,38,24,24,24,24,24,24,24,59,59,59,59,59,59,59,59,59,59,59,59,59,59,59,59,59,59,65,65,65,65,63],"gold":126,"neow_bonus":"ONE_RANDOM_RARE_CARD","is_daily":false,"chose_seed":false,"campfire_upgraded":8,"win_rate":0.0,"timestamp":1610186784,"path_taken":["M","M","M","M","M","M","R","M","T","$","R","?","?","?","R","BOSS","M","?","?","?","?","E","R","?","T","E","?","$","E","?","R","BOSS","M","?","?","$","M","M","E","R","T","E","R","M","?","?","R","BOSS","BOSS","R","$","E","BOSS"],"items_purchased_type":["Relic","Card","Potion","Potion","Relic","Relic","Relic"],"build_version":"2020-12-22","purchased_purges":5,"victory":true,"max_hp_per_floor":[66,66,66,66,66,66,66,66,66,66,66,66,66,66,66,66,66,66,66,66,71,71,71,71,71,71,71,71,71,71,71,71,71,71,71,67,67,67,67,67,67,67,67,67,67,67,67,67,67,67,67,67,67,67,67,67],"card_choices":[{"not_picked":["PiercingWail","Setup","Dash"],"picked":"SKIP","floor":1.0},{"not_picked":["PiercingWail","Setup","Dash"],"picked":"SKIP","floor":1.0},{"not_picked":["Setup","Poisoned Stab","Noxious Fumes"],"picked":"SKIP","floor":2.0},{"not_picked":["Predator","Footwork"],"picked":"Reflex","floor":3.0},{"not_picked":["Backflip","Catalyst"],"picked":"Acrobatics","floor":4.0},{"not_picked":["PiercingWail","Outmaneuver"],"picked":"Prepared","floor":5.0},{"not_picked":["Dash","PiercingWail","Outmaneuver"],"picked":"SKIP","floor":6.0},{"not_picked":["Footwork","All Out Attack","Slice"],"picked":"SKIP","floor":8.0},{"not_picked":["Dagger Throw","Riddle With Holes","Expertise"],"picked":"SKIP","floor":12.0},{"not_picked":["Heel Hook","Die Die Die"],"picked":"Backflip","floor":14.0},{"not_picked":["PiercingWail","Deadly Poison+1","Poisoned Stab"],"picked":"SKIP","floor":18.0},{"not_picked":["Acrobatics","Quick Slash"],"picked":"Well Laid Plans","floor":22.0},{"not_picked":["Flying Knee","Prepared","Heel Hook+1"],"picked":"SKIP","floor":23.0},{"not_picked":["Dagger Throw","Escape Plan"],"picked":"Tactician+1","floor":27.0},{"not_picked":["Tools of the Trade","Setup+1","Terror"],"picked":"SKIP","floor":30.0},{"not_picked":["Storm of Steel","Bullet Time"],"picked":"After Image","floor":33.0},{"not_picked":["Cloak And Dagger","Prepared","Dagger Throw"],"picked":"SKIP","floor":35},{"not_picked":["Accuracy+1","Expertise+1","Flying Knee"],"picked":"SKIP","floor":39},{"not_picked":["Flying Knee","Endless Agony+1","Deflect+1"],"picked":"SKIP","floor":40},{"not_picked":["Acrobatics","Wraith Form v2","Escape Plan"],"picked":"SKIP","floor":41},{"not_picked":["Flying Knee+1","Bouncing Flask","Prepared"],"picked":"SKIP","floor":44},{"not_picked":["Outmaneuver","Tactician+1","Deflect"],"picked":"SKIP","floor":46},{"not_picked":["Prepared","Underhanded Strike","Choke"],"picked":"SKIP","floor":48},{"not_picked":["Deflect","Dodge and Roll","Finisher"],"picked":"SKIP","floor":55}],"player_experience":451389,"relics_obtained":[{"floor":9.0,"key":"Gambling Chip"},{"floor":23.0,"key":"Art of War"},{"floor":26.0,"key":"Snake Skull"},{"floor":27.0,"key":"Bag of Preparation"},{"floor":30.0,"key":"The Specimen"},{"floor":31.0,"key":"Red Mask"},{"floor":37,"key":"Torii"},{"floor":41,"key":"Old Coin"},{"floor":41,"key":"Happy Flower"},{"floor":43,"key":"Sundial"},{"floor":44,"key":"Ginger"},{"floor":44,"key":"Whetstone"},{"floor":55,"key":"StrikeDummy"},{"floor":55,"key":"Pen Nib"}],"event_choices":[{"damage_healed":0.0,"max_hp_gain":0.0,"max_hp_loss":0.0,"gold_gain":0.0,"event_name":"The Woman in Blue","player_choice":"Bought 0 Potions","floor":13.0,"gold_loss":0.0,"damage_taken":0.0},{"damage_healed":0.0,"max_hp_gain":0.0,"max_hp_loss":0.0,"gold_gain":0.0,"event_name":"Duplicator","player_choice":"Copied","floor":19.0,"gold_loss":0.0,"damage_taken":0.0,"cards_obtained":["Acrobatics"]},{"damage_healed":0.0,"max_hp_gain":5.0,"max_hp_loss":0.0,"gold_gain":0.0,"event_name":"Forgotten Altar","player_choice":"Shed Blood","floor":21.0,"gold_loss":0.0,"damage_taken":23.0},{"damage_healed":0.0,"max_hp_gain":0.0,"max_hp_loss":0.0,"gold_gain":0.0,"cards_transformed":["Strike_G","Strike_G"],"event_name":"Drug Dealer","player_choice":"Became Test Subject","floor":28.0,"gold_loss":0.0,"damage_taken":0.0,"cards_obtained":["Concentrate","Deflect"]},{"damage_healed":0.0,"max_hp_gain":0.0,"max_hp_loss":0.0,"gold_gain":0.0,"event_name":"Masked Bandits","player_choice":"Fought Bandits","floor":31.0,"gold_loss":0.0,"damage_taken":0.0},{"damage_healed":0,"gold_gain":0,"player_choice":"Max HP","damage_taken":0,"max_hp_gain":0,"max_hp_loss":4,"event_name":"Winding Halls","floor":36,"gold_loss":0},{"damage_healed":0,"gold_gain":0,"player_choice":"Fight","damage_taken":0,"max_hp_gain":0,"max_hp_loss":0,"event_name":"Mysterious Sphere","floor":37,"gold_loss":0},{"damage_healed":0,"gold_gain":0,"player_choice":"0 cards matched","damage_taken":0,"max_hp_gain":0,"max_hp_loss":0,"event_name":"Match and Keep!","floor":47,"gold_loss":0,"cards_obtained":[]}],"is_beta":false,"boss_relics":[{"not_picked":["Calling Bell","Philosopher\u0027s Stone"],"picked":"SacredBark"},{"not_picked":["Velvet Choker","Pandora\u0027s Box"],"picked":"Black Star"}],"items_purged_floors":[10,20,29,38,54],"is_endless":false,"potions_floor_spawned":[1,3,5,6,22,23,27,33,35,39,44,46],"ascension_level":20}}