{"host":"3jpwrwmmgyabjceh","time":1610150440,"event":{"mods":["AchievementEnabler","BaseMod","Colored Map","Colored Powertips","Highlight Path","Minty Spire (QoL Compilation)","Quick Restart","Relic Stats","StSLib","SuperFastMode"],"gold_per_floor":[118,135,151,151,167,197,126,126,126,140,152,179,179,190,190,285,285,329,254,254,299,299,357,357,384,384,68,79,99,113,43,43,148,148,187,228,228,272,117,117,199,199,199,199,209,254,20,91,91,91,91],"floor_reached":50,"playtime":2408,"items_purged":["Strike_P"],"score":656,"play_id":"12b5c254-724d-470c-bfb5-cd172eaffe8a","local_time":"20210109030040","is_ascension_mode":true,"campfire_choices":[{"floor":8.0,"key":"REST"},{"floor":15.0,"key":"REST"},{"floor":24.0,"key":"REST"},{"floor":32.0,"key":"REST"},{"floor":40,"key":"REST"},{"floor":42,"key":"REST"},{"floor":49,"key":"RECALL"}],"circlet_count":0,"master_deck":["Defend_P","Defend_P","Defend_P+1","Defend_P","Eruption","Vigilance","Sanctity","EmptyBody","Crescendo+1","Consecrate","WheelKick","Indignation","FearNoEvil","EmptyFist","Wish+1","BowlingBash+1","ReachHeaven+1","CutThroughFate","SashWhip","TalkToTheHand+1","MentalFortress+1","Wish","EmptyMind+1","TalkToTheHand+1","FlurryOfBlows","Meditate","Parasite","WaveOfTheHand"],"relics":["Fusion Hammer","Oddly Smooth Stone","Toy Ornithopter","Frozen Egg 2","Astrolabe","Enchiridion","Lizard Tail","Nunchaku","Strawberry","Bottled Flame","Sozu","Pen Nib","Mango","Mercury Hourglass","War Paint","Centennial Puzzle"],"acts_visited":["Exordium","TheCity","TheBeyond"],"potions_floor_usage":[41],"damage_taken":[{"damage":0.0,"enemies":"Jaw Worm","floor":1.0,"turns":3.0},{"damage":0.0,"enemies":"Cultist","floor":2.0,"turns":2.0},{"damage":0.0,"enemies":"2 Louse","floor":3.0,"turns":3.0},{"damage":0.0,"enemies":"2 Fungi Beasts","floor":5.0,"turns":4.0},{"damage":102.0,"enemies":"Lagavulin","floor":6.0,"turns":10.0},{"damage":0.0,"enemies":"Exordium Wildlife","floor":10.0,"turns":3.0},{"damage":0.0,"enemies":"Lots of Slimes","floor":11.0,"turns":1.0},{"damage":4.0,"enemies":"3 Sentries","floor":12.0,"turns":3.0},{"damage":0.0,"enemies":"2 Fungi Beasts","floor":14.0,"turns":2.0},{"damage":21.0,"enemies":"The Guardian","floor":16.0,"turns":11.0},{"damage":3.0,"enemies":"Shell Parasite","floor":18.0,"turns":4.0},{"damage":13.0,"enemies":"2 Thieves","floor":21.0,"turns":3.0},{"damage":31.0,"enemies":"Slavers","floor":23.0,"turns":6.0},{"damage":34.0,"enemies":"Book of Stabbing","floor":25.0,"turns":6.0},{"damage":0.0,"enemies":"Cultist and Chosen","floor":28.0,"turns":3.0},{"damage":8.0,"enemies":"Snake Plant","floor":29.0,"turns":5.0},{"damage":0.0,"enemies":"Snecko","floor":30.0,"turns":2.0},{"damage":42.0,"enemies":"Automaton","floor":33.0,"turns":9.0},{"damage":35,"enemies":"3 Darklings","floor":35,"turns":5},{"damage":8,"enemies":"Orb Walker","floor":36,"turns":5},{"damage":28,"enemies":"Transient","floor":38,"turns":5},{"damage":20,"enemies":"Giant Head","floor":41,"turns":8},{"damage":4,"enemies":"3 Darklings","floor":45,"turns":4},{"damage":2,"enemies":"Maw","floor":46,"turns":7},{"damage":12,"enemies":"Writhing Mass","floor":48,"turns":4},{"damage":50,"enemies":"Awakened One","floor":50,"turns":16}],"seed_played":"-3148509112270711839","potions_obtained":[{"floor":1.0,"key":"LiquidMemories"},{"floor":2.0,"key":"FairyPotion"},{"floor":5.0,"key":"LiquidBronze"},{"floor":11.0,"key":"Explosive Potion"},{"floor":12.0,"key":"StancePotion"},{"floor":18.0,"key":"SpeedPotion"},{"floor":23.0,"key":"Weak Potion"},{"floor":28.0,"key":"EntropicBrew"}],"is_trial":false,"path_per_floor":["M","M","M","?","M","E","$","R","T","M","M","E","?","M","R","B",null,"M","?","?","M","?","E","R","E","T","$","M","M","M","$","R","B",null,"M","M","?","M","$","R","E","R","T","?","M","M","$","M","R","B"],"character_chosen":"WATCHER","items_purchased":["WheelKick","Bottled Flame","MentalFortress+1","Pen Nib","Centennial Puzzle","Meditate"],"campfire_rested":6,"item_purchase_floors":[7,27,31,39,47,47],"current_hp_per_floor":[72,72,72,72,72,21,21,42,42,42,42,38,38,38,59,38,72,72,72,59,46,30,9,32,3,10,10,10,2,12,12,37,42,84,49,41,41,13,13,38,37,66,66,66,62,60,60,48,48,0,0],"gold":91,"neow_bonus":"BOSS_RELIC","is_daily":false,"chose_seed":false,"campfire_upgraded":0,"win_rate":0.0,"timestamp":1610150440,"path_taken":["M","M","M","?","M","E","?","R","T","?","M","E","?","M","R","BOSS","M","?","?","M","?","E","R","E","T","$","M","?","M","$","R","BOSS","M","?","?","M","$","R","E","R","T","?","M","M","$","?","R","BOSS"],"items_purchased_type":["Card","Relic","Card","Relic","Relic","Card"],"build_version":"2020-12-22","purchased_purges":1,"victory":false,"max_hp_per_floor":[72,72,72,72,72,72,72,72,72,72,72,72,72,72,72,72,72,72,72,77,77,77,77,77,77,84,84,84,84,84,84,84,84,84,84,84,84,84,84,84,98,98,98,98,98,98,98,98,98,98,98],"relic_stats":{"Sozu":3,"Lizard Tail":42,"Nunchaku":[21],"Centennial Puzzle":[6],"counters":[26,134],"Astrolabe":["BowlingBash","ReachHeaven","PathToVictory"],"Pen Nib":[13],"War Paint":["Wish","Defend_P"],"obtain_stats":[{"Astrolabe":17,"Oddly Smooth Stone":6,"Enchiridion":22,"Mango":41,"Pen Nib":39,"Frozen Egg 2":12,"War Paint":44,"Mercury Hourglass":43,"Sozu":34,"Lizard Tail":23,"Nunchaku":25,"Bottled Flame":27,"Centennial Puzzle":47,"Strawberry":26,"Fusion Hammer":0,"PureWater":0,"Toy Ornithopter":9},{"Astrolabe":10,"Oddly Smooth Stone":5,"Enchiridion":12,"Mango":22,"Pen Nib":21,"Frozen Egg 2":8,"War Paint":22,"Mercury Hourglass":22,"Sozu":18,"Lizard Tail":13,"Nunchaku":14,"Bottled Flame":14,"Centennial Puzzle":24,"Strawberry":14,"Fusion Hammer":0,"PureWater":0,"Toy Ornithopter":5},{"Astrolabe":42,"Oddly Smooth Stone":22,"Enchiridion":49,"Mango":103,"Pen Nib":95,"Frozen Egg 2":29,"War Paint":103,"Mercury Hourglass":103,"Sozu":80,"Lizard Tail":55,"Nunchaku":61,"Bottled Flame":61,"Centennial Puzzle":114,"Strawberry":61,"Fusion Hammer":0,"PureWater":0,"Toy Ornithopter":22}],"Toy Ornithopter":38,"Mercury Hourglass":[114]},"card_choices":[{"not_picked":["Fasting2","Protect"],"picked":"Sanctity","floor":1.0},{"not_picked":["BowlingBash","JustLucky"],"picked":"EmptyBody","floor":2.0},{"not_picked":["FollowUp","Consecrate"],"picked":"Crescendo","floor":3.0},{"not_picked":["Protect","BattleHymn"],"picked":"EmptyFist","floor":5.0},{"not_picked":["Swivel","Evaluate"],"picked":"Consecrate","floor":6.0},{"not_picked":["Nirvana","WindmillStrike"],"picked":"Indignation","floor":10.0},{"not_picked":["Adaptation","SashWhip"],"picked":"FearNoEvil","floor":11.0},{"not_picked":["CrushJoints","Pray","BowlingBash"],"picked":"SKIP","floor":12.0},{"not_picked":["Indignation","Crescendo"],"picked":"EmptyFist","floor":14.0},{"not_picked":["Alpha","Omniscience"],"picked":"Wish","floor":16.0},{"not_picked":["Prostrate","Study+1"],"picked":"CutThroughFate","floor":18.0},{"not_picked":["Study+1","FearNoEvil"],"picked":"SashWhip","floor":21.0},{"not_picked":["Judgement","CutThroughFate","JustLucky"],"picked":"SKIP","floor":23.0},{"not_picked":["MasterReality+1","BowlingBash","Indignation"],"picked":"SKIP","floor":25.0},{"not_picked":["BattleHymn+1","Fasting2+1","FlyingSleeves"],"picked":"SKIP","floor":28.0},{"not_picked":["Crescendo","FollowUp"],"picked":"TalkToTheHand+1","floor":29.0},{"not_picked":["CrushJoints","WheelKick","PathToVictory"],"picked":"SKIP","floor":30.0},{"not_picked":["ConjureBlade","Brilliance"],"picked":"Wish","floor":33.0},{"not_picked":["Protect","BowlingBash+1","Consecrate"],"picked":"SKIP","floor":35},{"not_picked":["BattleHymn+1","JustLucky","PathToVictory+1"],"picked":"SKIP","floor":36},{"not_picked":["Perseverance","EmptyBody"],"picked":"EmptyMind+1","floor":38},{"not_picked":["Study+1","Prostrate+1","Protect+1"],"picked":"SKIP","floor":41},{"not_picked":["ThirdEye","MasterReality+1"],"picked":"TalkToTheHand+1","floor":45},{"not_picked":["MentalFortress+1","JustLucky+1"],"picked":"FlurryOfBlows","floor":46},{"not_picked":["PathToVictory","SashWhip"],"picked":"WaveOfTheHand","floor":48}],"player_experience":238925,"relics_obtained":[{"floor":6.0,"key":"Oddly Smooth Stone"},{"floor":9.0,"key":"Toy Ornithopter"},{"floor":12.0,"key":"Frozen Egg 2"},{"floor":22.0,"key":"Enchiridion"},{"floor":23.0,"key":"Lizard Tail"},{"floor":25.0,"key":"Nunchaku"},{"floor":26.0,"key":"Strawberry"},{"floor":41,"key":"Mango"},{"floor":43,"key":"Mercury Hourglass"}],"event_choices":[{"damage_healed":0.0,"max_hp_gain":0.0,"max_hp_loss":0.0,"gold_gain":0.0,"event_name":"The Woman in Blue","player_choice":"Bought 0 Potions","floor":4.0,"gold_loss":0.0,"damage_taken":0.0},{"damage_healed":0.0,"max_hp_gain":0.0,"max_hp_loss":0.0,"gold_gain":0.0,"event_name":"Living Wall","player_choice":"Grow","floor":13.0,"gold_loss":0.0,"damage_taken":0.0,"cards_upgraded":["Crescendo"]},{"cards_removed":["PathToVictory"],"damage_healed":0.0,"max_hp_gain":0.0,"max_hp_loss":0.0,"gold_gain":0.0,"event_name":"Beggar","player_choice":"Gave Gold","floor":19.0,"gold_loss":75.0,"damage_taken":0.0},{"damage_healed":0.0,"max_hp_gain":5.0,"max_hp_loss":0.0,"gold_gain":0.0,"event_name":"Forgotten Altar","player_choice":"Shed Blood","floor":20.0,"gold_loss":0.0,"damage_taken":18.0},{"damage_healed":0.0,"max_hp_gain":0.0,"max_hp_loss":0.0,"gold_gain":0.0,"event_name":"Cursed Tome","player_choice":"Obtained Book","floor":22.0,"gold_loss":0.0,"damage_taken":16.0},{"damage_healed":0,"gold_gain":0,"player_choice":"Ignored","damage_taken":0,"max_hp_gain":0,"max_hp_loss":0,"event_name":"The Moai Head","floor":37,"gold_loss":0},{"cards_removed":["EmptyFist"],"damage_healed":0,"gold_gain":0,"player_choice":"Gave Card","damage_taken":0,"relics_obtained":["War Paint"],"max_hp_gain":0,"max_hp_loss":0,"event_name":"WeMeetAgain","floor":44,"gold_loss":0}],"is_beta":false,"boss_relics":[{"not_picked":["Philosopher\u0027s Stone","Empty Cage"],"picked":"Astrolabe"},{"not_picked":["SacredBark","Runic Pyramid"],"picked":"Sozu"}],"items_purged_floors":[27],"is_endless":false,"potions_floor_spawned":[1,2,5,11,12,18,23,28,35,41,48],"killed_by":"Awakened One","ascension_level":4}}