{"host":"qfskrnw3pl1q86j0","time":1610191027,"event":{"mods":["BaseMod","Block Reminder","Hermit","Marisa????????","Minty Spire (QoL Compilation)","Quick Restart","Random Character Button","Relic Stats","StSLib","The Poker Player","slay the spire mod where everything is the same but ironclad has a cowboy hat"],"gold_per_floor":[111,186,151,171,188,188,198,225,225,244,260,260,36,49,49,49,49],"floor_reached":16,"playtime":449,"items_purged":["Strike_B"],"score":104,"play_id":"c3fe6d18-470f-4c72-94b4-0c05395decce","local_time":"20210109121707","is_ascension_mode":false,"campfire_choices":[{"data":"Zap","floor":6.0,"key":"SMITH"},{"data":"Dualcast","floor":12,"key":"SMITH"},{"data":"Beam Cell","floor":15,"key":"SMITH"}],"circlet_count":0,"master_deck":["Strike_B","Strike_B","Strike_B","Defend_B","Defend_B","Defend_B","Defend_B","Zap+1","Dualcast+1","Gash","Beam Cell+1","Gash","Steam","Conserve Battery","Steam"],"relics":["Cracked Core","Nunchaku","InkBottle","Eternal Feather","Blood Vial"],"acts_visited":["Exordium"],"potions_floor_usage":[7,16],"damage_taken":[{"damage":5.0,"enemies":"Small Slimes","floor":1.0,"turns":4.0},{"damage":0.0,"enemies":"2 Louse","floor":4.0,"turns":2.0},{"damage":6.0,"enemies":"Jaw Worm","floor":5.0,"turns":3.0},{"damage":1,"enemies":"Exordium Wildlife","floor":7,"turns":2},{"damage":35,"enemies":"Gremlin Nob","floor":8,"turns":4},{"damage":5,"enemies":"Looter","floor":10,"turns":2},{"damage":6,"enemies":"Blue Slaver","floor":11,"turns":3},{"damage":3,"enemies":"Large Slime","floor":14,"turns":5},{"damage":46,"enemies":"Slime Boss","floor":16,"turns":11}],"seed_played":"5435398864543860941","potions_obtained":[{"floor":1.0,"key":"Fire Potion"},{"floor":11,"key":"Fruit Juice"}],"is_trial":false,"path_per_floor":["M","?","?","M","M","R","M","E","T","M","M","R","$","M","R","B"],"character_chosen":"DEFECT","items_purchased":["Blood Vial"],"campfire_rested":0,"item_purchase_floors":[13],"current_hp_per_floor":[70,59,75,75,69,69,68,33,33,28,22,31,31,30,39,0,0],"gold":49,"neow_bonus":"RANDOM_COMMON_RELIC","is_daily":false,"chose_seed":false,"campfire_upgraded":3,"win_rate":0.0,"timestamp":1610191027,"path_taken":["M","?","?","M","M","R","M","E","T","M","M","R","$","M","R","BOSS"],"items_purchased_type":["Relic"],"build_version":"2020-12-22","purchased_purges":1,"victory":false,"max_hp_per_floor":[75,75,75,75,75,75,75,75,75,75,75,75,75,75,75,80,80],"relic_stats":{"Blood Vial":4,"Nunchaku":[6],"counters":[9,36],"Eternal Feather":18,"obtain_stats":[{"Blood Vial":13,"Nunchaku":0,"Eternal Feather":9,"Cracked Core":0,"InkBottle":8},{"Blood Vial":7,"Nunchaku":0,"Eternal Feather":5,"Cracked Core":0,"InkBottle":5},{"Blood Vial":20,"Nunchaku":0,"Eternal Feather":15,"Cracked Core":0,"InkBottle":15}],"InkBottle":[7]},"card_choices":[{"not_picked":["Glacier","Sweeping Beam"],"picked":"Gash","floor":1.0},{"not_picked":["Stack","Cold Snap","Scrape"],"picked":"SKIP","floor":4.0},{"not_picked":["Ball Lightning","Glacier"],"picked":"Beam Cell","floor":5.0},{"not_picked":["Coolheaded","Defragment","Aggregate"],"picked":"SKIP","floor":7},{"not_picked":["Conserve Battery","FTL"],"picked":"Gash","floor":8},{"not_picked":["Tempest","Redo"],"picked":"Steam","floor":10},{"not_picked":["Redo","Rebound"],"picked":"Conserve Battery","floor":11},{"not_picked":["Force Field","Conserve Battery"],"picked":"Steam","floor":14}],"player_experience":942781,"relics_obtained":[{"floor":8,"key":"InkBottle"},{"floor":9,"key":"Eternal Feather"}],"event_choices":[{"damage_healed":0.0,"max_hp_gain":0.0,"max_hp_loss":0.0,"gold_gain":75.0,"event_name":"World of Goop","player_choice":"Gather Gold","floor":2.0,"gold_loss":0.0,"damage_taken":11.0},{"damage_healed":18.0,"max_hp_gain":0.0,"max_hp_loss":0.0,"gold_gain":0.0,"event_name":"The Cleric","player_choice":"Healed","floor":3.0,"gold_loss":35.0,"damage_taken":0.0}],"is_beta":false,"boss_relics":[],"items_purged_floors":[13],"is_endless":false,"potions_floor_spawned":[1,11],"killed_by":"Slime Boss","ascension_level":0}}