{"host":"p9t7qd83igtcp2bh","time":1610170206,"event":{"mods":["2.2 Compatiblity","AchievementEnabler","BaseMod","Colored Map","Colored Powertips","Custom Start","DeckTracker","Keyboard Shortcuts","Minty Spire (QoL Compilation)","Permanent Neow","Spicy Shops","StSLib","SuperFastMode","everything is the same but u backflip on backflip"],"gold_per_floor":[111,127,143,143,162,162,179,506,581,581,581,606,606,625,625,703,703,715,732,749,749,761,761,761,781,858,356,389,110,129,51,51,138,138,150,168,186,199,49,92,92,117,163,180,34,34,34,66,66,66,66,66,18,49,49],"floor_reached":56,"playtime":2217,"items_purged":["Strike_G","Defend_G","Strike_G","Defend_G"],"score":2095,"play_id":"d50583f6-3588-4745-b580-0d1781245444","local_time":"20210109143006","is_ascension_mode":true,"campfire_choices":[{"data":"Prepared","floor":6,"key":"SMITH"},{"data":"Deadly Poison","floor":10,"key":"SMITH"},{"data":"Eviscerate","floor":15,"key":"SMITH"},{"floor":23,"key":"REST"},{"data":"Acrobatics","floor":32,"key":"SMITH"},{"data":"Terror","floor":41,"key":"SMITH"},{"data":"Reflex","floor":46,"key":"SMITH"},{"data":"Wraith Form v2","floor":49,"key":"SMITH"},{"data":"Well Laid Plans","floor":52,"key":"SMITH"}],"circlet_count":0,"master_deck":["AscendersBane","Strike_G","Defend_G","Defend_G","Defend_G","Survivor","Neutralize","Eviscerate+1","Deadly Poison+1","Dagger Spray","Prepared+1","PiercingWail","Malaise","Reflex+1","Terror+1","Acrobatics+1","Adrenaline","Blur","Wraith Form v2+1","Finesse","Deep Breath","Calculated Gamble","Well Laid Plans+1"],"relics":["Ring of the Snake","Toy Ornithopter","Old Coin","Kunai","Bronze Scales","WristBlade","Bottled Lightning","Ninja Scroll","TheAbacus","CeramicFish","Medical Kit","Chemical X","Black Star","Gremlin Horn","Oddly Smooth Stone","Potion Belt","Lee\u0027s Waffle","Art of War","Toxic Egg 2","Pantograph","Happy Flower"],"acts_visited":["Exordium","TheCity","TheBeyond","TheEnding"],"potions_floor_usage":[8,16,20,20,22,33,33,40,50,50,55,55,55],"damage_taken":[{"damage":0,"enemies":"Small Slimes","floor":1,"turns":5},{"damage":0,"enemies":"Cultist","floor":2,"turns":4},{"damage":0,"enemies":"2 Louse","floor":3,"turns":3},{"damage":4,"enemies":"Blue Slaver","floor":5,"turns":4},{"damage":5,"enemies":"Looter","floor":7,"turns":4},{"damage":25,"enemies":"3 Sentries","floor":8,"turns":9},{"damage":4,"enemies":"Exordium Thugs","floor":14,"turns":3},{"damage":11,"enemies":"Hexaghost","floor":16,"turns":9},{"damage":26,"enemies":"Spheric Guardian","floor":18,"turns":6},{"damage":11,"enemies":"Shell Parasite","floor":19,"turns":5},{"damage":17,"enemies":"Shelled Parasite and Fungi","floor":20,"turns":4},{"damage":13,"enemies":"Cultist and Chosen","floor":22,"turns":8},{"damage":13,"enemies":"Snecko","floor":25,"turns":4},{"damage":4,"enemies":"Book of Stabbing","floor":28,"turns":4},{"damage":0,"enemies":"Snake Plant","floor":30,"turns":1},{"damage":17,"enemies":"Collector","floor":33,"turns":6},{"damage":3,"enemies":"3 Darklings","floor":35,"turns":5},{"damage":0,"enemies":"3 Shapes","floor":36,"turns":7},{"damage":14,"enemies":"Maw","floor":38,"turns":9},{"damage":1,"enemies":"Giant Head","floor":40,"turns":5},{"damage":0,"enemies":"Jaw Worm Horde","floor":42,"turns":2},{"damage":9,"enemies":"3 Darklings","floor":44,"turns":2},{"damage":0,"enemies":"Nemesis","floor":48,"turns":7},{"damage":60,"enemies":"Time Eater","floor":50,"turns":16},{"damage":12,"enemies":"Shield and Spear","floor":54,"turns":4},{"damage":27,"enemies":"The Heart","floor":55,"turns":8}],"seed_played":"-1962855751946901571","potions_obtained":[{"floor":3,"key":"ColorlessPotion"},{"floor":5,"key":"Poison Potion"},{"floor":14,"key":"Fire Potion"},{"floor":16,"key":"Fruit Juice"},{"floor":19,"key":"Regen Potion"},{"floor":20,"key":"Swift Potion"},{"floor":22,"key":"CunningPotion"},{"floor":28,"key":"Strength Potion"},{"floor":36,"key":"BlessingOfTheForge"},{"floor":42,"key":"ColorlessPotion"},{"floor":47,"key":"DuplicationPotion"},{"floor":47,"key":"PowerPotion"}],"is_trial":false,"path_per_floor":["M","M","M","?","M","R","M","E","T","R","?","T","?","M","R","B",null,"M","M","M","?","M","R","T","M","T","$","E","$","M","$","R","B",null,"M","M","?","M","$","E","R","M","T","M","$","R","?","E","R","B",null,"R","$","E","B",null],"character_chosen":"THE_SILENT","items_purchased":["TheAbacus","Adrenaline","Fire Potion","Medical Kit","Chemical X","Lee\u0027s Waffle","ColorlessPotion"],"campfire_rested":1,"item_purchase_floors":[27,27,27,29,31,45,53],"current_hp_per_floor":[59,59,59,59,55,55,50,30,30,30,30,30,30,26,26,25,60,34,23,28,28,20,41,41,28,28,28,24,24,24,24,24,17,58,55,55,45,31,31,35,35,35,35,26,78,78,78,78,78,25,65,65,65,53,66],"gold":49,"neow_bonus":"TRANSFORM_CARD","is_daily":false,"chose_seed":false,"campfire_upgraded":8,"win_rate":0.0,"timestamp":1610170206,"path_taken":["M","M","M","?","M","R","?","E","T","R","?","?","?","M","R","BOSS","M","M","M","?","M","R","?","?","T","$","E","$","M","$","R","BOSS","M","M","?","M","$","E","R","M","T","M","$","R","?","E","R","BOSS","R","$","E","BOSS"],"items_purchased_type":["Relic","Card","Potion","Relic","Relic","Relic","Potion"],"build_version":"2020-12-22","purchased_purges":4,"victory":true,"max_hp_per_floor":[66,66,66,66,66,66,66,66,66,66,66,66,66,66,66,71,71,71,71,71,71,71,71,71,71,71,71,71,71,71,71,71,71,71,71,71,71,71,71,71,71,71,71,71,78,78,78,78,78,78,78,78,78,78,78],"card_choices":[{"not_picked":["Sucker Punch","All Out Attack"],"picked":"Deadly Poison","floor":1},{"not_picked":["Crippling Poison","Blade Dance"],"picked":"Dagger Spray","floor":2},{"not_picked":["Backflip","Setup"],"picked":"Prepared","floor":3},{"not_picked":["Slice","Distraction"],"picked":"PiercingWail","floor":5},{"not_picked":["Sucker Punch","Infinite Blades","Doppelganger"],"picked":"SKIP","floor":7},{"not_picked":["Storm of Steel","Prepared","Leg Sweep"],"picked":"SKIP","floor":8},{"not_picked":["Blade Dance","Catalyst","Underhanded Strike"],"picked":"SKIP","floor":14},{"not_picked":["Glass Knife","Doppelganger"],"picked":"Malaise","floor":16},{"not_picked":["Sucker Punch","Catalyst","Blade Dance"],"picked":"SKIP","floor":18},{"not_picked":["Prepared","Blade Dance","Outmaneuver"],"picked":"SKIP","floor":19},{"not_picked":["Accuracy","Deadly Poison"],"picked":"Reflex","floor":20},{"not_picked":["Sucker Punch+1","Underhanded Strike"],"picked":"Terror","floor":22},{"not_picked":["Storm of Steel","Predator"],"picked":"Acrobatics","floor":25},{"not_picked":["Slice","Distraction","Dagger Throw"],"picked":"SKIP","floor":28},{"not_picked":["Underhanded Strike","Setup"],"picked":"Blur","floor":30},{"not_picked":["Glass Knife","Unload"],"picked":"Wraith Form v2","floor":33},{"not_picked":["Bane+1","Dodge and Roll","Dagger Spray"],"picked":"SKIP","floor":35},{"not_picked":["Dagger Throw","Backflip","Infinite Blades+1"],"picked":"SKIP","floor":36},{"not_picked":["Mind Blast","Sadistic Nature"],"picked":"Finesse","floor":37},{"not_picked":["Panache","Magnetism"],"picked":"Deep Breath","floor":37},{"not_picked":["Acrobatics","Underhanded Strike+1","Cloak And Dagger"],"picked":"SKIP","floor":38},{"not_picked":["Choke","Crippling Poison"],"picked":"Calculated Gamble","floor":40},{"not_picked":["Underhanded Strike","Dagger Throw+1","Well Laid Plans"],"picked":"SKIP","floor":42},{"not_picked":["Underhanded Strike","Dagger Throw+1"],"picked":"Well Laid Plans","floor":42},{"not_picked":["Sucker Punch","Outmaneuver","Poisoned Stab"],"picked":"SKIP","floor":44},{"not_picked":["Skewer","Underhanded Strike","Cloak And Dagger+1"],"picked":"SKIP","floor":48},{"not_picked":["Dagger Spray+1","Acrobatics+1","Underhanded Strike"],"picked":"SKIP","floor":54}],"player_experience":607291,"relics_obtained":[{"floor":8,"key":"Old Coin"},{"floor":9,"key":"Kunai"},{"floor":12,"key":"Bronze Scales"},{"floor":24,"key":"Bottled Lightning"},{"floor":26,"key":"Ninja Scroll"},{"floor":28,"key":"CeramicFish"},{"floor":40,"key":"Gremlin Horn"},{"floor":40,"key":"Oddly Smooth Stone"},{"floor":43,"key":"Potion Belt"},{"floor":48,"key":"Art of War"},{"floor":48,"key":"Toxic Egg 2"},{"floor":54,"key":"Pantograph"},{"floor":54,"key":"Happy Flower"}],"event_choices":[{"damage_healed":0,"gold_gain":0,"player_choice":"Gave Potion","damage_taken":0,"relics_obtained":["Toy Ornithopter"],"max_hp_gain":0,"max_hp_loss":0,"event_name":"WeMeetAgain","floor":4,"gold_loss":0},{"cards_removed":["Strike_G"],"damage_healed":0,"gold_gain":0,"player_choice":"Forget","damage_taken":0,"max_hp_gain":0,"max_hp_loss":0,"event_name":"Living Wall","floor":11,"gold_loss":0},{"damage_healed":0,"gold_gain":0,"player_choice":"Ignored","damage_taken":0,"max_hp_gain":0,"max_hp_loss":0,"event_name":"Liars Game","floor":13,"gold_loss":0},{"damage_healed":0,"gold_gain":0,"player_choice":"Ignored","damage_taken":0,"max_hp_gain":0,"max_hp_loss":0,"event_name":"The Mausoleum","floor":21,"gold_loss":0},{"damage_healed":0,"gold_gain":0,"player_choice":"Memory 3","damage_taken":10,"max_hp_gain":0,"max_hp_loss":0,"event_name":"SensoryStone","floor":37,"gold_loss":0},{"damage_healed":0,"gold_gain":0,"player_choice":"Got Potions","damage_taken":0,"max_hp_gain":0,"max_hp_loss":0,"event_name":"Lab","floor":47,"gold_loss":0}],"is_beta":false,"boss_relics":[{"not_picked":["Velvet Choker","Ring of the Serpent"],"picked":"WristBlade"},{"not_picked":["Fusion Hammer","Sozu"],"picked":"Black Star"}],"items_purged_floors":[27,27,29,39],"is_endless":false,"potions_floor_spawned":[3,5,14,16,19,20,22,28,30,36,42],"ascension_level":15}}