{"host":"y4sghvfd0ewtcchd","time":1610201414,"event":{"mods":["Aspiration","BaseMod","Better Debug","Better Note","Better Third Choice","BetterRewards","Block Reminder","Colored Map","Colored Powertips","Downfall","Highlight Path","Hubris","Infinite Spire","Minty Spire (QoL Compilation)","Relic Sorter","Relic Stats","Replay The Spire","Shop Mod","StSLib","The Jungle","The Saiyan"],"gold_per_floor":[123,123,148,177,177,217,249,287,287,314,314,340,368,393,393,505,505,540,176,208,240,240,279,279,312,366,392,448,448,495,531,531,674,774,815,438,467,467,467,534,565,565,592,633,690,690,397,445,445,461,461,461,781,844,870],"floor_reached":56,"playtime":7346,"items_purged":["Delirium","Defend_G","Parasite"],"score":1625,"play_id":"cee87c59-898f-4f9f-a6d1-8d79db0bc5e6","local_time":"20210109171014","is_ascension_mode":true,"campfire_choices":[{"floor":11.0,"key":"REST"},{"data":"ReplayTheSpireMod:Shiv Toss","floor":15.0,"key":"SMITH"},{"data":"Infinite Blades","floor":24.0,"key":"SMITH"},{"data":"Neutralize","floor":32.0,"key":"SMITH"},{"floor":42,"key":"RECALL"},{"data":"hubris:EnhanceAbility","floor":52,"key":"SMITH"}],"circlet_count":0,"master_deck":["Strike_G","Strike_G","Strike_G","Strike_G","Strike_G","Defend_G","Defend_G","Defend_G","Defend_G","Survivor","Neutralize+1","Sneak Up+1","Blade Dance","Accuracy+1","ReplayTheSpireMod:Scrap Shanks","ReplayTheSpireMod:Scrap Shanks","expansioncontent:HyperBeam+1","PiercingWail","Dagger Throw","Blur","Backflip","Dodge and Roll","ReplayTheSpireMod:Shiv Toss+1","Underhanded Strike","Eviscerate","CurseOfTheBell","Pot Of Greed","Pot Of Greed","Pot Of Greed","Acrobatics","Infinite Blades+1","Tactician","hubris:SlightOfHand+1","Distraction+1","Blade Dance","Fluid Movement+1","hubris:Sniper","Doppelganger","Pot Of Greed","Calculated Gamble","Infinite Blades+1","hubris:EnhanceAbility+1","Caltrops+1","Caltrops","Replay:SS_hec_1","Secret Weapon","Blade Dance"],"relics":["Ring of the Snake","aspiration:Lifesprig","Replay:Bandana","Guide Book","ReplayTheSpireMod:CursedCoin","hubris:Towel","Ornamental Fan","hubris:AncientText","hubris:PeanutButter","Vajra","Odd Mushroom","Calling Bell","Grinning Jar","CaptainsWheel","hubris:BottledRain","Bird Faced Urn","infinitespire:Satchel","Replay:Fungal Core","Strawberry","Replay:Wanted Poster","Membership Card","ReplayFunnel","FossilizedHelix","hubris:Icosahedron","Lantern","hubris:SlimyHat","aspiration:ArtOfWarUpgrade","Counterbalance","hubris:NiceRug","Replay:Rubber Ducky","Strawberry","Lee\u0027s Waffle","Oddly Smooth Stone"],"acts_visited":["Exordium","TheCity","TheBeyond","TheEnding"],"potions_floor_usage":[45,55],"damage_taken":[{"damage":0.0,"enemies":"Jaw Worm","floor":1.0,"turns":3.0},{"damage":0.0,"enemies":"2 Louse","floor":3.0,"turns":3.0},{"damage":1.0,"enemies":"Cultist","floor":4.0,"turns":4.0},{"damage":11.0,"enemies":"Lagavulin","floor":6.0,"turns":7.0},{"damage":2.0,"enemies":"Looter","floor":7.0,"turns":3.0},{"damage":12.0,"enemies":"3 Sentries","floor":8.0,"turns":4.0},{"damage":0.0,"enemies":"Large Slime","floor":10.0,"turns":5.0},{"damage":0.0,"enemies":"Lagavulin","floor":12.0,"turns":7.0},{"damage":0.0,"enemies":"The Mushroom Lair","floor":13.0,"turns":2.0},{"damage":0.0,"enemies":"Lots of Slimes","floor":14.0,"turns":4.0},{"damage":9.0,"enemies":"Hexaghost","floor":16.0,"turns":6.0},{"damage":0.0,"enemies":"Spheric Guardian","floor":18.0,"turns":3.0},{"damage":0.0,"enemies":"Chosen","floor":20.0,"turns":5.0},{"damage":0.0,"enemies":"Centurion and Healer","floor":21.0,"turns":5.0},{"damage":10.0,"enemies":"Replay:Snechameleon","floor":23.0,"turns":6.0},{"damage":0.0,"enemies":"Snake Plant","floor":25.0,"turns":4.0},{"damage":4.0,"enemies":"Shelled Parasite and Fungi","floor":27.0,"turns":3.0},{"damage":10.0,"enemies":"Slavers","floor":28.0,"turns":5.0},{"damage":0.0,"enemies":"Cultist and Chosen","floor":30.0,"turns":4.0},{"damage":8.0,"enemies":"Snecko","floor":31.0,"turns":4.0},{"damage":1.0,"enemies":"Automaton","floor":33.0,"turns":6.0},{"damage":0,"enemies":"3 Darklings","floor":35,"turns":5},{"damage":0,"enemies":"3 Shapes","floor":37,"turns":4},{"damage":0,"enemies":"R_Hoarder","floor":40,"turns":5},{"damage":0,"enemies":"3 Darklings","floor":41,"turns":5},{"damage":0,"enemies":"Writhing Mass","floor":44,"turns":5},{"damage":5,"enemies":"Nemesis","floor":45,"turns":7},{"damage":0,"enemies":"4 Shapes","floor":48,"turns":4},{"damage":11,"enemies":"Replay:Hell Engine","floor":50,"turns":9},{"damage":12,"enemies":"hubris:Merchant","floor":53,"turns":5},{"damage":6,"enemies":"Shield and Spear","floor":54,"turns":5},{"damage":12,"enemies":"The Heart","floor":55,"turns":7}],"seed_played":"8539264917723060260","potions_obtained":[{"floor":1.0,"key":"Doom Potion"},{"floor":4.0,"key":"ColorlessPotion"},{"floor":13.0,"key":"EntropicBrew"},{"floor":16.0,"key":"AttackPotion"},{"floor":20.0,"key":"ColorlessPotion"},{"floor":27.0,"key":"Block Potion"},{"floor":28.0,"key":"SteroidPotion"},{"floor":41,"key":"GamblersBrew"},{"floor":48,"key":"Ancient Potion"}],"is_trial":false,"path_per_floor":["M","?","M","M","?","E","M","E","T","M","R","E","?","M","R","B",null,"M","$","M","M","?","E","R","M","T","M","E","AVR","M","M","R","B",null,"M","$","M","?","?","E","M","R","T","M","E","R","$","M","R","B",null,"R","$","E","B",null],"character_chosen":"THE_SILENT","items_purchased":["Sneak Up","Blade Dance","Accuracy","ReplayTheSpireMod:Scrap Shanks","Replay:Bandana","Guide Book","ReplayTheSpireMod:CursedCoin","expansioncontent:HyperBeam","PiercingWail","Dagger Throw","Bird Faced Urn","Infinite Blades","Membership Card","ReplayFunnel","FossilizedHelix","Counterbalance","hubris:EnhanceAbility"],"campfire_rested":1,"item_purchase_floors":[0,0,0,0,0,0,0,0,0,0,19,19,36,36,36,47,47],"current_hp_per_floor":[49,49,49,48,48,37,35,23,23,23,44,44,44,44,44,35,70,70,70,70,70,63,60,60,68,68,70,62,69,77,71,71,76,77,77,77,77,77,77,77,77,77,77,77,72,72,72,74,74,63,74,74,88,88,82],"gold":870,"neow_bonus":"","is_daily":false,"chose_seed":false,"campfire_upgraded":4,"win_rate":0.0,"timestamp":1610201414,"path_taken":["M","?","M","M","?","E","M","E","T","M","R","E","?","M","R","BOSS","M","$","M","M","?","E","R","M","T","M","E","AVR","M","?","R","BOSS","M","$","M","?","?","E","?","R","T","M","E","R","$","M","R","BOSS","R","$","E","BOSS"],"items_purchased_type":["Card","Card","Card","Card","Relic","Relic","Relic","Card","Card","Card","Relic","Card","Relic","Relic","Relic","Relic","Card"],"build_version":"2020-12-22","purchased_purges":3,"victory":true,"max_hp_per_floor":[70,70,70,70,70,70,70,70,70,70,70,70,70,70,70,70,70,70,70,70,70,70,70,70,70,70,70,70,77,77,77,77,77,77,77,77,77,77,77,77,77,77,77,77,77,77,74,74,74,74,74,74,88,88,88],"relic_stats":{"Lee\u0027s Waffle":19,"counters":[179,879],"Ornamental Fan":[508],"Bird Faced Urn":[53],"obtain_stats":[{"TwistedFunnel":0,"infinitespire:BottledMercury":46,"Vampiric Spirits":46,"downfall:HeartBlessingGreen":10,"hubris:MysteriousPyramids":9,"Boot":52,"Ring of Searing":38,"Blood Vial":43,"Replay:Wanted Poster":34,"infinitespire:ShieldingShard":13,"hubris:HerbalPaste":0,"hubris:AstralHammer":40,"Replay:Bronze Core":34,"MealTicket":48,"hubris:DeckOfHolding":28,"infinitespire:Golems Mask":48,"Replay:Bottled Flurry":46,"Kunai":47,"Replay:Wax Seal":18,"hubris:MobiusCoin":6,"MerchantsRug":53,"Counterbalance":38,"ReplayTheSpireMod:Ring of Addiction":46,"hubris:SphereOfDissonance":0,"Pen Nib":25,"infinitespire:Magic Flask":9,"aspiration:IroncladSkillbook":17,"aspiration:FrozenJewel":9,"infinitespire:EvilPickle":33,"SlaversCollar":17,"infinitespire:Broken Mirror":54,"Bird Faced Urn":39,"Pandora\u0027s Box":34,"infinitespire:PuzzleCube":24,"Regal Pillow":29,"aspiration:Lifesprig":0,"Lantern":40,"Torii":7,"Blue Doll":52,"Bag of Preparation":42,"hubris:EmptyBottle":29,"Ancient Tea Set":5,"Cursed Key":34,"Pet Ghost":41,"Replay:Rubber Ducky":36,"Shovel":3,"Ring of Fangs":46,"infinitespire:Bottled Soul":43,"Ring of Peace":38,"aspiration:AnachronicSnailShell":41,"hubris:CuriousFeather":38,"WingedGreaves":36,"Replay:Bottled Eggs":53,"Ring of Panic":10,"InkBottle":25,"aspiration:ChemicalBlood":24,"hubris:GlazedTorus":46,"Ring of the Snake":0,"Potion Belt":44,"Lee\u0027s Waffle":53,"downfall:HeartBlessingRed":10,"Replay:Fungal Core":29,"Damaru":6,"Omamori":45,"hubris:Towel":30,"Busted Crown":17,"Ornamental Fan":6,"Art of War":37,"Garlic":11,"Toy Ornithopter":46,"infinitespire:Midas Blood":0,"hubris:BottledRain":17,"Ice Cream":44,"Calipers":23,"hubris:CrystalStatue":41,"Vajra":12,"Centennial Puzzle":48,"DollysMirror":20,"Strawberry":49,"aspiration:ArtOfWarUpgrade":49,"Iron Hammer":54,"Happy Flower":43,"ReplayTheSpireMod:CursedCoin":53,"Oddly Smooth Stone":10,"Ring of Chaos":34,"infinitespire:Beetle Shell":53,"SaiyanHeart":0,"aspiration:SeaSaltIceCream":41,"War Paint":9,"aspiration:HiddenCompartment":29,"Question Card":25,"Replay:Baseball":29,"Bottled Flame":8,"ReplayTheSpireMod:Shallot":36,"Bronze Scales":54,"Molten Egg 2":23,"hubris:PeanutButter":9,"ReplayTheSpireMod:TigerMarble":43,"Black Star":17,"Grinning Jar":17,"aspiration:HatOfInfinitePower":37,"Mirror":9,"Meat on the Bone":4,"Pocketwatch":36,"ReplayFunnel":36,"SacredBark":46,"Mango":20,"aspiration:TomeofQuesting":38,"hubris:SlimyHat":36,"ClockworkSouvenir":53,"Replay:Bandana":0,"hubris:Icosahedron":47,"downfall:HeartBlessingBlue":18,"Mummified Hand":19,"Gambling Chip":0,"Runic Pyramid":21,"hubris:KleinBottle":37,"Gremlin Food":21,"BargainBundle":0,"ReplayTheSpireMod:Ninjato":41,"Quantum Egg":43,"ReplayTheSpireMod:Ring of Sloth":10,"Guide Book":0,"Replay:WaspNest":53,"Orichalcum":47,"Odd Mushroom":13,"Calling Bell":47,"Pondfish Scales":29,"Anchor":37,"CaptainsWheel":17,"infinitespire:Satchel":31,"SaiyanSoul":0,"Bag of Marbles":6,"Snack Pack":0,"Membership Card":20,"PureWater":0,"TungstenRod":29,"hubris:AncientText":36,"FossilizedHelix":36,"hubris:NiceRug":53},{"TwistedFunnel":121,"infinitespire:BottledMercury":58,"Vampiric Spirits":144,"downfall:HeartBlessingGreen":6,"hubris:MysteriousPyramids":97,"Boot":32,"Ring of Searing":83,"Blood Vial":85,"Replay:Wanted Poster":168,"infinitespire:ShieldingShard":70,"hubris:HerbalPaste":92,"hubris:AstralHammer":24,"Replay:Bronze Core":51,"MealTicket":59,"hubris:DeckOfHolding":77,"infinitespire:Golems Mask":144,"Replay:Bottled Flurry":116,"Kunai":88,"Replay:Wax Seal":11,"hubris:MobiusCoin":4,"MerchantsRug":32,"Counterbalance":24,"ReplayTheSpireMod:Ring of Addiction":27,"hubris:SphereOfDissonance":121,"Pen Nib":16,"infinitespire:Magic Flask":37,"aspiration:IroncladSkillbook":42,"aspiration:FrozenJewel":67,"infinitespire:EvilPickle":51,"SlaversCollar":11,"infinitespire:Broken Mirror":120,"Bird Faced Urn":113,"Pandora\u0027s Box":137,"infinitespire:PuzzleCube":45,"Regal Pillow":18,"aspiration:Lifesprig":62,"Lantern":171,"Torii":4,"Blue Doll":32,"Bag of Preparation":85,"hubris:EmptyBottle":18,"Ancient Tea Set":4,"Cursed Key":111,"Pet Ghost":24,"Replay:Rubber Ducky":23,"Shovel":2,"Ring of Fangs":27,"infinitespire:Bottled Soul":26,"Ring of Peace":83,"aspiration:AnachronicSnailShell":114,"hubris:CuriousFeather":54,"WingedGreaves":140,"Replay:Bottled Eggs":32,"Ring of Panic":97,"InkBottle":107,"aspiration:ChemicalBlood":15,"hubris:GlazedTorus":88,"Ring of the Snake":0,"Potion Belt":86,"Lee\u0027s Waffle":177,"downfall:HeartBlessingRed":6,"Replay:Fungal Core":165,"Damaru":67,"Omamori":27,"hubris:Towel":136,"Busted Crown":131,"Ornamental Fan":151,"Art of War":23,"Garlic":98,"Toy Ornithopter":27,"infinitespire:Midas Blood":92,"hubris:BottledRain":158,"Ice Cream":144,"Calipers":105,"hubris:CrystalStatue":114,"Vajra":155,"Centennial Puzzle":29,"DollysMirror":13,"Strawberry":30,"aspiration:ArtOfWarUpgrade":175,"Iron Hammer":146,"Happy Flower":114,"ReplayTheSpireMod:CursedCoin":60,"Oddly Smooth Stone":6,"Ring of Chaos":22,"infinitespire:Beetle Shell":32,"SaiyanHeart":0,"aspiration:SeaSaltIceCream":24,"War Paint":6,"aspiration:HiddenCompartment":78,"Question Card":107,"Replay:Baseball":18,"Bottled Flame":127,"ReplayTheSpireMod:Shallot":112,"Bronze Scales":120,"Molten Egg 2":105,"hubris:PeanutButter":153,"ReplayTheSpireMod:TigerMarble":26,"Black Star":100,"Grinning Jar":158,"aspiration:HatOfInfinitePower":23,"Mirror":127,"Meat on the Bone":94,"Pocketwatch":112,"ReplayFunnel":169,"SacredBark":27,"Mango":13,"aspiration:TomeofQuesting":24,"hubris:SlimyHat":23,"ClockworkSouvenir":32,"Replay:Bandana":147,"hubris:Icosahedron":144,"downfall:HeartBlessingBlue":11,"Mummified Hand":43,"Gambling Chip":33,"Runic Pyramid":74,"hubris:KleinBottle":23,"Gremlin Food":74,"BargainBundle":62,"ReplayTheSpireMod:Ninjato":143,"Quantum Egg":56,"ReplayTheSpireMod:Ring of Sloth":97,"Guide Book":147,"Replay:WaspNest":60,"Orichalcum":88,"Odd Mushroom":156,"Calling Bell":88,"Pondfish Scales":18,"Anchor":83,"CaptainsWheel":158,"infinitespire:Satchel":80,"SaiyanSoul":0,"Bag of Marbles":36,"Snack Pack":62,"Membership Card":13,"PureWater":0,"TungstenRod":109,"hubris:AncientText":112,"FossilizedHelix":169,"hubris:NiceRug":177},{"TwistedFunnel":591,"infinitespire:BottledMercury":304,"Vampiric Spirits":705,"downfall:HeartBlessingGreen":31,"hubris:MysteriousPyramids":480,"Boot":214,"Ring of Searing":418,"Blood Vial":426,"Replay:Wanted Poster":818,"infinitespire:ShieldingShard":356,"hubris:HerbalPaste":462,"hubris:AstralHammer":137,"Replay:Bronze Core":277,"MealTicket":307,"hubris:DeckOfHolding":389,"infinitespire:Golems Mask":705,"Replay:Bottled Flurry":563,"Kunai":441,"Replay:Wax Seal":49,"hubris:MobiusCoin":22,"MerchantsRug":214,"Counterbalance":137,"ReplayTheSpireMod:Ring of Addiction":167,"hubris:SphereOfDissonance":591,"Pen Nib":78,"infinitespire:Magic Flask":235,"aspiration:IroncladSkillbook":246,"aspiration:FrozenJewel":343,"infinitespire:EvilPickle":277,"SlaversCollar":49,"infinitespire:Broken Mirror":585,"Bird Faced Urn":547,"Pandora\u0027s Box":666,"infinitespire:PuzzleCube":255,"Regal Pillow":94,"aspiration:Lifesprig":323,"Lantern":832,"Torii":22,"Blue Doll":214,"Bag of Preparation":426,"hubris:EmptyBottle":94,"Ancient Tea Set":22,"Cursed Key":542,"Pet Ghost":137,"Replay:Rubber Ducky":126,"Shovel":12,"Ring of Fangs":167,"infinitespire:Bottled Soul":154,"Ring of Peace":418,"aspiration:AnachronicSnailShell":555,"hubris:CuriousFeather":289,"WingedGreaves":683,"Replay:Bottled Eggs":214,"Ring of Panic":480,"InkBottle":523,"aspiration:ChemicalBlood":72,"hubris:GlazedTorus":441,"Ring of the Snake":0,"Potion Belt":431,"Lee\u0027s Waffle":867,"downfall:HeartBlessingRed":31,"Replay:Fungal Core":804,"Damaru":343,"Omamori":167,"hubris:Towel":656,"Busted Crown":632,"Ornamental Fan":742,"Art of War":126,"Garlic":487,"Toy Ornithopter":167,"infinitespire:Midas Blood":462,"hubris:BottledRain":773,"Ice Cream":705,"Calipers":517,"hubris:CrystalStatue":555,"Vajra":761,"Centennial Puzzle":181,"DollysMirror":56,"Strawberry":193,"aspiration:ArtOfWarUpgrade":853,"Iron Hammer":718,"Happy Flower":555,"ReplayTheSpireMod:CursedCoin":314,"Oddly Smooth Stone":31,"Ring of Chaos":116,"infinitespire:Beetle Shell":214,"SaiyanHeart":0,"aspiration:SeaSaltIceCream":137,"War Paint":31,"aspiration:HiddenCompartment":394,"Question Card":523,"Replay:Baseball":94,"Bottled Flame":610,"ReplayTheSpireMod:Shallot":545,"Bronze Scales":585,"Molten Egg 2":517,"hubris:PeanutButter":749,"ReplayTheSpireMod:TigerMarble":154,"Black Star":500,"Grinning Jar":773,"aspiration:HatOfInfinitePower":126,"Mirror":610,"Meat on the Bone":467,"Pocketwatch":545,"ReplayFunnel":823,"SacredBark":167,"Mango":56,"aspiration:TomeofQuesting":137,"hubris:SlimyHat":126,"ClockworkSouvenir":214,"Replay:Bandana":725,"hubris:Icosahedron":705,"downfall:HeartBlessingBlue":49,"Mummified Hand":249,"Gambling Chip":226,"Runic Pyramid":381,"hubris:KleinBottle":126,"Gremlin Food":381,"BargainBundle":323,"ReplayTheSpireMod:Ninjato":699,"Quantum Egg":297,"ReplayTheSpireMod:Ring of Sloth":480,"Guide Book":725,"Replay:WaspNest":314,"Orichalcum":441,"Odd Mushroom":763,"Calling Bell":441,"Pondfish Scales":94,"Anchor":418,"CaptainsWheel":773,"infinitespire:Satchel":402,"SaiyanSoul":0,"Bag of Marbles":233,"Snack Pack":323,"Membership Card":56,"PureWater":0,"TungstenRod":530,"hubris:AncientText":545,"FossilizedHelix":823,"hubris:NiceRug":867}],"Ring of the Snake":[116]},"card_choices":[{"not_picked":["Sucker Punch","Flying Knee","Toxin Wave"],"picked":"SKIP","floor":1.0},{"not_picked":["Sneak Up","Night Terror","Deadly Poison"],"picked":"SKIP","floor":3.0},{"not_picked":["Dash","Choke"],"picked":"Blur","floor":4.0},{"not_picked":["Riddle With Holes","Atom Bomb"],"picked":"Backflip","floor":6.0},{"not_picked":["Replay:Poison Smokescreen","Masterful Stab","Backflip"],"picked":"SKIP","floor":7.0},{"not_picked":["Quick Slash","Catalyst"],"picked":"Dodge and Roll","floor":8.0},{"not_picked":["Quick Slash","Backflip","Poisoned Stab"],"picked":"SKIP","floor":10.0},{"not_picked":["Prepared","Reflex"],"picked":"ReplayTheSpireMod:Shiv Toss","floor":12.0},{"not_picked":["ReplayTheSpireMod:Exploit Weakness","Backflip"],"picked":"Underhanded Strike","floor":13.0},{"not_picked":["Predator","Dodge and Roll"],"picked":"Eviscerate","floor":14.0},{"not_picked":["Sucker Punch","PiercingWail"],"picked":"Acrobatics","floor":18.0},{"not_picked":["Deflect","PiercingWail"],"picked":"Tactician","floor":20.0},{"not_picked":["ReplayTheSpireMod:The Works","Toxin Wave","ReplayTheSpireMod:Exploit Weakness"],"picked":"SKIP","floor":21.0},{"not_picked":["Acrobatics","Poisoned Stab"],"picked":"hubris:SlightOfHand+1","floor":23.0},{"not_picked":["Catalyst","Slice"],"picked":"Distraction+1","floor":25.0},{"not_picked":["Sucker Punch","Dagger Throw"],"picked":"Blade Dance","floor":27.0},{"not_picked":["Quick Slash+1","PiercingWail","Hidden Blade"],"picked":"SKIP","floor":28.0},{"not_picked":["hubris:SlightOfHand","hubris:TrickCloak+1"],"picked":"Fluid Movement+1","floor":30.0},{"not_picked":["Heel Hook","Reflex"],"picked":"hubris:Sniper","floor":31.0},{"not_picked":["aspiration:Lunge","ReplayTheSpireMod:Necrosis"],"picked":"Doppelganger","floor":33.0},{"not_picked":["Dagger Spray+1","Deflect+1","Sucker Punch"],"picked":"SKIP","floor":35},{"not_picked":["Dodge and Roll+1","Dagger Throw+1"],"picked":"Calculated Gamble","floor":37},{"not_picked":["hubris:SlightOfHand","Cloak And Dagger+1"],"picked":"Infinite Blades+1","floor":40},{"not_picked":["Flying Knee","Glass Knife","Riddle With Holes+1"],"picked":"SKIP","floor":41},{"not_picked":["Dagger Spray+1","Flechettes+1","ReplayTheSpireMod:Exploit Weakness+1"],"picked":"SKIP","floor":44},{"not_picked":["Finisher+1","Eviscerate+1","PiercingWail+1"],"picked":"SKIP","floor":45},{"not_picked":["hubris:SlightOfHand","Crippling Poison+1"],"picked":"Caltrops+1","floor":48},{"not_picked":[],"picked":"Caltrops","floor":53},{"not_picked":[],"picked":"Replay:SS_hec_1","floor":53},{"not_picked":[],"picked":"Secret Weapon","floor":53},{"not_picked":["Quick Slash"],"picked":"SKIP","floor":53},{"not_picked":["Underhanded Strike"],"picked":"SKIP","floor":53},{"not_picked":["Reflex"],"picked":"SKIP","floor":53},{"not_picked":["Acrobatics"],"picked":"SKIP","floor":53},{"not_picked":["Slice+1","Blur"],"picked":"Blade Dance","floor":54}],"player_experience":529940,"relics_obtained":[{"floor":6.0,"key":"Ornamental Fan"},{"floor":8.0,"key":"hubris:AncientText"},{"floor":9.0,"key":"hubris:PeanutButter"},{"floor":12.0,"key":"Vajra"},{"floor":13.0,"key":"Odd Mushroom"},{"floor":17.0,"key":"Grinning Jar"},{"floor":17.0,"key":"CaptainsWheel"},{"floor":17.0,"key":"hubris:BottledRain"},{"floor":23.0,"key":"infinitespire:Satchel"},{"floor":28.0,"key":"aspiration:Lifesprig"},{"floor":40,"key":"Lantern"},{"floor":43,"key":"hubris:SlimyHat"},{"floor":45,"key":"Art of War"},{"floor":53,"key":"Replay:Rubber Ducky"},{"floor":53,"key":"Strawberry"},{"floor":53,"key":"Lee\u0027s Waffle"},{"floor":54,"key":"Oddly Smooth Stone"}],"event_choices":[{"damage_healed":0.0,"max_hp_gain":0.0,"max_hp_loss":0.0,"gold_gain":0.0,"event_name":"Living Wall","player_choice":"Grow","floor":5.0,"gold_loss":0.0,"damage_taken":0.0,"cards_upgraded":["expansioncontent:HyperBeam"]},{"damage_healed":0.0,"max_hp_gain":0.0,"max_hp_loss":0.0,"gold_gain":0.0,"event_name":"Mushrooms","player_choice":"Fought Mushrooms","floor":13.0,"gold_loss":0.0,"damage_taken":0.0},{"damage_healed":0.0,"max_hp_gain":0.0,"max_hp_loss":0.0,"gold_gain":0.0,"event_name":"Wheel of Change","player_choice":"Damaged","floor":22.0,"gold_loss":0.0,"damage_taken":7.0},{"damage_healed":0,"gold_gain":0,"player_choice":"Full Heal","damage_taken":0,"max_hp_gain":0,"max_hp_loss":0,"event_name":"Wheel of Change","floor":39,"gold_loss":0}],"is_beta":false,"boss_relics":[{"not_picked":["hubris:VirtuousBlindfold","Kintsugi"],"picked":"Calling Bell"},{"not_picked":["ReplayTheSpireMod:DimensionalGlitch","Replay:Drink Me"],"picked":"Replay:Wanted Poster"}],"items_purged_floors":[0,29,47],"is_endless":false,"potions_floor_spawned":[1,4,13,16,20,23,25,27,28,41,44,48,54],"ascension_level":4}}