{"host":"ci7cmvrwpmzqnw7e","time":1610175380,"event":{"mods":["BaseMod","BetterRewards","Colored Map","Downfall","Highlight Path","Hubris","Minty Spire (QoL Compilation)","Rare Cards Sparkle","Replay The Spire","Shop Mod","StSLib","The Disciple"],"gold_per_floor":[119,309,322,336,336,336,347,347,370,380,380,396,396,396,396,500,500,518,533,533,239,250,283,283,283,283],"floor_reached":25,"playtime":608,"items_purged":[],"score":213,"play_id":"ee259b9e-35b8-4f5f-9088-8df961ce7630","local_time":"20210108235620","is_ascension_mode":false,"campfire_choices":[{"data":"hubris:PowerSurge","floor":6,"key":"SMITH"},{"data":"Panic Button","floor":8,"key":"SMITH"},{"data":"Ball Lightning","floor":11,"key":"SMITH"},{"data":"Zap","floor":15,"key":"SMITH"},{"floor":24,"key":"REST"}],"circlet_count":0,"master_deck":["Strike_B+1","Strike_B","Strike_B+1","Strike_B","Defend_B","Defend_B","Defend_B","Defend_B","Zap+1","Dualcast","hubris:PowerSurge+1","Regret","Panic Button+1","Ball Lightning+1","Panic Button","Echo Form","Redo","Seek","Ball Lightning+1"],"relics":["Cracked Core","NeowsBlessing","hubris:BallOfYels","Anchor","hubris:Icosahedron","Sozu","hubris:Towel","Whetstone","Toxic Egg 2"],"acts_visited":["Exordium","TheCity"],"potions_floor_usage":[],"damage_taken":[{"damage":0,"enemies":"Jaw Worm","floor":1,"turns":1},{"damage":0,"enemies":"Small Slimes","floor":3,"turns":1},{"damage":0,"enemies":"2 Louse","floor":4,"turns":1},{"damage":6,"enemies":"Exordium Wildlife","floor":7,"turns":2},{"damage":2,"enemies":"Large Slime","floor":10,"turns":2},{"damage":2,"enemies":"3 Louse","floor":12,"turns":2},{"damage":34,"enemies":"Slime Boss","floor":16,"turns":9},{"damage":11,"enemies":"2 Thieves","floor":18,"turns":3},{"damage":3,"enemies":"Chosen","floor":19,"turns":3},{"damage":9,"enemies":"Snake Plant","floor":22,"turns":3},{"damage":32,"enemies":"Slavers","floor":23,"turns":3},{"damage":43,"enemies":"Shelled Parasite and Fungi","floor":25,"turns":3}],"seed_played":"-4467344262173544103","potions_obtained":[{"floor":4,"key":"LifebloodPotion"},{"floor":7,"key":"Reflective Coating"},{"floor":10,"key":"Elixir"},{"floor":16,"key":"Adrenaline Potion"}],"is_trial":false,"path_per_floor":["M","?","M","M","?","R","M","R","T","M","R","M","?","?","R","B",null,"M","M","?","$","M","E","R","M"],"character_chosen":"DEFECT","items_purchased":["Whetstone","Seek"],"campfire_rested":1,"item_purchase_floors":[21,21],"current_hp_per_floor":[75,75,75,75,75,75,69,69,69,67,67,65,65,65,65,31,75,64,61,61,61,52,20,42,0,0],"gold":283,"neow_bonus":"THREE_ENEMY_KILL","is_daily":false,"chose_seed":false,"campfire_upgraded":4,"win_rate":0.0,"timestamp":1610175380,"path_taken":["M","?","M","M","?","R","M","R","T","?","R","M","?","?","R","BOSS","M","?","?","$","M","E","R","M"],"items_purchased_type":["Relic","Card"],"build_version":"2020-12-22","purchased_purges":0,"victory":false,"max_hp_per_floor":[75,75,75,75,75,75,75,75,75,75,75,75,75,75,75,75,75,75,75,75,75,75,75,75,75,75],"card_choices":[{"not_picked":["Redo","Hologram"],"picked":"hubris:PowerSurge","floor":1},{"not_picked":["Reinforced Body","Hologram","Beam Cell"],"picked":"SKIP","floor":3},{"not_picked":["Sunder","Compile Driver","ReplayTheSpireMod:Repulse"],"picked":"SKIP","floor":4},{"not_picked":["Streamline","Go for the Eyes"],"picked":"Panic Button","floor":7},{"not_picked":["ReplayTheSpireMod:Fabricate Wheel","Rebound"],"picked":"Ball Lightning","floor":10},{"not_picked":["Hologram","Blizzard"],"picked":"Panic Button","floor":12},{"not_picked":["Buffer","hubris:Prefetch"],"picked":"Echo Form","floor":16},{"not_picked":["Barrage","Beam Cell","Crystallizer+1"],"picked":"SKIP","floor":18},{"not_picked":["Hologram","Heatsinks"],"picked":"Redo","floor":19},{"not_picked":["Reprogram","Redo+1"],"picked":"Ball Lightning+1","floor":22},{"not_picked":["Stack+1","hubris:Prefetch+1","Conserve Battery+1"],"picked":"SKIP","floor":23}],"player_experience":34484,"relics_obtained":[{"floor":9,"key":"Anchor"},{"floor":23,"key":"Toxic Egg 2"}],"event_choices":[{"damage_healed":0,"gold_gain":0,"player_choice":"Box","damage_taken":0,"relics_obtained":["hubris:BallOfYels"],"max_hp_gain":0,"max_hp_loss":0,"event_name":"Big Fish","floor":5,"gold_loss":0,"cards_obtained":["Regret"]},{"damage_healed":0,"gold_gain":0,"player_choice":"Bought 0 Potions","damage_taken":0,"max_hp_gain":0,"max_hp_loss":0,"event_name":"The Woman in Blue","floor":14,"gold_loss":0}],"is_beta":false,"boss_relics":[{"not_picked":["Busted Crown","Replay:Wanted Poster"],"picked":"Sozu"}],"items_purged_floors":[],"is_endless":false,"potions_floor_spawned":[4,7,10,16,19,23],"killed_by":"Shelled Parasite and Fungi","ascension_level":0}}