{"host":"rolltorest","time":1610152931,"event":{"mods":["BaseMod","Minty Spire (QoL Compilation)","Relic Stats","Robot Space Explorer","Slay the Relics Exporter","StSLib"],"gold_per_floor":[115,129,143,143,293,293,5,45,117,156,183,196,196,239,239,322,322,343,352,380,580,596,605,646,655,655,681,681,72,115,143,152,240,240,257,266,284,293,293],"floor_reached":38,"playtime":1438,"items_purged":["Doubt","RobotSpaceExplorer:Strike"],"score":853,"play_id":"719a6e2e-ff42-41db-8bd1-4afa83c26cbe","local_time":"20210108164211","is_ascension_mode":true,"campfire_choices":[{"data":"RobotSpaceExplorer:ShovelStrike","floor":6,"key":"SMITH"},{"data":"RobotSpaceExplorer:Arsenal","floor":15,"key":"SMITH"},{"floor":23,"key":"REST"},{"floor":25,"key":"REST"},{"floor":28,"key":"REST"},{"floor":32,"key":"REST"}],"circlet_count":0,"master_deck":["AscendersBane","RobotSpaceExplorer:Strike+1","RobotSpaceExplorer:Strike","RobotSpaceExplorer:Strike+1","RobotSpaceExplorer:Defend","RobotSpaceExplorer:Defend","RobotSpaceExplorer:Defend","RobotSpaceExplorer:Defend","RobotSpaceExplorer:Scan","RobotSpaceExplorer:MiniLasers","RobotSpaceExplorer:SurgingStrike","RobotSpaceExplorer:TurboDodge","RobotSpaceExplorer:ShovelStrike+1","RobotSpaceExplorer:FrostMissile","RobotSpaceExplorer:LaserBurst","RobotSpaceExplorer:DoubleFind","RobotSpaceExplorer:Multitool","RobotSpaceExplorer:Arsenal+1","RobotSpaceExplorer:Explosion","RobotSpaceExplorer:SurgingShield+1","RobotSpaceExplorer:TurboDodge","RobotSpaceExplorer:ScrapMissile","RobotSpaceExplorer:Fix","RobotSpaceExplorer:FrostMissile","RobotSpaceExplorer:GearShield","RobotSpaceExplorer:MetalStrike+1","RobotSpaceExplorer:StarLightning+1","RobotSpaceExplorer:DoubleFind","RobotSpaceExplorer:TrailblazerForm","RobotSpaceExplorer:Explosion","Writhe","Parasite"],"relics":["RobotSpaceExplorer:RoboCore","NeowsBlessing","Lee\u0027s Waffle","CeramicFish","The Courier","Dream Catcher","Vajra","SlaversCollar","Darkstone Periapt","Pear","TungstenRod","Bronze Scales","RobotSpaceExplorer:SlideRule","Sundial","Black Star"],"acts_visited":["Exordium","TheCity","TheBeyond"],"potions_floor_usage":[18,20,20,37,38],"damage_taken":[{"damage":0,"enemies":"Cultist","floor":1,"turns":1},{"damage":0,"enemies":"Small Slimes","floor":2,"turns":1},{"damage":0,"enemies":"Jaw Worm","floor":3,"turns":1},{"damage":26,"enemies":"Gremlin Nob","floor":8,"turns":4},{"damage":15,"enemies":"3 Sentries","floor":10,"turns":6},{"damage":0,"enemies":"Exordium Thugs","floor":11,"turns":4},{"damage":9,"enemies":"3 Louse","floor":12,"turns":4},{"damage":9,"enemies":"Lagavulin","floor":14,"turns":7},{"damage":31,"enemies":"The Guardian","floor":16,"turns":13},{"damage":27,"enemies":"Spheric Guardian","floor":18,"turns":6},{"damage":15,"enemies":"3 Byrds","floor":20,"turns":7},{"damage":8,"enemies":"Snecko","floor":22,"turns":4},{"damage":41,"enemies":"Book of Stabbing","floor":24,"turns":6},{"damage":42,"enemies":"Chosen and Byrds","floor":27,"turns":8},{"damage":29,"enemies":"Slavers","floor":30,"turns":5},{"damage":14,"enemies":"Snake Plant","floor":31,"turns":4},{"damage":9,"enemies":"Champ","floor":33,"turns":12},{"damage":37,"enemies":"3 Shapes","floor":35,"turns":12},{"damage":58,"enemies":"3 Darklings","floor":37,"turns":8},{"damage":24,"enemies":"Writhing Mass","floor":38,"turns":3}],"seed_played":"2757442572019758499","potions_obtained":[{"floor":3,"key":"FairyPotion"},{"floor":8,"key":"GamblersBrew"},{"floor":18,"key":"Regen Potion"},{"floor":22,"key":"Dexterity Potion"},{"floor":24,"key":"Ancient Potion"},{"floor":31,"key":"Fire Potion"},{"floor":37,"key":"Weak Potion"}],"is_trial":false,"path_per_floor":["M","M","M","?","?","R","$","E","T","E","M","M","?","E","R","B",null,"M","?","M","?","M","R","E","R","T","M","R","$","E","M","R","B",null,"M","?","M","M"],"character_chosen":"RobotSpaceExplorer","items_purchased":["RobotSpaceExplorer:FrostMissile","Lee\u0027s Waffle","TungstenRod","Bronze Scales","RobotSpaceExplorer:SlideRule"],"campfire_rested":4,"item_purchase_floors":[7,7,29,29,29],"current_hp_per_floor":[64,64,64,43,43,43,78,52,52,37,37,28,54,45,45,14,62,35,35,35,35,27,50,13,36,46,4,30,30,5,21,47,42,77,44,68,14,0,0],"gold":293,"neow_bonus":"THREE_ENEMY_KILL","is_daily":false,"chose_seed":false,"campfire_upgraded":2,"win_rate":0.0,"timestamp":1610152931,"path_taken":["M","M","?","?","?","R","?","E","T","E","M","?","?","E","R","BOSS","M","?","M","?","?","R","E","R","T","M","R","$","E","M","R","BOSS","M","?","M","M"],"items_purchased_type":["Card","Relic","Relic","Relic","Relic"],"build_version":"2020-12-18","purchased_purges":2,"victory":false,"max_hp_per_floor":[71,71,71,71,71,71,78,78,78,78,78,78,78,78,78,78,78,78,78,78,78,78,78,78,78,88,88,88,88,88,88,88,88,88,88,94,94,100,100],"relic_stats":{"Darkstone Periapt":12,"Lee\u0027s Waffle":35,"Dream Catcher":4,"counters":[20,116],"Sundial":[2],"CeramicFish":162,"Bronze Scales":[120],"Black Star":0,"obtain_stats":[{"Darkstone Periapt":24,"Lee\u0027s Waffle":7,"Pear":26,"RobotSpaceExplorer:SlideRule":29,"NeowsBlessing":0,"CeramicFish":8,"Vajra":14,"RobotSpaceExplorer:RoboCore":0,"The Courier":9,"SlaversCollar":17,"Dream Catcher":10,"Sundial":30,"Bronze Scales":29,"Black Star":34,"TungstenRod":29},{"Darkstone Periapt":13,"Lee\u0027s Waffle":3,"Pear":13,"RobotSpaceExplorer:SlideRule":14,"NeowsBlessing":0,"CeramicFish":4,"Vajra":8,"RobotSpaceExplorer:RoboCore":0,"The Courier":4,"SlaversCollar":9,"Dream Catcher":5,"Sundial":15,"Bronze Scales":14,"Black Star":17,"TungstenRod":14},{"Darkstone Periapt":64,"Lee\u0027s Waffle":3,"Pear":64,"RobotSpaceExplorer:SlideRule":72,"NeowsBlessing":0,"CeramicFish":7,"Vajra":28,"RobotSpaceExplorer:RoboCore":0,"The Courier":7,"SlaversCollar":41,"Dream Catcher":13,"Sundial":77,"Bronze Scales":72,"Black Star":93,"TungstenRod":72}],"TungstenRod":24},"card_choices":[{"not_picked":["RobotSpaceExplorer:SurgingShield","RobotSpaceExplorer:Calculate"],"picked":"RobotSpaceExplorer:SurgingStrike","floor":1},{"not_picked":["RobotSpaceExplorer:ShockKick","RobotSpaceExplorer:Counterblock"],"picked":"RobotSpaceExplorer:TurboDodge","floor":2},{"not_picked":["RobotSpaceExplorer:ImprovisedAttack","RobotSpaceExplorer:GlueShot"],"picked":"RobotSpaceExplorer:ShovelStrike","floor":3},{"not_picked":["RobotSpaceExplorer:Counterblock","RobotSpaceExplorer:FranticSearch"],"picked":"RobotSpaceExplorer:LaserBurst","floor":8},{"not_picked":["RobotSpaceExplorer:JunkDive","RobotSpaceExplorer:Calculate"],"picked":"RobotSpaceExplorer:DoubleFind","floor":10},{"not_picked":["RobotSpaceExplorer:SlimeMissile","RobotSpaceExplorer:IronShell"],"picked":"RobotSpaceExplorer:Multitool","floor":11},{"not_picked":["RobotSpaceExplorer:ShockKick","RobotSpaceExplorer:ShovelStrike","RobotSpaceExplorer:FranticSearch"],"picked":"SKIP","floor":12},{"not_picked":["RobotSpaceExplorer:MiniDrones","RobotSpaceExplorer:Autoloader"],"picked":"RobotSpaceExplorer:Arsenal","floor":14},{"not_picked":["RobotSpaceExplorer:DroneSwarm","RobotSpaceExplorer:Wormhole"],"picked":"RobotSpaceExplorer:Explosion","floor":16},{"not_picked":["RobotSpaceExplorer:LaserBurst","RobotSpaceExplorer:MetalStrike"],"picked":"RobotSpaceExplorer:SurgingShield+1","floor":18},{"not_picked":["RobotSpaceExplorer:SlimeMissile","RobotSpaceExplorer:Counterblock"],"picked":"RobotSpaceExplorer:ScrapMissile","floor":20},{"not_picked":["RobotSpaceExplorer:GlueSpray","RobotSpaceExplorer:MiniDrones","RobotSpaceExplorer:TurboDodge"],"picked":"SKIP","floor":22},{"not_picked":["RobotSpaceExplorer:ShovelStrike","RobotSpaceExplorer:ScrapMissile"],"picked":"RobotSpaceExplorer:Fix","floor":23},{"not_picked":["RobotSpaceExplorer:Reload","RobotSpaceExplorer:Jetpack"],"picked":"RobotSpaceExplorer:FrostMissile","floor":24},{"not_picked":["RobotSpaceExplorer:ScrapShield","RobotSpaceExplorer:ImprovisedAttack"],"picked":"RobotSpaceExplorer:GearShield","floor":25},{"not_picked":["RobotSpaceExplorer:Counterblock","RobotSpaceExplorer:ShockKick"],"picked":"RobotSpaceExplorer:MetalStrike+1","floor":27},{"not_picked":["RobotSpaceExplorer:MiniDrones","RobotSpaceExplorer:ShockKick"],"picked":"RobotSpaceExplorer:StarLightning+1","floor":30},{"not_picked":["RobotSpaceExplorer:StunGrenade","RobotSpaceExplorer:Probe"],"picked":"RobotSpaceExplorer:DoubleFind","floor":31},{"not_picked":["RobotSpaceExplorer:FreezingShield","RobotSpaceExplorer:PowerCollector"],"picked":"RobotSpaceExplorer:TrailblazerForm","floor":32},{"not_picked":["RobotSpaceExplorer:Multitool","RobotSpaceExplorer:Scanner"],"picked":"RobotSpaceExplorer:Explosion","floor":33},{"not_picked":["RobotSpaceExplorer:SurgingShield","RobotSpaceExplorer:ScrapMissile","RobotSpaceExplorer:GlueShot"],"picked":"SKIP","floor":35},{"not_picked":["RobotSpaceExplorer:Ammunition","RobotSpaceExplorer:SlimeMissile","RobotSpaceExplorer:FrostMissile"],"picked":"SKIP","floor":37}],"player_experience":1787059,"relics_obtained":[{"floor":8,"key":"CeramicFish"},{"floor":9,"key":"The Courier"},{"floor":10,"key":"Dream Catcher"},{"floor":14,"key":"Vajra"},{"floor":24,"key":"Darkstone Periapt"},{"floor":26,"key":"Pear"},{"floor":30,"key":"Sundial"}],"event_choices":[{"damage_healed":0,"gold_gain":0,"player_choice":"Entered Light","damage_taken":21,"max_hp_gain":0,"max_hp_loss":0,"event_name":"Shining Light","floor":4,"gold_loss":0,"cards_upgraded":["RobotSpaceExplorer:Strike","RobotSpaceExplorer:Strike"]},{"damage_healed":0,"gold_gain":150,"player_choice":"AGREE","damage_taken":0,"max_hp_gain":0,"max_hp_loss":0,"event_name":"Liars Game","floor":5,"gold_loss":0,"cards_obtained":["Doubt"]},{"damage_healed":26,"gold_gain":0,"player_choice":"Banana","damage_taken":0,"max_hp_gain":0,"max_hp_loss":0,"event_name":"Big Fish","floor":13,"gold_loss":0},{"damage_healed":0,"gold_gain":0,"player_choice":"Read","damage_taken":0,"max_hp_gain":0,"max_hp_loss":0,"event_name":"The Library","floor":19,"gold_loss":0,"cards_obtained":["RobotSpaceExplorer:TurboDodge"]},{"damage_healed":0,"gold_gain":250,"player_choice":"Bet on Owner","damage_taken":0,"max_hp_gain":0,"max_hp_loss":0,"event_name":"The Joust","floor":21,"gold_loss":50},{"damage_healed":18,"gold_gain":0,"player_choice":"Writhe","damage_taken":0,"max_hp_gain":0,"max_hp_loss":0,"event_name":"Winding Halls","floor":36,"gold_loss":0,"cards_obtained":["Writhe"]}],"is_beta":true,"boss_relics":[{"not_picked":["RobotSpaceExplorer:Reprocessor","Runic Dome"],"picked":"SlaversCollar"},{"not_picked":["Pandora\u0027s Box","Astrolabe"],"picked":"Black Star"}],"items_purged_floors":[7,29],"is_endless":false,"potions_floor_spawned":[3,8,11,18,22,24,31,37],"killed_by":"Writhing Mass","ascension_level":17}}