{"host":"8xi53560pl5zaoq2","time":1610178786,"event":{"mods":["BaseMod","Colored Map","Highlight Path","Minty Spire (QoL Compilation)","StSLib","Synergy Search"],"gold_per_floor":[364,383,10,25,39,67,67,22,71,71,101,176,176,194,194,194,194],"floor_reached":16,"playtime":817,"items_purged":["Strike_P"],"score":184,"play_id":"988f51f7-a47c-49c7-93a6-2614d8a805de","local_time":"20210109005306","is_ascension_mode":true,"campfire_choices":[{"data":"ForeignInfluence","floor":7,"key":"SMITH"},{"data":"CutThroughFate","floor":10,"key":"SMITH"},{"data":"ClearTheMind","floor":15,"key":"SMITH"}],"circlet_count":0,"master_deck":["Strike_P+1","Strike_P","Strike_P","Defend_P","Defend_P","Defend_P","Defend_P","Eruption","Vigilance+1","Consecrate","Wallop","ForeignInfluence+1","Swivel","CutThroughFate+1","Halt","ClearTheMind+1"],"relics":["PureWater","ClockworkSouvenir","MealTicket","Yang","Juzu Bracelet"],"acts_visited":["Exordium"],"potions_floor_usage":[6,6,16,16],"damage_taken":[{"damage":0,"enemies":"Jaw Worm","floor":1,"turns":2},{"damage":1,"enemies":"Small Slimes","floor":2,"turns":2},{"damage":0,"enemies":"Cultist","floor":4,"turns":4},{"damage":4,"enemies":"Large Slime","floor":5,"turns":4},{"damage":0,"enemies":"3 Sentries","floor":6,"turns":7},{"damage":0,"enemies":"Exordium Wildlife","floor":11,"turns":2},{"damage":1,"enemies":"Blue Slaver","floor":14,"turns":2},{"damage":22,"enemies":"The Guardian","floor":16,"turns":8}],"seed_played":"797941875013412491","potions_obtained":[{"floor":1,"key":"PowerPotion"},{"floor":4,"key":"AttackPotion"},{"floor":5,"key":"Weak Potion"},{"floor":14,"key":"SkillPotion"}],"is_trial":false,"path_per_floor":["M","M","$","M","M","E","R","$","T","R","M","?","?","M","R","B"],"character_chosen":"WATCHER","items_purchased":["ClockworkSouvenir","MealTicket","CutThroughFate"],"campfire_rested":0,"item_purchase_floors":[3,3,8],"current_hp_per_floor":[47,46,46,46,42,42,42,57,57,57,57,46,32,31,31,9,9],"gold":194,"neow_bonus":"TWO_FIFTY_GOLD","is_daily":false,"chose_seed":false,"campfire_upgraded":3,"win_rate":0.0,"timestamp":1610178786,"path_taken":["M","M","$","M","M","E","R","$","T","R","M","?","?","M","R","BOSS"],"items_purchased_type":["Relic","Relic","Card"],"build_version":"2020-12-22","purchased_purges":1,"victory":false,"max_hp_per_floor":[72,72,72,72,72,72,72,72,72,72,72,72,72,72,72,72,72],"card_choices":[{"not_picked":["Halt","CarveReality"],"picked":"Consecrate","floor":1},{"not_picked":["Study","SashWhip"],"picked":"Wallop","floor":2},{"not_picked":["Collect","SashWhip"],"picked":"ForeignInfluence","floor":4},{"not_picked":["Consecrate","EmptyBody"],"picked":"Swivel","floor":5},{"not_picked":["EmptyBody","MentalFortress","WheelKick"],"picked":"SKIP","floor":6},{"not_picked":["CrushJoints","Indignation"],"picked":"Halt","floor":11},{"not_picked":["ReachHeaven","InnerPeace"],"picked":"ClearTheMind","floor":14}],"player_experience":1278141,"relics_obtained":[{"floor":6,"key":"Yang"},{"floor":9,"key":"Juzu Bracelet"}],"event_choices":[{"damage_healed":0,"gold_gain":75,"player_choice":"Gather Gold","damage_taken":11,"max_hp_gain":0,"max_hp_loss":0,"event_name":"World of Goop","floor":12,"gold_loss":0},{"damage_healed":0,"gold_gain":0,"player_choice":"Entered Light","damage_taken":14,"max_hp_gain":0,"max_hp_loss":0,"event_name":"Shining Light","floor":13,"gold_loss":0,"cards_upgraded":["Strike_P","Vigilance"]}],"is_beta":false,"boss_relics":[],"items_purged_floors":[3],"is_endless":false,"potions_floor_spawned":[1,4,5,14],"killed_by":"The Guardian","ascension_level":9}}