{"host":"gafwejejal4v72m6","time":1610229844,"event":{"mods":["Aspiration","BaseMod","BetterRewards","Clockwork Mod","Conspire","Downfall","Googly Eyes","Hermit","Hubris","Minty Spire (QoL Compilation)","Rare Cards Sparkle","Shop Mod","StSLib","The Necromancer"],"gold_per_floor":[110,185,195,3,3,3,35,54,107,127,141,151,151,167,167,270,270,283,283,295,307,43,43,43,43,112,132,179,190,221,34,34,133,133,146,161,33,66,66,92,92,126,149,149,182,196,221,26,26,26],"floor_reached":51,"playtime":2699,"items_purged":["hermit:Strike_Hermit"],"score":768,"play_id":"7eb3e13a-7310-4cb9-90e0-6b431a018aee","local_time":"20210110050404","is_ascension_mode":true,"campfire_choices":[{"floor":6,"key":"REST"},{"data":"Apotheosis","floor":13,"key":"SMITH"},{"floor":15,"key":"REST"},{"floor":23,"key":"REST"},{"floor":25,"key":"REST"},{"floor":32,"key":"REST"},{"floor":44,"key":"REST"},{"floor":49,"key":"REST"}],"circlet_count":0,"master_deck":["hermit:Strike_Hermit","hermit:Strike_Hermit","hermit:Strike_Hermit","hermit:Defend_Hermit","hermit:Defend_Hermit","hermit:Defend_Hermit","hermit:Snapshot","hermit:Covet","hermit:Combo","expansioncontent:DefensiveStance","hermit:Headshot","hermit:Roulette","expansioncontent:DefensiveStance","hermit:Enervate","hermit:FromBeyond","hermit:Glare","hermit:EyeOfTheStorm","hermit:Quickdraw","hubris:DuctTapeCard","hermit:Quickdraw","hermit:DeadOrAlive","hermit:Reprieve","hermit:Misfire","hermit:Coalescence","hermit:Quickdraw+1","hermit:Snipe","hermit:Adapt","hermit:TakeCover+1"],"relics":["hermit:ClaspedLocket","DollysMirror","Potion Belt","Anchor","aspiration:PoetsPen_weak","Kunai","hubris:Towel","hubris:DuctTape","hermit:RyeStalk","Ancient Tea Set","Membership Card","Letter Opener","hubris:MedicalManual","Orichalcum","OrangePellets","hubris:DisguiseKit"],"acts_visited":["Exordium","TheCity","TheBeyond"],"potions_floor_usage":[7,16,16,35,40,40,40,50,50,50,50,50],"damage_taken":[{"damage":9,"enemies":"Jaw Worm","floor":1,"turns":3},{"damage":12,"enemies":"Small Slimes","floor":3,"turns":4},{"damage":16,"enemies":"Gremlin Nob","floor":7,"turns":5},{"damage":0,"enemies":"Cultist","floor":8,"turns":4},{"damage":0,"enemies":"Red Slaver","floor":10,"turns":6},{"damage":2,"enemies":"Exordium Thugs","floor":11,"turns":5},{"damage":0,"enemies":"Large Slime","floor":12,"turns":5},{"damage":3,"enemies":"3 Louse","floor":14,"turns":5},{"damage":23,"enemies":"Hexaghost","floor":16,"turns":12},{"damage":48,"enemies":"conspire:FuzzyDice","floor":18,"turns":5},{"damage":1,"enemies":"Chosen","floor":20,"turns":6},{"damage":15,"enemies":"Centurion and Healer","floor":21,"turns":8},{"damage":0,"enemies":"Snake Plant","floor":27,"turns":4},{"damage":0,"enemies":"3 Cultists","floor":29,"turns":3},{"damage":19,"enemies":"Gremlin Leader","floor":30,"turns":6},{"damage":13,"enemies":"conspire:MysteriousRune","floor":33,"turns":9},{"damage":2,"enemies":"Orb Walker","floor":35,"turns":2},{"damage":6,"enemies":"3 Shapes","floor":36,"turns":4},{"damage":22,"enemies":"Sphere and 2 Shapes","floor":38,"turns":6},{"damage":8,"enemies":"Giant Head","floor":40,"turns":8},{"damage":10,"enemies":"Maw","floor":42,"turns":8},{"damage":15,"enemies":"Jaw Worm Horde","floor":45,"turns":5},{"damage":0,"enemies":"Transient","floor":46,"turns":5},{"damage":22,"enemies":"4 Shapes","floor":47,"turns":7},{"damage":24,"enemies":"Donu and Deca","floor":50,"turns":11}],"seed_played":"-3941976058986170592","potions_obtained":[{"floor":1,"key":"hexamod:EctoCoolerPotion"},{"floor":5,"key":"EntropicBrew"},{"floor":5,"key":"LiquidMemories"},{"floor":7,"key":"sneckomod:MuddlingPotion"},{"floor":10,"key":"Energy Potion"},{"floor":20,"key":"SpeedPotion"},{"floor":27,"key":"Dexterity Potion"},{"floor":36,"key":"LiquidMemories"},{"floor":45,"key":"CultistPotion"}],"is_trial":false,"path_per_floor":["M","?","M","$","?","R","E","M","T","M","M","M","R","M","R","B",null,"M","?","M","M","$","R","?","R","T","M","T","M","E","$","R","B",null,"M","M","$","M","?","E","?","M","T","R","M","M","M","$","R","B",null],"character_chosen":"HERMIT","items_purchased":["hermit:Combo","expansioncontent:DefensiveStance","DollysMirror","Apotheosis","Kunai","hermit:Quickdraw","Membership Card","Letter Opener","OrangePellets","hubris:DisguiseKit"],"campfire_rested":7,"item_purchase_floors":[0,0,4,4,22,22,31,37,48,48],"current_hp_per_floor":[66,55,43,43,43,65,49,49,49,49,47,47,47,44,66,43,75,27,27,26,11,11,33,33,55,55,55,55,55,36,36,58,45,75,73,67,67,45,45,37,37,27,27,49,38,38,16,16,38,14],"gold":26,"neow_bonus":"","is_daily":false,"chose_seed":false,"campfire_upgraded":1,"win_rate":0.0,"timestamp":1610229844,"path_taken":["M","?","M","$","?","R","E","M","T","M","M","M","R","?","R","BOSS","M","?","M","M","?","R","?","R","T","M","?","?","E","$","R","BOSS","M","?","$","M","?","E","?","?","T","R","M","M","M","$","R","BOSS"],"items_purchased_type":["Card","Card","Relic","Card","Relic","Card","Relic","Relic","Relic","Relic"],"build_version":"2020-12-22","purchased_purges":1,"victory":true,"max_hp_per_floor":[75,75,75,75,75,75,75,75,75,75,75,75,75,75,75,75,75,75,75,75,75,75,75,75,75,75,75,75,75,75,75,75,75,75,75,75,75,75,75,75,75,75,75,75,75,75,75,75,75,75],"card_choices":[{"not_picked":["hermit:HighCaliber","hermit:Desperado"],"picked":"hermit:Headshot","floor":1},{"not_picked":["hermit:TrackingShot","hermit:PistolWhip"],"picked":"hermit:Roulette","floor":3},{"not_picked":["hermit:Roulette","hermit:Manifest","hermit:TrackingShot"],"picked":"SKIP","floor":7},{"not_picked":["hermit:FatalDesire","hermit:Vantage","hermit:Desperado"],"picked":"SKIP","floor":8},{"not_picked":["hermit:Vantage","hermit:Manifest","hermit:Spite"],"picked":"SKIP","floor":10},{"not_picked":["hermit:Feint","hermit:Dive"],"picked":"hermit:Quickdraw","floor":11},{"not_picked":["hermit:LowProfile","hermit:WideOpen","hermit:Grudge"],"picked":"SKIP","floor":12},{"not_picked":["hermit:HoleUp","hermit:TrackingShot"],"picked":"hermit:Enervate","floor":14},{"not_picked":["hermit:Magnum","hermit:OverwhelmingPower"],"picked":"hermit:FromBeyond","floor":16},{"not_picked":["hermit:Snipe","hermit:Feint"],"picked":"hermit:Glare","floor":18},{"not_picked":["hermit:Coalescence","hermit:DeadMansHand"],"picked":"hermit:EyeOfTheStorm","floor":20},{"not_picked":["hermit:Glare","hermit:Gambit","hermit:Vantage"],"picked":"SKIP","floor":21},{"not_picked":["hermit:Roulette","hermit:ShadowCloak"],"picked":"hermit:Quickdraw","floor":27},{"not_picked":["hermit:HighCaliber","hermit:WideOpen+1","hermit:Malice"],"picked":"SKIP","floor":29},{"not_picked":["hermit:Misfire","hermit:Feint"],"picked":"hermit:DeadOrAlive","floor":30},{"not_picked":["hermit:Magnum","hermit:HighNoon"],"picked":"hermit:Reprieve","floor":33},{"not_picked":["hermit:CalledShot","hermit:Maintenance+1"],"picked":"hermit:Misfire","floor":35},{"not_picked":["hermit:Roulette","hermit:Quickdraw+1"],"picked":"hermit:Coalescence","floor":36},{"not_picked":["hermit:SprayPray","hermit:Roulette","hermit:ItchyTrigger+1"],"picked":"SKIP","floor":38},{"not_picked":["hermit:CursedWeapon+1","hermit:Manifest"],"picked":"hermit:Quickdraw+1","floor":40},{"not_picked":["hermit:Ricochet+1","hermit:HighCaliber","hermit:BodyArmor"],"picked":"SKIP","floor":42},{"not_picked":["hermit:Glare+1","hermit:Misfire+1"],"picked":"hermit:Adapt","floor":45},{"not_picked":["hermit:CalledShot","hermit:BodyArmor+1","hermit:Grudge"],"picked":"SKIP","floor":46},{"not_picked":["hermit:CalledShot+1","hermit:Roulette+1"],"picked":"hermit:TakeCover+1","floor":47}],"player_experience":65796,"relics_obtained":[{"floor":7,"key":"Potion Belt"},{"floor":9,"key":"Anchor"},{"floor":26,"key":"hubris:DuctTape"},{"floor":28,"key":"hermit:RyeStalk"},{"floor":30,"key":"Ancient Tea Set"},{"floor":40,"key":"hubris:MedicalManual"},{"floor":43,"key":"Orichalcum"}],"event_choices":[{"damage_healed":0,"gold_gain":75,"player_choice":"Gather Gold","damage_taken":11,"max_hp_gain":0,"max_hp_loss":0,"event_name":"World of Goop","floor":2,"gold_loss":0},{"damage_healed":0,"gold_gain":0,"player_choice":"Got Potions","damage_taken":0,"max_hp_gain":0,"max_hp_loss":0,"event_name":"Lab","floor":5,"gold_loss":0},{"damage_healed":0,"gold_gain":0,"player_choice":"Leave","damage_taken":0,"max_hp_gain":0,"max_hp_loss":0,"event_name":"FaceTrader","floor":19,"gold_loss":0},{"damage_healed":0,"gold_gain":0,"player_choice":"Ignored","damage_taken":0,"max_hp_gain":0,"max_hp_loss":0,"event_name":"Mysterious Sphere","floor":39,"gold_loss":0},{"damage_healed":0,"gold_gain":0,"cards_transformed":["hermit:Defend_Hermit"],"player_choice":"Transformed","damage_taken":0,"max_hp_gain":0,"max_hp_loss":0,"event_name":"Transmorgrifier","floor":41,"gold_loss":0,"cards_obtained":["hermit:Snipe"]}],"is_beta":false,"boss_relics":[{"not_picked":["Busted Crown","SlaversCollar"],"picked":"aspiration:PoetsPen_weak"},{"not_picked":["Philosopher\u0027s Stone","hubris:Stopwatch"],"picked":"hermit:ClaspedLocket"}],"items_purged_floors":[31],"is_endless":false,"potions_floor_spawned":[1,7,10,20,27,36,40,45,47],"ascension_level":2}}