{"host":"c95txy58ipbu969e","time":1610202616,"event":{"mods":["Act Like it!","Arknights The Spire","BaseMod","Minty Spire (QoL Compilation)","Quick Restart","StSLib"],"gold_per_floor":[113,132,132,147,159,159,159,159,159,178,193,193,232,247,247,375,375,394,394,319,319,343,387,387,411,411,427,427,468,320,339,339,339,339],"floor_reached":33,"playtime":2079,"items_purged":["ats:LN2 Cannon"],"score":339,"play_id":"106d4ee4-ef84-49b1-ba8d-83529fda86ab","local_time":"20210109223016","is_ascension_mode":false,"campfire_choices":[{"data":"ats:Ignite","floor":6.0,"key":"SMITH"},{"data":"ats:Blood Oath","floor":12.0,"key":"SMITH"},{"data":"ats:Emotion Absorption","floor":15.0,"key":"SMITH"},{"data":"ats:Volcano","floor":24.0,"key":"SMITH"},{"data":"ats:Burning Ground","floor":32.0,"key":"SMITH"}],"circlet_count":0,"master_deck":["ats:Strike C","ats:Strike G","ats:Strike S","ats:Armor Crushing Shot","ats:Defend","ats:Defend","ats:Defend","ats:Defend","ats:Emotion Absorption+1","ats:Ignite+1","ats:Leaping Hammer","ats:Shadow Assault","ats:Echo Reverb","ats:Blood Oath+1","ats:Calcification","ats:Mental Burst","ats:Volcano+1","ats:Flame Of Heaven","ats:Burning Ground+1","Ghostly","Ghostly","Ghostly","Ghostly","Ghostly","ats:Assault Order+1","ats:Part Time Job"],"relics":["ats:Sanity","NeowsBlessing","Pear","Golden Idol","Centennial Puzzle","ats:Originium","Happy Flower","Sozu","Enchiridion","Gambling Chip","Pen Nib","ats:Industrial Water Cannon","Bag of Preparation"],"acts_visited":["Exordium","TheCity"],"potions_floor_usage":[33],"damage_taken":[{"damage":0.0,"enemies":"Jaw Worm","floor":1.0,"turns":1.0},{"damage":0.0,"enemies":"Cultist","floor":2.0,"turns":1.0},{"damage":0.0,"enemies":"Small Slimes","floor":4.0,"turns":1.0},{"damage":16.0,"enemies":"Exordium Wildlife","floor":5.0,"turns":5.0},{"damage":0.0,"enemies":"2 Fungi Beasts","floor":10.0,"turns":2.0},{"damage":5.0,"enemies":"Large Slime","floor":11.0,"turns":5.0},{"damage":35.0,"enemies":"3 Sentries","floor":13.0,"turns":5.0},{"damage":0.0,"enemies":"Gremlin Gang","floor":14.0,"turns":1.0},{"damage":31.0,"enemies":"Hexaghost","floor":16.0,"turns":9.0},{"damage":15.0,"enemies":"Shell Parasite","floor":18.0,"turns":4.0},{"damage":1.0,"enemies":"Spheric Guardian","floor":22.0,"turns":3.0},{"damage":24.0,"enemies":"Gremlin Leader","floor":23.0,"turns":6.0},{"damage":16.0,"enemies":"Centurion and Healer","floor":25.0,"turns":7.0},{"damage":12.0,"enemies":"Snake Plant","floor":27.0,"turns":3.0},{"damage":0.0,"enemies":"Slavers","floor":29.0,"turns":4.0},{"damage":0.0,"enemies":"Sentry and Sphere","floor":31.0,"turns":3.0},{"damage":41,"enemies":"Champ","floor":33,"turns":7}],"seed_played":"-7147721950990508200","potions_obtained":[{"floor":1.0,"key":"DistilledChaos"},{"floor":10.0,"key":"EntropicBrew"},{"floor":11.0,"key":"SpeedPotion"}],"is_trial":false,"path_per_floor":["M","M","?","M","M","R","?","?","T","M","M","R","E","M","R","B",null,"M","?","?","?","M","E","R","M","T","M","?","E","$","M","R","B"],"character_chosen":"DOCTOR_CLASS","items_purchased":["ats:Part Time Job"],"campfire_rested":0,"item_purchase_floors":[30],"current_hp_per_floor":[72,72,72,72,56,56,48,48,48,48,46,46,16,16,16,3,76,67,51,51,51,56,39,39,33,33,22,22,23,23,28,28,0,0],"gold":339,"neow_bonus":"THREE_ENEMY_KILL","is_daily":false,"chose_seed":false,"campfire_upgraded":5,"win_rate":0.0,"timestamp":1610202616,"path_taken":["M","M","?","M","?","R","?","?","T","M","M","R","E","M","R","BOSS","M","?","?","?","M","E","R","?","T","M","?","E","$","M","R","BOSS"],"items_purchased_type":["Card"],"build_version":"2020-12-22","purchased_purges":1,"victory":false,"max_hp_per_floor":[72,72,72,72,72,72,82,76,76,76,76,76,76,76,76,76,76,76,76,76,76,76,76,76,76,76,76,38,38,38,38,38,38,38],"card_choices":[{"not_picked":["ats:Soul Absorption","ats:Flexible Camouflage"],"picked":"ats:Ignite","floor":1.0},{"not_picked":["ats:Sunburst","ats:Support Order"],"picked":"ats:Leaping Hammer","floor":2.0},{"not_picked":["ats:Flexible Camouflage","ats:Powerful Strike"],"picked":"ats:Echo Reverb","floor":4.0},{"not_picked":["ats:Hammer On","ats:Neurotoxin","ats:Consecutive Shot Auto"],"picked":"SKIP","floor":5.0},{"not_picked":["ats:Hammer On","ats:Neurotoxin","ats:Consecutive Shot Auto"],"picked":"SKIP","floor":5.0},{"not_picked":["ats:Poison Spread","ats:Revitalization"],"picked":"ats:Blood Oath","floor":10.0},{"not_picked":["ats:Song Of Battle","ats:Childhood Dance","ats:Leaping Hammer"],"picked":"SKIP","floor":11.0},{"not_picked":["ats:Revitalization","ats:Apocalypse"],"picked":"ats:Calcification","floor":13.0},{"not_picked":["ats:Powerful Strike","ats:Assault Order"],"picked":"ats:Mental Burst","floor":14.0},{"not_picked":["ats:Ambush","ats:Rat Pack"],"picked":"ats:Volcano","floor":16.0},{"not_picked":["ats:Leaping Hammer","ats:Powerful Strike","ats:Spore Proliferation"],"picked":"SKIP","floor":18.0},{"not_picked":["ats:Automatic Cover+1","ats:Curse Doll"],"picked":"ats:Flame Of Heaven","floor":22.0},{"not_picked":["ats:Consecutive Shot Auto","ats:Charging Defense+1","ats:Collapsing Strike"],"picked":"SKIP","floor":23.0},{"not_picked":["ats:Defend Order","ats:Leaping Hammer","ats:Assault Order"],"picked":"SKIP","floor":25.0},{"not_picked":["ats:Sword Rain","ats:Rat Pack"],"picked":"ats:Burning Ground","floor":27.0},{"not_picked":["ats:Cat Scratch","ats:Hammer On"],"picked":"ats:Assault Order+1","floor":29.0},{"not_picked":["ats:Poison Spread","ats:Cat Scratch","ats:Assault Order"],"picked":"SKIP","floor":31.0}],"player_experience":253679,"relics_obtained":[{"floor":9.0,"key":"Centennial Puzzle"},{"floor":13.0,"key":"ats:Originium"},{"floor":13.0,"key":"Happy Flower"},{"floor":19.0,"key":"Enchiridion"},{"floor":23.0,"key":"ats:Originium"},{"floor":23.0,"key":"Pen Nib"},{"floor":26.0,"key":"ats:Industrial Water Cannon"},{"floor":29.0,"key":"ats:Originium"},{"floor":29.0,"key":"Bag of Preparation"}],"event_choices":[{"damage_healed":0.0,"max_hp_gain":0.0,"max_hp_loss":0.0,"gold_gain":0.0,"event_name":"Match and Keep!","player_choice":"2 cards matched","floor":3.0,"gold_loss":0.0,"damage_taken":0.0,"cards_obtained":["ats:Shadow Assault","ats:LN2 Cannon"]},{"damage_healed":0.0,"max_hp_gain":0.0,"max_hp_loss":0.0,"gold_gain":0.0,"event_name":"Scrap Ooze","player_choice":"Success","floor":7.0,"gold_loss":0.0,"damage_taken":18.0,"relics_obtained":["Pear"]},{"damage_healed":0.0,"max_hp_gain":0.0,"max_hp_loss":6.0,"gold_gain":0.0,"event_name":"Golden Idol","player_choice":"Lose Max HP","floor":8.0,"gold_loss":0.0,"damage_taken":0.0,"relics_obtained":["Golden Idol"]},{"damage_healed":0.0,"max_hp_gain":0.0,"max_hp_loss":0.0,"gold_gain":0.0,"event_name":"Cursed Tome","player_choice":"Obtained Book","floor":19.0,"gold_loss":0.0,"damage_taken":16.0},{"cards_removed":["ats:Strike V"],"damage_healed":0.0,"max_hp_gain":0.0,"max_hp_loss":0.0,"gold_gain":0.0,"event_name":"Beggar","player_choice":"Gave Gold","floor":20.0,"gold_loss":75.0,"damage_taken":0.0},{"damage_healed":0.0,"max_hp_gain":0.0,"max_hp_loss":0.0,"gold_gain":0.0,"event_name":"WeMeetAgain","player_choice":"Gave Potion","floor":21.0,"gold_loss":0.0,"damage_taken":0.0,"relics_obtained":["Gambling Chip"]},{"damage_healed":0.0,"max_hp_gain":0.0,"max_hp_loss":38.0,"gold_gain":0.0,"event_name":"Ghosts","player_choice":"Became a Ghost","floor":28.0,"gold_loss":0.0,"damage_taken":0.0,"cards_obtained":["Ghostly","Ghostly","Ghostly","Ghostly","Ghostly"]}],"is_beta":false,"boss_relics":[{"not_picked":["Velvet Choker","SacredBark"],"picked":"Sozu"}],"items_purged_floors":[30],"is_endless":false,"potions_floor_spawned":[1,10,11,14,23,25,27,29],"killed_by":"Champ","ascension_level":0}}