{"host":"c2tmbcdsrrrc0yvf","time":1610170391,"event":{"mods":["AchievementEnabler","BaseMod","BetterRewards","Colored Map","DeckTracker","Minty Spire (QoL Compilation)","Quick Restart","Rare Cards Sparkle","StSLib","SuperFastMode"],"gold_per_floor":[126,76,76,94,106,106,140,140,140,182,208,208,222,238,238,340,340,357,369,384,410,420,448,448,481,481,518,533,561,561,561,561,661,661,677,677,677,158,175,207,207,225,225,225,253,266,278,308,308,308],"floor_reached":51,"playtime":1578,"items_purged":["Bash","Strike_R","Strike_R","Strike_R","Defend_R","Defend_R","Strike_R+1"],"score":1818,"play_id":"ddf19f96-498a-420a-9f90-5deffe17f71d","local_time":"20210109143311","is_ascension_mode":true,"campfire_choices":[{"data":"1","floor":6,"key":"LIFT"},{"data":"2","floor":12,"key":"LIFT"},{"data":"3","floor":15,"key":"LIFT"},{"data":"Apotheosis","floor":24,"key":"SMITH"},{"data":"Pummel","floor":32,"key":"SMITH"},{"floor":41,"key":"DIG"},{"floor":44,"key":"DIG"},{"data":"Flex","floor":49,"key":"SMITH"}],"circlet_count":42,"master_deck":["Defend_R+1","Limit Break","Pummel+1","Flex+1","Spot Weakness+1","Pummel","Spot Weakness+1","Flex","Flex","Apotheosis+1","Flex","Heavy Blade+1","Heavy Blade+1","Heavy Blade+1"],"relics":["Burning Blood","CaptainsWheel","Blood Vial","Sling","Lizard Tail","Vajra","Prayer Wheel","Pocketwatch","Chemical X","Bird Faced Urn","Ornamental Fan","Toy Ornithopter","HandDrill","Mango","TungstenRod","Paper Frog","Ice Cream","Regal Pillow","Du-Vu Doll","Mummified Hand","Akabeko","Girya","Cauldron","Nunchaku","Eternal Feather","Medical Kit","Thread and Needle","Orichalcum","Centennial Puzzle","Toolbox","Torii","Potion Belt","Sundial","OrangePellets","Dead Branch","Gambling Chip","StoneCalendar","Juzu Bracelet","Incense Burner","Ginger","Letter Opener","Magic Flower","War Paint","Matryoshka","Membership Card","Pear","Shovel","FossilizedHelix","Frozen Egg 2","Meat on the Bone","Calipers","Unceasing Top","Red Skull","Charon\u0027s Ashes","WingedGreaves","Anchor","Champion Belt","Frozen Eye","CeramicFish","Strange Spoon","StrikeDummy","Circlet","Darkstone Periapt","Lee\u0027s Waffle","Lantern","Boot","Bottled Lightning","Happy Flower","ClockworkSouvenir","Pen Nib","Whetstone","Bag of Preparation","Omamori","Bag of Marbles","Art of War","Oddly Smooth Stone","MealTicket","Tiny Chest","Singing Bowl","Molten Egg 2","PreservedInsect","Strawberry","Bronze Scales","Ancient Tea Set","Mercury Hourglass","Dream Catcher","Bottled Flame","HornCleat","Blue Candle","Question Card","White Beast Statue","Gremlin Horn","Shuriken","InkBottle","Self Forming Clay","Kunai","Pantograph","Toxic Egg 2","Runic Dome","MutagenicStrength","Necronomicon","Busted Crown"],"acts_visited":["Exordium","TheCity","TheBeyond"],"potions_floor_usage":[],"damage_taken":[{"damage":0,"enemies":"Jaw Worm","floor":1,"turns":1},{"damage":0,"enemies":"Small Slimes","floor":4,"turns":1},{"damage":0,"enemies":"2 Louse","floor":5,"turns":1},{"damage":0,"enemies":"Lagavulin","floor":7,"turns":1},{"damage":0,"enemies":"3 Sentries","floor":10,"turns":1},{"damage":0,"enemies":"Gremlin Nob","floor":11,"turns":1},{"damage":0,"enemies":"Exordium Wildlife","floor":13,"turns":1},{"damage":0,"enemies":"Looter","floor":14,"turns":1},{"damage":0,"enemies":"Slime Boss","floor":16,"turns":1},{"damage":0,"enemies":"2 Thieves","floor":18,"turns":1},{"damage":0,"enemies":"Spheric Guardian","floor":19,"turns":1},{"damage":0,"enemies":"Snecko","floor":20,"turns":1},{"damage":0,"enemies":"3 Cultists","floor":22,"turns":1},{"damage":0,"enemies":"Slavers","floor":23,"turns":1},{"damage":0,"enemies":"Book of Stabbing","floor":25,"turns":1},{"damage":0,"enemies":"Centurion and Healer","floor":27,"turns":1},{"damage":0,"enemies":"Sentry and Sphere","floor":28,"turns":1},{"damage":0,"enemies":"Gremlin Leader","floor":29,"turns":1},{"damage":0,"enemies":"Champ","floor":33,"turns":1},{"damage":0,"enemies":"3 Shapes","floor":35,"turns":1},{"damage":0,"enemies":"3 Darklings","floor":39,"turns":1},{"damage":0,"enemies":"Nemesis","floor":40,"turns":1},{"damage":0,"enemies":"Transient","floor":42,"turns":1},{"damage":0,"enemies":"Reptomancer","floor":45,"turns":1},{"damage":0,"enemies":"Maw","floor":46,"turns":1},{"damage":0,"enemies":"4 Shapes","floor":47,"turns":1},{"damage":0,"enemies":"Nemesis","floor":48,"turns":1},{"damage":0,"enemies":"Time Eater","floor":50,"turns":1}],"seed_played":"813594384258304868","potions_obtained":[{"floor":0,"key":"Strength Potion"},{"floor":0,"key":"Strength Potion"},{"floor":0,"key":"FairyPotion"},{"floor":0,"key":"FearPotion"},{"floor":0,"key":"EssenceOfSteel"},{"floor":48,"key":"SteroidPotion"}],"is_trial":false,"path_per_floor":["M","?","?","M","M","R","E","?","T","E","E","R","M","M","R","B",null,"M","M","M","T","M","E","R","E","T","M","M","E","?","?","R","B",null,"M","?","T","$","M","E","R","M","T","R","E","M","M","E","R","B",null],"character_chosen":"IRONCLAD","items_purchased":["Blood Vial","Sling","Lizard Tail","Vajra","Prayer Wheel","Chemical X","Ornamental Fan","Toy Ornithopter","HandDrill","TungstenRod","Paper Frog","Regal Pillow","Du-Vu Doll","Mummified Hand","Akabeko","Cauldron","Nunchaku","Eternal Feather","Medical Kit","Orichalcum","Centennial Puzzle","Toolbox","Potion Belt","Sundial","OrangePellets","StoneCalendar","Juzu Bracelet","Ginger","Letter Opener","War Paint","Matryoshka","Membership Card","Limit Break","Pear","Shovel","Frozen Egg 2","Meat on the Bone","Red Skull","Charon\u0027s Ashes","Pummel","Anchor","Champion Belt","Frozen Eye","CeramicFish","Strange Spoon","StrikeDummy","Circlet","Darkstone Periapt","Lee\u0027s Waffle","Flex","Lantern","Boot","Spot Weakness","Bottled Lightning","Happy Flower","ClockworkSouvenir","Pen Nib","Whetstone","Pummel","Spot Weakness","Bag of Preparation","Omamori","Bag of Marbles","Art of War","Oddly Smooth Stone","MealTicket","Tiny Chest","Singing Bowl","Circlet","Molten Egg 2","Flex","PreservedInsect","Strawberry","Bronze Scales","Ancient Tea Set","Mercury Hourglass","Dream Catcher","Circlet","Bottled Flame","Flex","Apotheosis","HornCleat","Blue Candle","Question Card","White Beast Statue","Flex","Gremlin Horn","Circlet","Shuriken","InkBottle","Self Forming Clay","Kunai","Pantograph","Toxic Egg 2","Heavy Blade+1","Circlet","Circlet"],"campfire_rested":0,"item_purchase_floors":[0,0,0,0,0,0,0,0,0,0,0,0,0,0,0,0,0,0,0,0,0,0,0,0,0,0,0,0,0,0,0,0,0,0,0,0,0,0,0,0,0,0,0,0,0,0,0,0,0,0,0,0,0,0,0,0,0,0,0,0,0,0,0,0,0,0,0,0,0,0,0,0,0,0,0,0,0,0,0,0,0,0,0,0,0,0,0,0,0,0,0,0,0,0,0,38,38],"current_hp_per_floor":[120,120,115,124,128,128,130,105,105,117,131,132,136,140,140,142,142,146,150,154,154,158,160,160,162,162,166,170,172,172,160,169,174,174,178,178,178,178,182,184,184,188,188,188,190,194,198,200,200,200],"gold":308,"neow_bonus":"","is_daily":false,"chose_seed":false,"campfire_upgraded":3,"win_rate":0.0,"timestamp":1610170391,"path_taken":["M","?","?","M","M","R","E","?","T","E","E","R","M","M","R","BOSS","M","M","M","?","M","E","R","E","T","M","M","E","?","?","R","BOSS","M","?","?","$","M","E","R","M","T","R","E","M","M","E","R","BOSS"],"items_purchased_type":["Relic","Relic","Relic","Relic","Relic","Relic","Relic","Relic","Relic","Relic","Relic","Relic","Relic","Relic","Relic","Relic","Relic","Relic","Relic","Relic","Relic","Relic","Relic","Relic","Relic","Relic","Relic","Relic","Relic","Relic","Relic","Relic","Card","Relic","Relic","Relic","Relic","Relic","Relic","Card","Relic","Relic","Relic","Relic","Relic","Relic","Undefined","Relic","Relic","Card","Relic","Relic","Card","Relic","Relic","Relic","Relic","Relic","Card","Card","Relic","Relic","Relic","Relic","Relic","Relic","Relic","Relic","Undefined","Relic","Card","Relic","Relic","Relic","Relic","Relic","Relic","Undefined","Relic","Card","Card","Relic","Relic","Relic","Relic","Card","Relic","Undefined","Relic","Relic","Relic","Relic","Relic","Relic","Card","Undefined","Undefined"],"build_version":"2020-12-22","purchased_purges":7,"victory":true,"max_hp_per_floor":[120,120,120,124,128,128,130,130,130,130,132,132,136,140,140,142,142,146,150,154,154,158,160,160,162,162,166,170,172,172,172,172,174,174,178,178,178,178,182,184,184,188,188,188,190,194,198,200,200,200],"card_choices":[{"not_picked":["Sword Boomerang+1","Thunderclap+1","Iron Wave+1"],"picked":"Heavy Blade+1","floor":1},{"not_picked":["Cleave+1","True Grit+1","Clothesline+1","Second Wind+1"],"picked":"Singing Bowl","floor":1},{"not_picked":["Dropkick+1","Flex+1","Combust+1","Pommel Strike+1"],"picked":"Singing Bowl","floor":4},{"not_picked":["Dual Wield+1","Armaments+1","Whirlwind+1","Flame Barrier+1"],"picked":"Singing Bowl","floor":4},{"not_picked":["Heavy Blade+1","Corruption+1","Second Wind+1","Anger+1"],"picked":"Singing Bowl","floor":5},{"not_picked":["Twin Strike+1","Clothesline+1","Sword Boomerang+1","Blood for Blood+1"],"picked":"Singing Bowl","floor":5},{"not_picked":["True Grit+1","Metallicize+1","Warcry+1","Havoc+1"],"picked":"Singing Bowl","floor":7},{"not_picked":["Dual Wield+1","Fire Breathing+1","Infernal Blade+1"],"picked":"Heavy Blade+1","floor":10},{"not_picked":["Searing Blow+1","Clash+1","True Grit+1","Sword Boomerang+1"],"picked":"Singing Bowl","floor":11},{"not_picked":["Wild Strike+1","Entrench+1","Iron Wave+1","Evolve+1"],"picked":"Singing Bowl","floor":13},{"not_picked":["Feel No Pain+1","Body Slam+1","Whirlwind+1","Headbutt+1"],"picked":"Singing Bowl","floor":13},{"not_picked":["Entrench+1","Shrug It Off+1","Warcry+1","Power Through+1"],"picked":"Singing Bowl","floor":14},{"not_picked":["Second Wind+1","Carnage+1","Heavy Blade+1","Sever Soul+1"],"picked":"Singing Bowl","floor":14},{"not_picked":["Brutality+1","Reaper+1","Barricade+1","Bludgeon+1"],"picked":"Singing Bowl","floor":16},{"not_picked":["Power Through+1","Thunderclap+1","Pommel Strike+1","Shrug It Off+1"],"picked":"Singing Bowl","floor":18},{"not_picked":["Twin Strike+1","Heavy Blade+1","Metallicize+1","Seeing Red+1"],"picked":"Singing Bowl","floor":18},{"not_picked":["Metallicize+1","Flex+1","Disarm+1","Fire Breathing+1"],"picked":"Singing Bowl","floor":19},{"not_picked":["Iron Wave+1","Anger+1","Entrench+1","Demon Form+1"],"picked":"Singing Bowl","floor":19},{"not_picked":["Thunderclap+1","True Grit+1","Heavy Blade+1","Shrug It Off+1"],"picked":"Singing Bowl","floor":20},{"not_picked":["True Grit+1","Iron Wave+1","Dropkick+1","Body Slam+1"],"picked":"Singing Bowl","floor":20},{"not_picked":["Warcry+1","Heavy Blade+1","Thunderclap+1","Body Slam+1"],"picked":"Singing Bowl","floor":22},{"not_picked":["Battle Trance+1","Cleave+1","Thunderclap+1","Heavy Blade+1"],"picked":"Singing Bowl","floor":22},{"not_picked":["Sword Boomerang+1","Evolve+1","True Grit+1","Body Slam+1"],"picked":"Singing Bowl","floor":23},{"not_picked":["Pummel+1","Demon Form+1","Clothesline+1","Berserk+1"],"picked":"Singing Bowl","floor":25},{"not_picked":["Shrug It Off+1","Armaments+1","Wild Strike+1","Pommel Strike+1"],"picked":"Singing Bowl","floor":27},{"not_picked":["Reaper+1","Hemokinesis+1","Shrug It Off+1","Rage+1"],"picked":"Singing Bowl","floor":27},{"not_picked":["Flex+1","Anger+1","Headbutt+1","Heavy Blade+1"],"picked":"Singing Bowl","floor":28},{"not_picked":["Entrench+1","Combust+1","Shrug It Off+1","Blood for Blood+1"],"picked":"Singing Bowl","floor":28},{"not_picked":["Wild Strike+1","Blood for Blood+1","Second Wind+1","Berserk+1"],"picked":"Singing Bowl","floor":29},{"not_picked":["Fiend Fire+1","Barricade+1","Berserk+1","Double Tap+1"],"picked":"Singing Bowl","floor":33},{"not_picked":["Body Slam+1","Pommel Strike+1"],"picked":"Singing Bowl","floor":35},{"not_picked":["Sword Boomerang+1","Thunderclap+1"],"picked":"Singing Bowl","floor":35},{"not_picked":["Intimidate+1","Pommel Strike+1"],"picked":"Singing Bowl","floor":39},{"not_picked":["Uppercut+1","Entrench+1"],"picked":"Singing Bowl","floor":39},{"not_picked":["Body Slam+1","Reckless Charge+1"],"picked":"SKIP","floor":40},{"not_picked":["Body Slam+1","Reckless Charge+1"],"picked":"Singing Bowl","floor":40},{"not_picked":["Wild Strike+1","Body Slam+1"],"picked":"Singing Bowl","floor":42},{"not_picked":["Thunderclap+1","Sword Boomerang+1"],"picked":"Singing Bowl","floor":42},{"not_picked":["Carnage+1","Wild Strike+1"],"picked":"Singing Bowl","floor":45},{"not_picked":["Cleave+1","Combust+1"],"picked":"Singing Bowl","floor":46},{"not_picked":["Wild Strike+1","Demon Form+1"],"picked":"Singing Bowl","floor":46},{"not_picked":["Carnage+1","Second Wind+1"],"picked":"Singing Bowl","floor":47},{"not_picked":["Twin Strike+1","Reckless Charge+1"],"picked":"Singing Bowl","floor":47},{"not_picked":["Headbutt+1","Barricade+1"],"picked":"Singing Bowl","floor":48}],"player_experience":167727,"relics_obtained":[{"floor":7,"key":"Circlet"},{"floor":9,"key":"Circlet"},{"floor":9,"key":"Circlet"},{"floor":10,"key":"Circlet"},{"floor":11,"key":"Circlet"},{"floor":21,"key":"Circlet"},{"floor":21,"key":"Circlet"},{"floor":23,"key":"Circlet"},{"floor":25,"key":"Circlet"},{"floor":26,"key":"Circlet"},{"floor":29,"key":"Circlet"},{"floor":31,"key":"Necronomicon"},{"floor":37,"key":"Circlet"},{"floor":40,"key":"Circlet"},{"floor":41,"key":"Circlet"},{"floor":43,"key":"Circlet"},{"floor":44,"key":"Circlet"},{"floor":45,"key":"Circlet"},{"floor":48,"key":"Circlet"}],"event_choices":[{"cards_removed":["Strike_R"],"damage_healed":0,"gold_gain":0,"player_choice":"Card Removal","damage_taken":0,"max_hp_gain":0,"max_hp_loss":0,"event_name":"The Cleric","floor":2,"gold_loss":50},{"damage_healed":0,"gold_gain":0,"player_choice":"Success","damage_taken":7,"relics_obtained":["Circlet"],"max_hp_gain":0,"max_hp_loss":0,"event_name":"Scrap Ooze","floor":3,"gold_loss":0},{"damage_healed":0,"gold_gain":0,"player_choice":"Entered Light","damage_taken":26,"max_hp_gain":0,"max_hp_loss":0,"event_name":"Shining Light","floor":8,"gold_loss":0,"cards_upgraded":["Spot Weakness","Spot Weakness"]},{"damage_healed":0,"gold_gain":0,"player_choice":"Inject Mutagens","damage_taken":0,"relics_obtained":["MutagenicStrength"],"max_hp_gain":0,"max_hp_loss":0,"event_name":"Drug Dealer","floor":30,"gold_loss":0},{"damage_healed":0,"gold_gain":0,"player_choice":"Obtained Book","damage_taken":16,"max_hp_gain":0,"max_hp_loss":0,"event_name":"Cursed Tome","floor":31,"gold_loss":0},{"cards_removed":["Defend_R"],"damage_healed":0,"gold_gain":0,"player_choice":"Removed Skill","damage_taken":0,"max_hp_gain":0,"max_hp_loss":0,"event_name":"Falling","floor":36,"gold_loss":0}],"is_beta":false,"boss_relics":[{"not_picked":["Fusion Hammer","Astrolabe"],"picked":"Runic Dome"},{"not_picked":["SlaversCollar","Mark of Pain"],"picked":"Busted Crown"}],"items_purged_floors":[0,0,0,0,0,0,38],"is_endless":false,"potions_floor_spawned":[1,4,5,7,10,11,13,14,16,18,19,20,22,23,25,27,28,29,33,35,39,40,42,45,46,47,48],"ascension_level":7}}