{"host":"98zq812qbocdqs0d","time":1610233616,"event":{"mods":["BaseMod","GifTheSpireLib","Minty Spire (QoL Compilation)","Replay The Spire","StSLib","The Cursed","The Hierophant"],"gold_per_floor":[116,116,132,132,152,152,172,172,172,204,51,51,226,243,243,342,392,404,404,237,223,236,236,79,92,92,92,92],"floor_reached":27,"playtime":4608,"items_purged":["Amnesia"],"score":320,"play_id":"a8ee0c58-b251-46ed-98f2-24fac3413935","local_time":"20210110000656","is_ascension_mode":true,"campfire_choices":[{"data":"Perfected Strike","floor":6,"key":"SMITH"},{"data":"Bash","floor":8,"key":"SMITH"},{"data":"Seeing Red","floor":12,"key":"SMITH"},{"data":"Twin Strike","floor":15,"key":"SMITH"},{"floor":23,"key":"REST"}],"circlet_count":0,"master_deck":["AscendersBane","Strike_R","Strike_R","Strike_R+1","Strike_R","Strike_R","Defend_R","Defend_R","Defend_R","Defend_R","Bash+1","Perfected Strike+1","Twin Strike","Self Repair+1","Twin Strike+1","Seeing Red+1","Clash","Doubt","Demonic Infusion","ReplayTheSpireMod:Strike From Hell"],"relics":["Iron Core","Bag of Preparation","Replay:WaspNest","Lee\u0027s Waffle","Tiny House","ReplayTheSpireMod:CursedCoin","Question Card","Vajra","Bottled Tornado"],"acts_visited":["Exordium","TheCity"],"potions_floor_usage":[10,10,18,25,25],"damage_taken":[{"damage":6,"enemies":"2 Louse","floor":1,"turns":3},{"damage":1,"enemies":"Cultist","floor":3,"turns":4},{"damage":4,"enemies":"Jaw Worm","floor":5,"turns":4},{"damage":8,"enemies":"Blue Slaver","floor":7,"turns":2},{"damage":25,"enemies":"3 Sentries","floor":10,"turns":6},{"damage":9,"enemies":"2 Fungi Beasts","floor":14,"turns":3},{"damage":66,"enemies":"Hexaghost","floor":16,"turns":7},{"damage":12,"enemies":"Chosen","floor":18,"turns":4},{"damage":23,"enemies":"2 Thieves","floor":21,"turns":4},{"damage":28,"enemies":"Cultist and Chosen","floor":22,"turns":5},{"damage":41,"enemies":"Centurion and Healer","floor":25,"turns":3},{"damage":33,"enemies":"3 Cultists","floor":27,"turns":3}],"seed_played":"-2393905809984287732","potions_obtained":[{"floor":0,"key":"Death Potion"},{"floor":0,"key":"Explosive Potion"},{"floor":0,"key":"Energy Potion"},{"floor":16,"key":"Fire Potion"},{"floor":17,"key":"Venom Potion"},{"floor":22,"key":"ColorlessPotion"}],"is_trial":false,"path_per_floor":["M","?","M","?","M","R","M","R","T","E","$","R","?","M","R","B",null,"M","?","$","M","M","R","$","M","T","M"],"character_chosen":"IRONCLAD","items_purchased":["Lee\u0027s Waffle","ReplayTheSpireMod:CursedCoin","Question Card","Vajra"],"campfire_rested":1,"item_purchase_floors":[11,20,20,24],"current_hp_per_floor":[72,72,77,77,80,80,72,72,72,57,87,87,87,87,87,31,78,76,67,67,54,36,63,63,32,32,0,0],"gold":92,"neow_bonus":"THREE_SMALL_POTIONS","is_daily":false,"chose_seed":false,"campfire_upgraded":4,"win_rate":0.0,"timestamp":1610233616,"path_taken":["M","?","?","?","M","R","M","R","T","E","$","R","?","M","R","BOSS","M","?","$","?","M","R","$","M","T","M"],"items_purchased_type":["Relic","Relic","Relic","Relic"],"build_version":"2020-12-22","purchased_purges":1,"victory":false,"max_hp_per_floor":[80,80,80,80,80,80,80,80,80,80,87,87,87,87,87,87,92,92,92,92,92,92,92,92,92,92,92,92],"card_choices":[{"not_picked":["Fire Breathing","Clash"],"picked":"Perfected Strike","floor":1},{"not_picked":["Iron Wave","Clothesline"],"picked":"Twin Strike","floor":3},{"not_picked":["Spot Weakness","Bludgeon"],"picked":"Twin Strike","floor":5},{"not_picked":["Hologram","Steam Power"],"picked":"Seeing Red","floor":7},{"not_picked":["ReplayTheSpireMod:Muscle Training","Feel No Pain"],"picked":"Clash","floor":10},{"not_picked":["Headbutt","Turbo","Sever Soul"],"picked":"SKIP","floor":14},{"not_picked":["Reaper","Exhume"],"picked":"Demonic Infusion","floor":16},{"not_picked":["Havoc","ReplayTheSpireMod:Limb From Limb"],"picked":"ReplayTheSpireMod:Strike From Hell","floor":17},{"not_picked":["Cleave","Armaments","Eclipse"],"picked":"SKIP","floor":18},{"not_picked":["Iron Wave","Battle Trance","Flex+1","Disarm+1"],"picked":"SKIP","floor":21},{"not_picked":["Armaments","Body Slam+1","Combust","Life Link"],"picked":"SKIP","floor":22},{"not_picked":["True Grit+1","Flame Barrier","Cleave","Headbutt"],"picked":"SKIP","floor":25}],"player_experience":887902,"relics_obtained":[{"floor":9,"key":"Bag of Preparation"},{"floor":10,"key":"Replay:WaspNest"},{"floor":26,"key":"Bottled Tornado"}],"event_choices":[{"damage_healed":0,"gold_gain":0,"player_choice":"Bought 0 Potions","damage_taken":0,"max_hp_gain":0,"max_hp_loss":0,"event_name":"The Woman in Blue","floor":2,"gold_loss":0},{"damage_healed":0,"gold_gain":175,"player_choice":"AGREE","damage_taken":0,"max_hp_gain":0,"max_hp_loss":0,"event_name":"Liars Game","floor":13,"gold_loss":0,"cards_obtained":["Doubt"]},{"damage_healed":0,"gold_gain":0,"player_choice":"Damaged","damage_taken":9,"max_hp_gain":0,"max_hp_loss":0,"event_name":"Wheel of Change","floor":19,"gold_loss":0}],"is_beta":false,"boss_relics":[{"not_picked":["Runic Dome","Ooze Armor"],"picked":"Tiny House"}],"items_purged_floors":[20],"is_endless":false,"potions_floor_spawned":[1,5,16,22],"killed_by":"3 Cultists","ascension_level":10}}