{"host":"m77rrhbqzv44va4v","time":1610226509,"event":{"mods":["AchievementEnabler","BaseMod","Colored Map","DeckTracker","Keyboard Shortcuts","Minty Spire (QoL Compilation)","StSLib","SuperFastMode","everything is the same but u backflip on backflip"],"gold_per_floor":[112,112,35,45,45,45,74,89,159,159,172,172,197,216,216,294,294,305,146,146,161,181,181,195,195,195,195,220,46,64,64,64],"floor_reached":31,"playtime":697,"items_purged":["Strike_G","Defend_G"],"score":610,"play_id":"7884bb19-abd8-40a2-aab6-9160c6549a9b","local_time":"20210110060829","is_ascension_mode":true,"campfire_choices":[{"data":"Predator","floor":6.0,"key":"SMITH"},{"data":"Leg Sweep","floor":10.0,"key":"SMITH"},{"floor":12.0,"key":"REST"},{"data":"PiercingWail","floor":15.0,"key":"SMITH"},{"floor":23,"key":"REST"},{"floor":25,"key":"REST"}],"circlet_count":0,"master_deck":["AscendersBane","Strike_G","Strike_G","Strike_G","Strike_G","Defend_G","Defend_G","Defend_G","Defend_G","Survivor","Neutralize","Masterful Stab","Predator+1","Backflip","Leg Sweep+1","Well Laid Plans+1","PiercingWail+1","Caltrops+1","Corpse Explosion","Footwork+1","A Thousand Cuts+1","Ghostly","Ghostly","Ghostly","Crippling Poison","Noxious Fumes+1"],"relics":["Ring of the Snake","NeowsBlessing","Omamori","Frozen Egg 2","Odd Mushroom","Runic Pyramid","Singing Bowl","Pen Nib"],"acts_visited":["Exordium","TheCity"],"potions_floor_usage":[16,16,18,24],"damage_taken":[{"damage":0.0,"enemies":"Jaw Worm","floor":1.0,"turns":1.0},{"damage":0.0,"enemies":"Cultist","floor":4.0,"turns":1.0},{"damage":0.0,"enemies":"Lagavulin","floor":7.0,"turns":2.0},{"damage":7.0,"enemies":"Small Slimes","floor":8.0,"turns":3.0},{"damage":13.0,"enemies":"Exordium Wildlife","floor":11.0,"turns":5.0},{"damage":4.0,"enemies":"The Mushroom Lair","floor":13.0,"turns":4.0},{"damage":1.0,"enemies":"Red Slaver","floor":14.0,"turns":5.0},{"damage":1,"enemies":"The Guardian","floor":16,"turns":13},{"damage":26,"enemies":"Spheric Guardian","floor":18,"turns":8},{"damage":2,"enemies":"3 Byrds","floor":21,"turns":4},{"damage":13,"enemies":"Centurion and Healer","floor":22,"turns":11},{"damage":5,"enemies":"Snake Plant","floor":24,"turns":6},{"damage":14,"enemies":"Book of Stabbing","floor":28,"turns":7},{"damage":10,"enemies":"Shelled Parasite and Fungi","floor":30,"turns":5},{"damage":25,"enemies":"Snecko","floor":31,"turns":5}],"seed_played":"125372985417839855","potions_obtained":[{"floor":2.0,"key":"Poison Potion"},{"floor":2.0,"key":"ColorlessPotion"},{"floor":13.0,"key":"SteroidPotion"},{"floor":16,"key":"SpeedPotion"},{"floor":18,"key":"Strength Potion"},{"floor":22,"key":"Fire Potion"}],"is_trial":false,"path_per_floor":["M","?","$","M","$","R","E","M","T","R","M","R","?","M","R","B",null,"M","$","?","M","M","R","M","R","T","?","E","$","M","M"],"character_chosen":"THE_SILENT","items_purchased":["Predator","Footwork+1","Noxious Fumes+1"],"campfire_rested":3,"item_purchase_floors":[3,19,29],"current_hp_per_floor":[59,59,59,59,59,59,59,52,52,52,39,58,54,53,53,52,63,37,37,37,35,22,41,36,55,55,33,19,19,11,0,0],"gold":64,"neow_bonus":"THREE_ENEMY_KILL","is_daily":false,"chose_seed":false,"campfire_upgraded":3,"win_rate":0.0,"timestamp":1610226509,"path_taken":["M","?","$","M","?","R","E","M","T","R","M","R","?","M","R","BOSS","M","$","?","M","M","R","M","R","T","?","E","$","M","M"],"items_purchased_type":["Card","Card","Card"],"build_version":"2020-12-22","purchased_purges":2,"victory":false,"max_hp_per_floor":[66,66,66,66,66,66,66,66,66,66,66,66,66,66,66,66,66,66,66,66,66,66,66,66,66,66,33,33,33,35,35,35],"card_choices":[{"not_picked":["Blade Dance","Deadly Poison"],"picked":"Masterful Stab","floor":1.0},{"not_picked":["Concentrate","Prepared","Finisher"],"picked":"SKIP","floor":4.0},{"not_picked":["Acrobatics","Endless Agony"],"picked":"Backflip","floor":7.0},{"not_picked":["Acrobatics","Sucker Punch"],"picked":"Leg Sweep","floor":8.0},{"not_picked":["Blur","Bane"],"picked":"Well Laid Plans+1","floor":11.0},{"not_picked":["Well Laid Plans+1","Acrobatics"],"picked":"PiercingWail","floor":13.0},{"not_picked":["Backflip","Reflex"],"picked":"Caltrops+1","floor":14.0},{"not_picked":["Storm of Steel","Burst"],"picked":"Corpse Explosion","floor":16},{"not_picked":["Poisoned Stab","Blade Dance","Deflect"],"picked":"SKIP","floor":18},{"not_picked":["Acrobatics","Cloak And Dagger"],"picked":"A Thousand Cuts+1","floor":21},{"not_picked":["Leg Sweep","Slice","Outmaneuver"],"picked":"SKIP","floor":22},{"not_picked":["Dodge and Roll","Eviscerate","Deadly Poison"],"picked":"SKIP","floor":24},{"not_picked":["Heel Hook","Distraction"],"picked":"Crippling Poison","floor":28},{"not_picked":["All Out Attack","Quick Slash","Slice"],"picked":"Singing Bowl","floor":30}],"player_experience":919437,"relics_obtained":[{"floor":7.0,"key":"Omamori"},{"floor":9.0,"key":"Frozen Egg 2"},{"floor":13.0,"key":"Odd Mushroom"},{"floor":26,"key":"Singing Bowl"},{"floor":28,"key":"Pen Nib"}],"event_choices":[{"damage_healed":0.0,"max_hp_gain":0.0,"max_hp_loss":0.0,"gold_gain":0.0,"event_name":"Lab","player_choice":"Got Potions","floor":2.0,"gold_loss":0.0,"damage_taken":0.0},{"damage_healed":0.0,"max_hp_gain":0.0,"max_hp_loss":0.0,"gold_gain":0.0,"event_name":"Mushrooms","player_choice":"Fought Mushrooms","floor":13.0,"gold_loss":0.0,"damage_taken":0.0},{"damage_healed":0,"gold_gain":0,"player_choice":"Ignored","damage_taken":0,"max_hp_gain":0,"max_hp_loss":0,"event_name":"Vampires","floor":20,"gold_loss":0},{"damage_healed":0,"gold_gain":0,"player_choice":"Became a Ghost","damage_taken":0,"max_hp_gain":0,"max_hp_loss":33,"event_name":"Ghosts","floor":27,"gold_loss":0,"cards_obtained":["Ghostly","Ghostly","Ghostly"]}],"is_beta":false,"boss_relics":[{"not_picked":["Ectoplasm","SacredBark"],"picked":"Runic Pyramid"}],"items_purged_floors":[19,29],"is_endless":false,"potions_floor_spawned":[13,16,18,22],"killed_by":"Snecko","ascension_level":20}}