{"host":"fhq3k2nq5elnbks3","time":1610177416,"event":{"mods":["100% Spire Juice","2.2 Compatiblity","AchievementEnabler","Act Like it!","AlwaysNeverKeys","Aspiration","BaseMod","Better-Laid Plans","Block Reminder","CCEM","Card Filter","Colored Powertips","Displayed Cursed Tome","GifTheSpireLib","Gremlin Skip","HololiveMod","Lobotomy","LobotomyExtend","Marisa????????","Minty Spire (QoL Compilation)","Permanent Neow","Prisma Mod","Quick Restart","Reimu??????","Relic Filter","Shop Mod","Spikes Relics","StSLib","SuperFastMode","The Animator","The Gatherer","The Wild Card","TheBandit","Transform Curses","Uncapped","Unknown Chances","thorton","vexMod"],"gold_per_floor":[110,124,137,137,151,151,171,171,171,171,189,189,189,189],"floor_reached":13,"playtime":710,"items_purged":[],"score":77,"play_id":"35352c4b-2c1e-41b5-9fd1-d24f02de6ca0","local_time":"20210109013016","is_ascension_mode":false,"campfire_choices":[{"data":"PrismaMod:MiyuUncommonDexBuff","floor":6,"key":"SMITH"},{"data":"PrismaMod:MiyuCheapChannelDefend","floor":8,"key":"SMITH"},{"data":"PrismaMod:MiyuCheapChannelAttack","floor":10,"key":"SMITH"},{"data":"PrismaMod:MiyuEvokeCheapAttack","floor":12,"key":"SMITH"}],"circlet_count":0,"master_deck":["PrismaMod:MiyuCommonDefend","PrismaMod:MiyuCommonDefend","PrismaMod:MiyuCommonDefend","PrismaMod:MiyuCommonDefend","PrismaMod:MiyuCommonDefend","PrismaMod:MiyuCommonAttack","PrismaMod:MiyuCommonAttack","PrismaMod:MiyuCommonAttack","PrismaMod:MiyuCommonAttack","PrismaMod:MiyuCommonAttack","PrismaMod:MiyuCheapChannelAttack+1","PrismaMod:MiyuCheapChannelDefend+1","UniverseFragment","PrismaMod:MiyuUncommonDexBuff+1","Scarecrow","Scorched","BigBird","OSAHOGD","MeatLantern","PrismaMod:MiyuEvokeCheapAttack+1"],"relics":["PrismaMod:PrismaSapphire","CogitoBucket","RabbitCall","LetterFromLob","vexMod:RedPlottingStone","ResearcherNote"],"acts_visited":["Exordium"],"potions_floor_usage":[11],"damage_taken":[{"damage":0,"enemies":"Small Slimes","floor":1,"turns":3},{"damage":0,"enemies":"Jaw Worm","floor":2,"turns":5},{"damage":0,"enemies":"Cultist","floor":3,"turns":3},{"damage":48,"enemies":"Exordium Thugs","floor":5,"turns":11},{"damage":16,"enemies":"Exordium Wildlife","floor":7,"turns":5},{"damage":3,"enemies":"2 Fungi Beasts","floor":11,"turns":4},{"damage":50,"enemies":"3 Sentries","floor":13,"turns":2}],"seed_played":"-6140400849521010805","potions_obtained":[{"floor":1,"key":"Fire Potion"},{"floor":5,"key":"Fruit Juice"},{"floor":11,"key":"ZuzhouPotion:ReiMu"}],"is_trial":false,"path_per_floor":["M","M","M","$","M","R","M","R","T","R","M","R","E"],"character_chosen":"MIYU","items_purchased":[],"campfire_rested":0,"item_purchase_floors":[],"current_hp_per_floor":[75,75,75,75,27,27,15,15,15,15,17,17,0,0],"gold":189,"neow_bonus":"","is_daily":false,"chose_seed":false,"campfire_upgraded":4,"win_rate":0.0,"timestamp":1610177416,"path_taken":["M","M","M","$","M","R","M","R","T","R","M","R","E"],"items_purchased_type":[],"build_version":"2020-12-22","purchased_purges":0,"victory":false,"max_hp_per_floor":[75,75,75,75,75,75,75,75,75,75,80,80,80,80],"card_choices":[{"not_picked":["MeatLantern","Bloodbath"],"picked":"UniverseFragment","floor":1},{"not_picked":["PrismaMod:MiyuCheapChannelHeal","PrismaMod:MiyuEvokeCheapAttack"],"picked":"PrismaMod:MiyuUncommonDexBuff","floor":1},{"not_picked":["ShyLook","OSAHOGD"],"picked":"Scarecrow","floor":2},{"not_picked":["PrismaMod:MiyuCheapChannelDefend","PrismaMod:MiyuChannelAttackEvoke","PrismaMod:MiyuUncommonAttack"],"picked":"SKIP","floor":2},{"not_picked":["BigBird","WallGazer"],"picked":"Scorched","floor":3},{"not_picked":["PrismaMod:MiyuEvokeBuffDex","PrismaMod:MiyuDefenseExplosion","PrismaMod:MiyuCheapEvoke"],"picked":"SKIP","floor":3},{"not_picked":["PunishingBird","OldLady"],"picked":"BigBird","floor":5},{"not_picked":["PrismaMod:MiyuUncommonDexBuff","PrismaMod:MiyuUberAttack","PrismaMod:MiyuDefenseAbsorbMinor"],"picked":"SKIP","floor":5},{"not_picked":["CherryBlossoms","Funeral"],"picked":"OSAHOGD","floor":7},{"not_picked":["PrismaMod:MiyuCommonAOEAttack","PrismaMod:MiyuCheapChannelWeak","PrismaMod:MiyuDevil"],"picked":"SKIP","floor":7},{"not_picked":["PrismaMod:MiyuCommonAOEAttack","PrismaMod:MiyuCheapChannelWeak","PrismaMod:MiyuDevil"],"picked":"SKIP","floor":7},{"not_picked":["PunishingBird","LittleHelper"],"picked":"MeatLantern","floor":11},{"not_picked":["PrismaMod:MiyuCheapChannelVul","PrismaMod:MiyuEvokeCheapDefend"],"picked":"PrismaMod:MiyuEvokeCheapAttack","floor":11}],"player_experience":484351,"relics_obtained":[{"floor":1,"key":"LetterFromLob"},{"floor":9,"key":"vexMod:RedPlottingStone"}],"event_choices":[],"is_beta":false,"boss_relics":[],"items_purged_floors":[],"is_endless":false,"potions_floor_spawned":[1,5,11],"killed_by":"3 Sentries","ascension_level":0}}