{"host":"873t0y8ybyo38pfq","time":1610210092,"event":{"mods":["BaseMod","Bestiary","Colored Map","Colored Powertips","Highlight Path","Minty Spire (QoL Compilation)","Quick Restart","RNG Fix","Rare Cards Sparkle","Relic Stats","StSLib"],"gold_per_floor":[362,362,287,14,14,14,47,122,193,218,218,233,249,12,12,87,87,87,2,2,2,2,2,2,2,2,2,2],"floor_reached":27,"playtime":803,"items_purged":["Strike_B"],"score":442,"play_id":"34be3dfb-5d3b-4593-acc8-1aead3cf9df5","local_time":"20210109113452","is_ascension_mode":true,"campfire_choices":[{"data":"Dualcast","floor":6,"key":"SMITH"},{"data":"Zap","floor":11,"key":"SMITH"},{"data":"Fission","floor":15,"key":"SMITH"},{"floor":23,"key":"REST"},{"data":"Biased Cognition","floor":25,"key":"SMITH"}],"circlet_count":0,"master_deck":["AscendersBane","Strike_B","Strike_B","Strike_B","Defend_B","Defend_B","Defend_B","Defend_B","Zap+1","Dualcast+1","Cold Snap","Conserve Battery","Tempest","Darkness","Redo","Capacitor","Fission+1","Biased Cognition+1","Coolheaded","Steam Power","Steam+1","Compile Driver"],"relics":["Cracked Core","Turnip","Blood Vial","Symbiotic Virus","Toy Ornithopter","Darkstone Periapt","Anchor","Ectoplasm","Blue Candle","White Beast Statue"],"acts_visited":["Exordium","TheCity"],"potions_floor_usage":[10,10,20,22,22,27,27],"damage_taken":[{"damage":8,"enemies":"Small Slimes","floor":1,"turns":3},{"damage":19,"enemies":"3 Sentries","floor":7,"turns":6},{"damage":4,"enemies":"Gremlin Nob","floor":10,"turns":3},{"damage":1,"enemies":"Cultist","floor":12,"turns":3},{"damage":0,"enemies":"Jaw Worm","floor":13,"turns":2},{"damage":30,"enemies":"Slime Boss","floor":16,"turns":10},{"damage":3,"enemies":"Shell Parasite","floor":18,"turns":3},{"damage":16,"enemies":"Chosen","floor":20,"turns":5},{"damage":22,"enemies":"Snecko","floor":21,"turns":4},{"damage":19,"enemies":"Centurion and Healer","floor":22,"turns":5},{"damage":2,"enemies":"Snake Plant","floor":24,"turns":3},{"damage":52,"enemies":"Slavers","floor":27,"turns":8}],"seed_played":"-7599632655056171305","potions_obtained":[{"floor":7,"key":"FocusPotion"},{"floor":13,"key":"FearPotion"},{"floor":16,"key":"DuplicationPotion"},{"floor":18,"key":"Weak Potion"},{"floor":21,"key":"EntropicBrew"}],"is_trial":false,"path_per_floor":["M","?","?","$","T","R","E","?","T","E","R","M","M","$","R","B",null,"M","?","M","M","M","R","M","R","T","E"],"character_chosen":"DEFECT","items_purchased":["Blood Vial","FearPotion","Conserve Battery","Fission"],"campfire_rested":1,"item_purchase_floors":[4,4,4,14],"current_hp_per_floor":[56,51,51,51,51,51,34,23,23,31,31,32,34,34,34,6,55,54,54,45,25,18,39,39,39,39,0,0],"gold":2,"neow_bonus":"TWO_FIFTY_GOLD","is_daily":false,"chose_seed":false,"campfire_upgraded":4,"win_rate":0.0,"timestamp":1610210092,"path_taken":["M","?","?","$","?","R","E","?","T","E","R","M","M","?","R","BOSS","M","?","M","M","?","R","?","R","T","E"],"items_purchased_type":["Relic","Potion","Card","Card"],"build_version":"2020-12-22","purchased_purges":1,"victory":false,"max_hp_per_floor":[71,71,71,71,71,71,71,71,71,71,71,71,71,71,71,71,71,71,71,71,71,71,71,71,71,71,71,71],"relic_stats":{"Blood Vial":22,"Darkstone Periapt":0,"counters":[12,55],"Blue Candle":[0],"Turnip":[6],"Ectoplasm":77,"obtain_stats":[{"Blood Vial":4,"Darkstone Periapt":9,"Anchor":10,"Blue Candle":19,"Turnip":2,"Ectoplasm":17,"Cracked Core":0,"Symbiotic Virus":5,"Toy Ornithopter":7,"White Beast Statue":26},{"Blood Vial":1,"Darkstone Periapt":2,"Anchor":3,"Blue Candle":7,"Turnip":1,"Ectoplasm":6,"Cracked Core":0,"Symbiotic Virus":1,"Toy Ornithopter":2,"White Beast Statue":11},{"Blood Vial":3,"Darkstone Periapt":9,"Anchor":12,"Blue Candle":30,"Turnip":3,"Ectoplasm":27,"Cracked Core":0,"Symbiotic Virus":3,"Toy Ornithopter":9,"White Beast Statue":47}],"Toy Ornithopter":35},"card_choices":[{"not_picked":["Streamline","Beam Cell"],"picked":"Cold Snap","floor":1},{"not_picked":["Undo","Beam Cell"],"picked":"Tempest","floor":7},{"not_picked":["Gash","Fusion"],"picked":"Darkness","floor":10},{"not_picked":["Static Discharge","Hologram"],"picked":"Redo","floor":12},{"not_picked":["Chill","Ball Lightning"],"picked":"Capacitor","floor":13},{"not_picked":["Meteor Strike","Rainbow"],"picked":"Biased Cognition","floor":16},{"not_picked":["Tempest","Conserve Battery"],"picked":"Coolheaded","floor":18},{"not_picked":["Stack","Barrage"],"picked":"Steam Power","floor":20},{"not_picked":["Streamline","Cold Snap","Stack"],"picked":"SKIP","floor":21},{"not_picked":["Meteor Strike","Go for the Eyes"],"picked":"Steam+1","floor":22},{"not_picked":["Turbo","Redo"],"picked":"Compile Driver","floor":24}],"player_experience":1568024,"relics_obtained":[{"floor":5,"key":"Symbiotic Virus"},{"floor":7,"key":"Toy Ornithopter"},{"floor":9,"key":"Darkstone Periapt"},{"floor":10,"key":"Anchor"},{"floor":26,"key":"White Beast Statue"}],"event_choices":[{"damage_healed":0,"gold_gain":0,"player_choice":"Success","damage_taken":5,"relics_obtained":["Turnip"],"max_hp_gain":0,"max_hp_loss":0,"event_name":"Scrap Ooze","floor":2,"gold_loss":0},{"cards_removed":["Injury"],"damage_healed":0,"gold_gain":0,"player_choice":"Card Removal","damage_taken":0,"max_hp_gain":0,"max_hp_loss":0,"event_name":"The Cleric","floor":3,"gold_loss":75},{"damage_healed":0,"gold_gain":75,"player_choice":"Gather Gold","damage_taken":11,"max_hp_gain":0,"max_hp_loss":0,"event_name":"World of Goop","floor":8,"gold_loss":0},{"damage_healed":0,"gold_gain":0,"player_choice":"Obtained Relic","damage_taken":0,"relics_obtained":["Blue Candle"],"max_hp_gain":0,"max_hp_loss":0,"event_name":"Addict","floor":19,"gold_loss":85}],"is_beta":false,"boss_relics":[{"not_picked":["Snecko Eye","Empty Cage"],"picked":"Ectoplasm"}],"items_purged_floors":[14],"is_endless":false,"potions_floor_spawned":[7,13,16,18,21],"killed_by":"Slavers","ascension_level":20}}