{"host":"gkmfgzxy0jvnl2zt","time":1610162581,"event":{"mods":["AchievementEnabler","Act Like it!","Aspiration","BaseMod","Better Note","BetterRewards","Card Forge","Colored Map","Colored Powertips","Conspire","Elementarium","Energized Spire","Infinite Spire","Ironclad Rager","Mimic Mod","Minty Spire (QoL Compilation)","Permanent Neow","Replay The Spire","Shop Mod","StSLib","The Factory","The Jungle","Trackpad","vexMod"],"gold_per_floor":[113,123,123,99999,100012,100028,99112,99212,99249,99267,99286,99304,99320,99320,99320,99419,99419,99435,99385,98433,98433,98443,98472,98491,98491,98577,98577,98621,98629,98630,98630],"floor_reached":30,"playtime":2033,"items_purged":["Defend_B+1","Defend_B+1"],"score":441,"play_id":"a84f663f-abb3-45f5-9dcc-48eaa5f737db","local_time":"20210108222301","is_ascension_mode":false,"campfire_choices":[{"floor":15.0,"key":"RECALL"},{"floor":25.0,"key":"REST"}],"circlet_count":0,"master_deck":["Defend_B+1","Zap+1","Dualcast+1","Gash+1","White Noise+1","infinitespire:Punishment+1","Replay:Fractal Strike+1","Gash+1","Gash+1","Gash+1","Gash+1","FIFO Queue+1","ReplayTheSpireMod:Dual Polarity+1","Consume+1","Gash+1","Creative AI+1","Beam Cell+1","Echo Form+1","Conserve Battery+1","Loop+1","Genetic Algorithm+1","Madness+1","Master of Strategy+1","ReplayGash+1","Buffer+1","Chill+1","Double Energy+1","Capacitor+1","Aggregate"],"relics":["Cracked Core","Hammer of Thor","Seething Fire","Anvil of the Gods","infinitespire:Freezer","aspiration:HiddenCompartment","aspiration:BursterCore","trackpad:SneckoScepter","infinitespire:PuzzleCube","Medical Kit","Ring of Peace","ReplayTheSpireMod:Ring of Collecting","Black Star","Replay:Accelerometer","Replay:Lucky Slots","Nloth\u0027s Gift","Happy Flower","Whetstone","Replay:Multitool","Ring of Greed","Blue Doll","Replay:Bandana","ReplayFunnel","trackpad:WindUpAutoDealer"],"acts_visited":["TheCity"],"potions_floor_usage":[],"damage_taken":[{"damage":0.0,"enemies":"Cultist","floor":1.0,"turns":3.0},{"damage":0.0,"enemies":"Small Slimes","floor":2.0,"turns":2.0},{"damage":1.0,"enemies":"Jaw Worm","floor":4.0,"turns":2.0},{"damage":5.0,"enemies":"3 Louse","floor":5.0,"turns":3.0},{"damage":0.0,"enemies":"Looter","floor":6.0,"turns":2.0},{"damage":2.0,"enemies":"Large Slime","floor":9.0,"turns":4.0},{"damage":0.0,"enemies":"Large Slime","floor":10.0,"turns":3.0},{"damage":0.0,"enemies":"2 Fungi Beasts","floor":11.0,"turns":2.0},{"damage":2.0,"enemies":"Blue Slaver","floor":12.0,"turns":2.0},{"damage":11.0,"enemies":"Red Slaver","floor":13.0,"turns":2.0},{"damage":0.0,"enemies":"Slime Boss","floor":16.0,"turns":3.0},{"damage":4.0,"enemies":"Shell Parasite","floor":18.0,"turns":3.0},{"damage":0.0,"enemies":"Spheric Guardian","floor":22.0,"turns":2.0},{"damage":21.0,"enemies":"Book of Stabbing","floor":23.0,"turns":4.0},{"damage":0.0,"enemies":"Centurion and Healer","floor":24.0,"turns":4.0},{"damage":0.0,"enemies":"Snecko","floor":26.0,"turns":5.0},{"damage":16.0,"enemies":"Nightmare","floor":28.0,"turns":8.0},{"damage":0.0,"enemies":"Snecko","floor":29.0,"turns":4.0},{"damage":0,"enemies":"3 Cultists","floor":30,"turns":1}],"seed_played":"8475722447911972220","potions_obtained":[{"floor":1.0,"key":"LiquidBronze"},{"floor":6.0,"key":"SkillPotion"},{"floor":10.0,"key":"SkillPotion"},{"floor":16.0,"key":"SkillPotion"},{"floor":18.0,"key":"Energy Potion"},{"floor":28.0,"key":"Explosive Potion"}],"is_trial":false,"path_per_floor":["M","M","AVR","M","M","M","$","?","MIM","M","M","M","M","?","R_BF","B",null,"M","?","$","?","M","E","M","R","MIM","R","NM","M","M"],"character_chosen":"DEFECT","items_purchased":["infinitespire:Freezer","trackpad:SneckoScepter","infinitespire:PuzzleCube","Medical Kit","Gash","FIFO Queue","ReplayTheSpireMod:Dual Polarity","FocusPotion","Replay:Accelerometer","Replay:Lucky Slots","Loop","Genetic Algorithm","Madness","Master of Strategy"],"campfire_rested":1,"item_purchase_floors":[0,7,7,7,7,7,7,7,20,20,20,20,20,20],"current_hp_per_floor":[75,75,75,74,69,69,69,69,67,67,67,65,54,54,54,54,75,71,71,71,71,71,50,50,72,72,72,56,56,56,56],"gold":98630,"neow_bonus":"","is_daily":false,"chose_seed":false,"campfire_upgraded":0,"win_rate":0.0,"timestamp":1610162581,"path_taken":["M","M","AVR","M","M","M","?","?","MIM","M","?","M","M","?","R_BF","BOSS","M","?","$","?","M","E","M","R","MIM","R","NM","M","M"],"items_purchased_type":["Relic","Relic","Relic","Relic","Card","Card","Card","Potion","Relic","Relic","Card","Card","Card","Card"],"build_version":"2020-12-22","purchased_purges":2,"victory":false,"max_hp_per_floor":[75,75,75,75,75,75,75,75,75,75,75,75,75,75,75,75,75,75,75,75,75,75,75,75,75,75,75,75,75,75,75],"card_choices":[{"not_picked":["Sweeping Beam","Go for the Eyes"],"picked":"Gash","floor":1.0},{"not_picked":["Cold Snap","Barrage"],"picked":"White Noise","floor":2.0},{"not_picked":["Cold Snap","Ball Lightning"],"picked":"Gash","floor":4.0},{"not_picked":["Go for the Eyes","Hologram"],"picked":"Gash","floor":5.0},{"not_picked":["Hologram","ReplayTheSpireMod:Reroute Power","Go for the Eyes"],"picked":"SKIP","floor":6.0},{"not_picked":["Hologram","ReplaySolidLightProjector"],"picked":"Consume","floor":9.0},{"not_picked":["Leap","Coolheaded"],"picked":"Gash","floor":10.0},{"not_picked":["Redo","ReplaySort"],"picked":"Creative AI","floor":11.0},{"not_picked":["Go for the Eyes","Stack","Fusion"],"picked":"SKIP","floor":12.0},{"not_picked":["Barrage","ReplayTheSpireMod:Repulse"],"picked":"Beam Cell","floor":13.0},{"not_picked":["All For One","Thunder Strike"],"picked":"Echo Form","floor":16.0},{"not_picked":["Redo+1","Go for the Eyes"],"picked":"Conserve Battery","floor":18.0},{"not_picked":["Panic Button","Loop"],"picked":"ReplayGash","floor":22.0},{"not_picked":["Force Field","Steam"],"picked":"Buffer","floor":23.0},{"not_picked":["Redo","Steam"],"picked":"Chill","floor":24.0},{"not_picked":["Rebound","Crystallizer+1"],"picked":"Double Energy","floor":26.0},{"not_picked":["Machine Learning","BootSequence+1"],"picked":"Capacitor","floor":28.0},{"not_picked":["Panic Button","Fusion+1"],"picked":"Aggregate","floor":29}],"player_experience":24553,"relics_obtained":[{"floor":14.0,"key":"Ring of Peace"},{"floor":14.0,"key":"ReplayTheSpireMod:Ring of Collecting"},{"floor":23.0,"key":"Happy Flower"},{"floor":23.0,"key":"Whetstone"},{"floor":26.0,"key":"Replay:Multitool"},{"floor":26.0,"key":"Ring of Greed"},{"floor":26.0,"key":"Blue Doll"},{"floor":26.0,"key":"Replay:Bandana"},{"floor":28.0,"key":"ReplayFunnel"},{"floor":28.0,"key":"trackpad:WindUpAutoDealer"}],"event_choices":[{"damage_healed":0.0,"max_hp_gain":0.0,"max_hp_loss":0.0,"gold_gain":100.0,"event_name":"Golden Shrine","player_choice":"Pray","floor":8.0,"gold_loss":0.0,"damage_taken":0.0},{"damage_healed":0.0,"max_hp_gain":0.0,"max_hp_loss":0.0,"gold_gain":0.0,"event_name":"The Joust","player_choice":"Bet on Murderer","floor":19.0,"gold_loss":50.0,"damage_taken":0.0},{"damage_healed":0.0,"max_hp_gain":0.0,"max_hp_loss":0.0,"gold_gain":0.0,"event_name":"N\u0027loth","player_choice":"Traded Relic","floor":21.0,"relics_lost":["StoneCalendar"],"gold_loss":0.0,"damage_taken":0.0,"relics_obtained":["Nloth\u0027s Gift"]},{"cards_removed":["Defend_B"],"damage_healed":0.0,"max_hp_gain":0.0,"max_hp_loss":0.0,"gold_gain":0.0,"event_name":"Purifier","player_choice":"Purged","floor":27.0,"gold_loss":0.0,"damage_taken":0.0}],"is_beta":false,"boss_relics":[{"not_picked":["conspire:SeveredTorchhead","Empty Cage"],"picked":"Black Star"}],"items_purged_floors":[7,20],"is_endless":false,"potions_floor_spawned":[1,6,10,12,16,18,28],"killed_by":"3 Cultists","ascension_level":0}}