{"host":"TheHustler","time":1610188355,"event":{"mods":["BaseMod","Block Reminder","Colored Map","Colored Powertips","Minty Spire (QoL Compilation)","Quick Restart","StSLib","SuperFastMode","Unceasing Turn Reminder"],"gold_per_floor":[109,109,34,47,22,22,47,47,47,47,47,105,105,125,125,226,226,241,252,270,281,297,327,327,327,327],"floor_reached":25,"playtime":674,"items_purged":["Regret"],"score":221,"play_id":"2c41f276-7b66-4080-92d2-1234de60d7ca","local_time":"20210109113235","is_ascension_mode":false,"campfire_choices":[{"data":"Zap","floor":6.0,"key":"SMITH"},{"data":"White Noise","floor":8,"key":"SMITH"},{"data":"Tempest","floor":10,"key":"SMITH"},{"data":"Double Energy","floor":15,"key":"SMITH"},{"data":"Self Repair","floor":24,"key":"SMITH"}],"circlet_count":0,"master_deck":["Strike_B","Strike_B","Defend_B","Defend_B","Defend_B","Zap+1","Dualcast","Tempest+1","Self Repair+1","Cold Snap","White Noise+1","Core Surge","Double Energy+1","Multi-Cast","Echo Form","Conserve Battery","Amplify","Compile Driver+1"],"relics":["Coffee Dripper","PreservedInsect","Nunchaku","Bottled Lightning","Bird Faced Urn","Empty Cage","Symbiotic Virus"],"acts_visited":["Exordium","TheCity"],"potions_floor_usage":[12,18],"damage_taken":[{"damage":6.0,"enemies":"Jaw Worm","floor":1.0,"turns":4.0},{"damage":0.0,"enemies":"2 Louse","floor":4.0,"turns":2.0},{"damage":12,"enemies":"Lagavulin","floor":7,"turns":4},{"damage":9,"enemies":"Lagavulin Event","floor":12,"turns":4},{"damage":6,"enemies":"Cultist","floor":14,"turns":3},{"damage":6,"enemies":"Slime Boss","floor":16,"turns":6},{"damage":0,"enemies":"Shell Parasite","floor":18,"turns":2},{"damage":17,"enemies":"2 Thieves","floor":19,"turns":3},{"damage":0,"enemies":"Snecko","floor":20,"turns":4},{"damage":8,"enemies":"Cultist and Chosen","floor":21,"turns":3},{"damage":25,"enemies":"Snake Plant","floor":22,"turns":4},{"damage":52,"enemies":"Book of Stabbing","floor":23,"turns":6},{"damage":58,"enemies":"Gremlin Leader","floor":25,"turns":7}],"seed_played":"-1472666028157888951","potions_obtained":[{"floor":4.0,"key":"Block Potion"},{"floor":12,"key":"Block Potion"},{"floor":20,"key":"SteroidPotion"},{"floor":23,"key":"FearPotion"}],"is_trial":false,"path_per_floor":["M","?","$","M","$","R","E","R","T","R","?","?","?","M","R","B",null,"M","M","M","M","M","E","R","E"],"character_chosen":"DEFECT","items_purchased":["Cold Snap"],"campfire_rested":0,"item_purchase_floors":[5],"current_hp_per_floor":[69,69,69,69,69,69,64,64,64,64,64,62,62,67,67,72,75,75,75,75,75,61,49,49,0,0],"gold":327,"neow_bonus":"BOSS_RELIC","is_daily":false,"chose_seed":false,"campfire_upgraded":5,"win_rate":0.0,"timestamp":1610188355,"path_taken":["M","?","$","M","$","R","E","R","T","R","?","?","?","M","R","BOSS","M","M","M","?","M","E","R","E"],"items_purchased_type":["Card"],"build_version":"2020-12-18","purchased_purges":1,"victory":false,"max_hp_per_floor":[75,75,75,75,75,75,75,75,75,75,75,75,75,75,75,75,75,75,75,75,75,75,75,75,75,75],"card_choices":[{"not_picked":["Conserve Battery","Gash"],"picked":"Tempest","floor":1.0},{"not_picked":["Leap","Redo"],"picked":"Self Repair","floor":4.0},{"not_picked":["Consume","Redo"],"picked":"White Noise","floor":7},{"not_picked":["Scrape","Redo"],"picked":"Core Surge","floor":12},{"not_picked":["Stack","Conserve Battery"],"picked":"Multi-Cast","floor":14},{"not_picked":["Amplify","Machine Learning"],"picked":"Echo Form","floor":16},{"not_picked":["Redo+1","Force Field"],"picked":"Conserve Battery","floor":18},{"not_picked":["Reprogram","Scrape","Turbo"],"picked":"SKIP","floor":19},{"not_picked":["Scrape","Conserve Battery","Compile Driver"],"picked":"SKIP","floor":20},{"not_picked":["Steam","Beam Cell+1","Leap"],"picked":"SKIP","floor":21},{"not_picked":["Gash","Genetic Algorithm"],"picked":"Amplify","floor":22},{"not_picked":["Rebound+1","Leap+1"],"picked":"Compile Driver+1","floor":23}],"player_experience":624886,"relics_obtained":[{"floor":7,"key":"Nunchaku"},{"floor":9,"key":"Bottled Lightning"},{"floor":12,"key":"Bird Faced Urn"},{"floor":23,"key":"Symbiotic Virus"}],"event_choices":[{"damage_healed":0.0,"max_hp_gain":0.0,"max_hp_loss":0.0,"gold_gain":0.0,"event_name":"Big Fish","player_choice":"Box","floor":2.0,"gold_loss":0.0,"damage_taken":0.0,"relics_obtained":["PreservedInsect"],"cards_obtained":["Regret"]},{"damage_healed":0,"gold_gain":0,"player_choice":"Leave","damage_taken":0,"max_hp_gain":0,"max_hp_loss":0,"event_name":"The Cleric","floor":11,"gold_loss":0},{"damage_healed":0,"gold_gain":0,"player_choice":"Searched \u00272\u0027 times","damage_taken":0,"max_hp_gain":0,"max_hp_loss":0,"event_name":"Dead Adventurer","floor":12,"gold_loss":0},{"damage_healed":0,"gold_gain":0,"cards_transformed":["Strike_B"],"player_choice":"Transformed","damage_taken":0,"max_hp_gain":0,"max_hp_loss":0,"event_name":"Transmorgrifier","floor":13,"gold_loss":0,"cards_obtained":["Double Energy"]}],"is_beta":true,"boss_relics":[{"not_picked":["Sozu","Runic Dome"],"picked":"Empty Cage"}],"items_purged_floors":[3],"is_endless":false,"potions_floor_spawned":[4,12,20,23],"killed_by":"Gremlin Leader","ascension_level":0}}