{"host":"6pgtslebjnyv5xmi","time":1610172699,"event":{"mods":["AchievementEnabler","BaseMod","Colored Map","Minty Spire (QoL Compilation)","Rare Cards Sparkle","StSLib","SuperFastMode","The Hierophant","everything is the same but u backflip on backflip"],"gold_per_floor":[111,111,192,207,222,222,237,237,237,247,27,46,121,121,121,196,196,208,188,206,225,225,225],"floor_reached":22,"playtime":856,"items_purged":["Regret"],"score":303,"play_id":"fc49bbaa-f61a-447f-8be5-2187f15fa50f","local_time":"20210109151139","is_ascension_mode":true,"campfire_choices":[{"data":"Second Wind","floor":6.0,"key":"SMITH"},{"data":"Second Wind","floor":8.0,"key":"SMITH"},{"floor":15,"key":"REST"}],"circlet_count":0,"master_deck":["AscendersBane","Strike_R","Strike_R","Strike_R","Strike_R","Defend_R","Defend_R","Defend_R","Defend_R","Bash","Heavy Blade","Power Through","Flame Barrier","Second Wind+1","Second Wind+1","Battle Trance","Juggernaut"],"relics":["Burning Blood","Happy Flower","Letter Opener","Strawberry","Pen Nib","Black Star"],"acts_visited":["Exordium","TheCity"],"potions_floor_usage":[10,16,20,21,22],"damage_taken":[{"damage":18.0,"enemies":"Jaw Worm","floor":1.0,"turns":4.0},{"damage":3.0,"enemies":"2 Louse","floor":4.0,"turns":4.0},{"damage":9.0,"enemies":"Small Slimes","floor":5.0,"turns":4.0},{"damage":4.0,"enemies":"Red Slaver","floor":7.0,"turns":4.0},{"damage":3,"enemies":"2 Fungi Beasts","floor":10,"turns":4},{"damage":18,"enemies":"Gremlin Gang","floor":12,"turns":7},{"damage":29,"enemies":"The Guardian","floor":16,"turns":11},{"damage":23,"enemies":"3 Byrds","floor":18,"turns":5},{"damage":0,"enemies":"Chosen","floor":20,"turns":6},{"damage":48,"enemies":"Snake Plant","floor":21,"turns":6},{"damage":23,"enemies":"Sentry and Sphere","floor":22,"turns":4}],"seed_played":"5172115590430569975","potions_obtained":[{"floor":1.0,"key":"CultistPotion"},{"floor":7.0,"key":"ColorlessPotion"},{"floor":18,"key":"FearPotion"},{"floor":19,"key":"AttackPotion"},{"floor":20,"key":"Swift Potion"}],"is_trial":false,"path_per_floor":["M","?","T","M","M","R","M","R","T","M","$","M","?","?","R","B",null,"M","?","M","M","M"],"character_chosen":"IRONCLAD","items_purchased":["Pen Nib"],"campfire_rested":1,"item_purchase_floors":[11],"current_hp_per_floor":[56,56,56,59,56,56,58,58,65,68,68,56,45,38,62,39,71,54,54,60,18,0,0],"gold":225,"neow_bonus":"THREE_CARDS","is_daily":false,"chose_seed":false,"campfire_upgraded":2,"win_rate":0.0,"timestamp":1610172699,"path_taken":["M","?","?","M","M","R","M","R","T","M","$","M","?","?","R","BOSS","M","?","M","M","M"],"items_purchased_type":["Relic"],"build_version":"2020-12-22","purchased_purges":1,"victory":false,"max_hp_per_floor":[75,75,75,75,75,75,75,75,82,82,82,82,82,82,82,82,82,82,82,82,82,82,82],"card_choices":[{"not_picked":["Flame Barrier","Hemokinesis"],"picked":"Heavy Blade","floor":0.0},{"not_picked":["Burning Pact","Cleave"],"picked":"Power Through","floor":1.0},{"not_picked":["Heavy Blade","Body Slam"],"picked":"Flame Barrier","floor":4.0},{"not_picked":["Spot Weakness","Entrench"],"picked":"Second Wind","floor":5.0},{"not_picked":["Havoc","Flex"],"picked":"Second Wind","floor":7.0},{"not_picked":["Clothesline","Rampage","Twin Strike"],"picked":"SKIP","floor":10},{"not_picked":["Rupture","Perfected Strike"],"picked":"Battle Trance","floor":12},{"not_picked":["Double Tap","Limit Break"],"picked":"Juggernaut","floor":16},{"not_picked":["Pommel Strike","Warcry+1","Anger"],"picked":"SKIP","floor":18},{"not_picked":["Pommel Strike","Armaments","Iron Wave"],"picked":"SKIP","floor":20},{"not_picked":["Havoc","Body Slam","Iron Wave"],"picked":"SKIP","floor":21}],"player_experience":913240,"relics_obtained":[{"floor":3.0,"key":"Letter Opener"},{"floor":9.0,"key":"Strawberry"}],"event_choices":[{"damage_healed":0.0,"max_hp_gain":0.0,"max_hp_loss":0.0,"gold_gain":0.0,"event_name":"Big Fish","player_choice":"Box","floor":2.0,"gold_loss":0.0,"damage_taken":0.0,"relics_obtained":["Happy Flower"],"cards_obtained":["Regret"]},{"damage_healed":0,"gold_gain":75,"player_choice":"Gather Gold","damage_taken":11,"max_hp_gain":0,"max_hp_loss":0,"event_name":"World of Goop","floor":13,"gold_loss":0},{"cards_removed":["Strike_R"],"damage_healed":0,"gold_gain":0,"player_choice":"Card Removal","damage_taken":7,"max_hp_gain":0,"max_hp_loss":0,"event_name":"Golden Wing","floor":14,"gold_loss":0},{"damage_healed":0,"gold_gain":0,"player_choice":"Bought 1 Potion","damage_taken":0,"max_hp_gain":0,"max_hp_loss":0,"event_name":"The Woman in Blue","floor":19,"gold_loss":0}],"is_beta":false,"boss_relics":[{"not_picked":["Snecko Eye","Philosopher\u0027s Stone"],"picked":"Black Star"}],"items_purged_floors":[11],"is_endless":false,"potions_floor_spawned":[1,7,18,20],"killed_by":"Sentry and Sphere","ascension_level":14}}