{"host":"iajupulv8i19r34s","time":1610226404,"event":{"mods":["BaseMod","Bestiary","Better Altar","Better Match","Better Note","Better Sensory Stone","Better Skull","Better Third Choice","Block Reminder","Curses Come First","Evolution","Hermit","Highlight Path","Minty Spire (QoL Compilation)","Permanent Neow","Random Character Button","Rare Cards Sparkle","Relic Sorter","Relic Stats","StSLib","Synergy Search","The Hierophant","everything is the same but u backflip on backflip","thorton"],"gold_per_floor":[360,17,17,29,29,57,57,57,57,106,106,31,48,61,61,162,162,172,190,190,40,89,112,33,33,85,85,105,105,105,136,136,235,235,245,245,245],"floor_reached":36,"playtime":1910,"items_purged":["Normality"],"score":514,"play_id":"66ab1b8f-22ba-4224-9c53-8141366c90b3","local_time":"20210109160644","is_ascension_mode":false,"campfire_choices":[{"data":"Blur","floor":7,"key":"SMITH"},{"data":"Infinite Blades","floor":11,"key":"SMITH"},{"data":"Noxious Fumes","floor":15,"key":"SMITH"},{"floor":27,"key":"REST"},{"floor":29,"key":"REST"},{"floor":32,"key":"REST"}],"circlet_count":0,"master_deck":["Strike_G","Strike_G","Strike_G","Strike_G","Defend_G","Defend_G+1","Defend_G","Defend_G","Defend_G+1","Survivor","Neutralize+1","Flying Knee","Blur+1","Infinite Blades+1","Poisoned Stab","Dagger Throw","Noxious Fumes+1","Infinite Blades","A Thousand Cuts","Prepared+1","Prepared","hierophant:Community","Infinite Blades","PathToVictory+1","thethorton:Siphon","thethorton:BusinessCard"],"relics":["Ring of the Snake","EVO:Axolotl","thethorton:BrokenCalculator","War Paint","Pantograph","HoveringKite","PrismaticShard","Potion Belt","SlaversCollar"],"acts_visited":["Exordium","TheCity","TheBeyond"],"potions_floor_usage":[14,33,33],"damage_taken":[{"damage":1,"enemies":"2 Louse","floor":1,"turns":4},{"damage":0,"enemies":"Cultist","floor":4,"turns":5},{"damage":8,"enemies":"Lagavulin","floor":6,"turns":8},{"damage":7,"enemies":"Small Slimes","floor":10,"turns":3},{"damage":0,"enemies":"3 Louse","floor":13,"turns":3},{"damage":5,"enemies":"Red Slaver","floor":14,"turns":4},{"damage":21,"enemies":"Hexaghost","floor":16,"turns":10},{"damage":19,"enemies":"Shell Parasite","floor":18,"turns":7},{"damage":23,"enemies":"Chosen","floor":19,"turns":7},{"damage":15,"enemies":"Snake Plant","floor":22,"turns":6},{"damage":16,"enemies":"Cultist and Chosen","floor":23,"turns":6},{"damage":18,"enemies":"Centurion and Healer","floor":28,"turns":8},{"damage":10,"enemies":"Shelled Parasite and Fungi","floor":31,"turns":8},{"damage":55,"enemies":"Collector","floor":33,"turns":11},{"damage":49,"enemies":"3 Shapes","floor":35,"turns":8},{"damage":26,"enemies":"3 Darklings","floor":36,"turns":4}],"seed_played":"-4845469290829430063","potions_obtained":[{"floor":6,"key":"Explosive Potion"},{"floor":10,"key":"Poison Potion"},{"floor":13,"key":"DuplicationPotion"},{"floor":14,"key":"Fruit Juice"},{"floor":18,"key":"SpeedPotion"},{"floor":30,"key":"GhostInAJar"},{"floor":30,"key":"Dexterity Potion"}],"is_trial":false,"path_per_floor":["M","$","?","M","$","E","R","$","T","M","R","$","M","M","R","B",null,"M","M","?","$","M","M","$","$","T","R","M","R","?","M","R","B",null,"M","M"],"character_chosen":"THE_SILENT","items_purchased":["Blur","thethorton:BrokenCalculator","Infinite Blades","Poisoned Stab","PrismaticShard","Infinite Blades"],"campfire_rested":3,"item_purchase_floors":[2,2,2,2,21,24],"current_hp_per_floor":[69,69,69,69,69,61,61,61,61,54,54,54,54,54,54,54,75,56,33,33,33,18,2,2,2,2,24,6,28,28,18,40,10,75,26,0,0],"gold":245,"neow_bonus":"TWO_FIFTY_GOLD","is_daily":false,"chose_seed":false,"campfire_upgraded":3,"win_rate":0.0,"timestamp":1610226404,"path_taken":["M","$","?","M","$","E","R","$","T","M","R","?","M","M","R","BOSS","M","M","?","$","M","M","$","?","T","R","M","R","?","M","R","BOSS","M","M"],"items_purchased_type":["Card","Relic","Card","Card","Relic","Card"],"build_version":"2020-12-22","purchased_purges":1,"victory":false,"max_hp_per_floor":[70,70,70,70,70,70,70,70,70,70,70,70,70,75,75,75,75,75,75,75,75,75,75,75,75,75,75,75,75,75,75,75,75,75,75,75,75],"relic_stats":{"counters":[16,102],"Pantograph":46,"HoveringKite":[37],"War Paint":["Defend_G","Defend_G"],"obtain_stats":[{"Potion Belt":26,"thethorton:BrokenCalculator":2,"SlaversCollar":34,"Pantograph":9,"HoveringKite":17,"EVO:Axolotl":0,"War Paint":6,"PrismaticShard":21,"Ring of the Snake":0},{"Potion Belt":11,"thethorton:BrokenCalculator":1,"SlaversCollar":14,"Pantograph":3,"HoveringKite":7,"EVO:Axolotl":0,"War Paint":3,"PrismaticShard":9,"Ring of the Snake":0},{"Potion Belt":63,"thethorton:BrokenCalculator":4,"SlaversCollar":90,"Pantograph":17,"HoveringKite":37,"EVO:Axolotl":0,"War Paint":17,"PrismaticShard":51,"Ring of the Snake":0}],"Ring of the Snake":[32]},"card_choices":[{"not_picked":["Poisoned Stab","Sucker Punch"],"picked":"Flying Knee","floor":1},{"not_picked":["Quick Slash","PiercingWail"],"picked":"Dagger Throw","floor":4},{"not_picked":["Quick Slash","Dagger Spray"],"picked":"Noxious Fumes","floor":6},{"not_picked":["Underhanded Strike","Skewer","PiercingWail"],"picked":"SKIP","floor":10},{"not_picked":["Deflect","Outmaneuver"],"picked":"Infinite Blades","floor":13},{"not_picked":["Calculated Gamble","Dagger Throw","Deflect"],"picked":"SKIP","floor":14},{"not_picked":["Die Die Die","Malaise"],"picked":"A Thousand Cuts","floor":16},{"not_picked":["Deadly Poison","Poisoned Stab"],"picked":"Prepared+1","floor":18},{"not_picked":["PiercingWail","Predator"],"picked":"Prepared","floor":19},{"not_picked":["hermit:Misfire","Poisoned Stab","hierophant:Smite+1"],"picked":"SKIP","floor":22},{"not_picked":["hierophant:Cornucopia","hierophant:PristineSoul"],"picked":"hierophant:Community","floor":23},{"not_picked":["hierophant:Bribe","Sword Boomerang","hierophant:RepressedViolence"],"picked":"SKIP","floor":28},{"not_picked":["hermit:CalledShot","White Noise"],"picked":"PathToVictory+1","floor":31},{"not_picked":["hermit:EternalForm","hermit:RoundhouseKick"],"picked":"thethorton:Siphon","floor":33},{"not_picked":["Go for the Eyes","Blade Dance+1"],"picked":"thethorton:BusinessCard","floor":35}],"player_experience":77242,"relics_obtained":[{"floor":6,"key":"War Paint"},{"floor":9,"key":"Pantograph"},{"floor":26,"key":"Potion Belt"}],"event_choices":[{"damage_healed":0,"gold_gain":0,"player_choice":"Upgraded","damage_taken":0,"max_hp_gain":0,"max_hp_loss":0,"event_name":"Upgrade Shrine","floor":3,"gold_loss":0,"cards_upgraded":["Neutralize"]},{"cards_removed":["Strike_G"],"damage_healed":0,"gold_gain":0,"player_choice":"Purged","damage_taken":0,"max_hp_gain":0,"max_hp_loss":0,"event_name":"Purifier","floor":20,"gold_loss":0},{"damage_healed":0,"gold_gain":0,"player_choice":"Got Potions","damage_taken":0,"max_hp_gain":0,"max_hp_loss":0,"event_name":"Lab","floor":30,"gold_loss":0}],"is_beta":false,"boss_relics":[{"not_picked":["Busted Crown","Runic Dome"],"picked":"HoveringKite"},{"not_picked":["Velvet Choker","Sozu"],"picked":"SlaversCollar"}],"items_purged_floors":[12],"is_endless":false,"potions_floor_spawned":[6,10,13,14,18,22],"killed_by":"3 Darklings","ascension_level":0}}