{"host":"hjw1ay65n7jm40lc","time":1610158568,"event":{"mods":["AchievementEnabler","BaseMod","Block Reminder","Colored Map","Colored Powertips","Curses Come First","Downfall","Googly Eyes","Hermit","Highlight Path","Minty Spire (QoL Compilation)","Quick Restart","Relic Stats","StSLib"],"gold_per_floor":[99,116,133,233,250,277,327,227,253,264,264,295,295,355,370,472,472,372,388,400,400,420,420,498,498,517,551,566,578,728,163,174,277,277,277,288,305,109,125,154,181,208,208,224,124,86,86,99,110,110,110,110,110,110],"floor_reached":52,"playtime":8510,"items_purged":["Guardian:Strike_Guardian","Guardian:Strike_Guardian"],"score":776,"play_id":"5e2acf00-8b5e-4b6e-84da-d7a1efd1651e","local_time":"20210108211608","is_ascension_mode":false,"campfire_choices":[{"data":"Guardian:TwinSlam","floor":1.0,"key":"SMITH"},{"data":"Guardian:Clone","floor":8.0,"key":"SMITH"},{"data":"Guardian:StasisStrike","floor":11.0,"key":"SMITH"},{"floor":13.0,"key":"RECALL"},{"data":"Guardian:ArmoredProtocol","floor":18.0,"key":"SMITH"},{"data":"Guardian:AncientConstruct","floor":23.0,"key":"SMITH"},{"data":"Guardian:CurlUp","floor":25.0,"key":"SMITH"},{"data":"Guardian:ConstructionForm","floor":35.0,"key":"SMITH"},{"data":"Guardian:EvasiveProtocol","floor":45.0,"key":"SMITH"}],"circlet_count":0,"master_deck":["Guardian:Defend_Guardian","Guardian:Defend_Guardian","Guardian:CurlUp+1","Guardian:TwinSlam+1","Guardian:Reroute+1","Guardian:RollAttack","Guardian:RollAttack+1","Guardian:Clone+1","Guardian:StasisStrike+1","Guardian:DonusPower","Guardian:ArmoredProtocol+1","Guardian:AncientConstruct+1","Guardian:SpikerProtocol+1","Guardian:Recover","Guardian:StasisField+1","Guardian:BronzeOrb+1","Guardian:ArmoredProtocol+1","Guardian:TimeCapacitor","Guardian:TimeCapacitor","Guardian:ConstructionForm+1","Guardian:Planning+1","Guardian:EvasiveProtocol+1","Guardian:Clone","Guardian:EvasiveProtocol","Guardian:CompilePackage","Guardian:DecasProtection","Guardian:Orbwalk","Guardian:TemporalShield","Guardian:CrystalBeam"],"relics":["Sozu","Bronze Scales","Bag of Preparation","downfall:HeartBlessingGreen","Happy Flower","White Beast Statue","Philosopher\u0027s Stone","downfall:HeartBlessingRed","Mummified Hand","CaptainsWheel","Omamori","Meat on the Bone","Runic Pyramid","Guardian:PickAxe","Pen Nib","downfall:HeartBlessingBlue","Whetstone"],"acts_visited":["Exordium","TheCity","TheBeyond","TheEnding"],"potions_floor_usage":[],"damage_taken":[{"damage":1.0,"enemies":"Jaw Worm","floor":2.0,"turns":4.0},{"damage":0.0,"enemies":"Small Slimes","floor":3.0,"turns":2.0},{"damage":0.0,"enemies":"Cultist","floor":5.0,"turns":3.0},{"damage":5.0,"enemies":"Lagavulin","floor":6.0,"turns":5.0},{"damage":14.0,"enemies":"Gremlin Nob","floor":9.0,"turns":3.0},{"damage":1.0,"enemies":"Red Slaver","floor":10.0,"turns":2.0},{"damage":8.0,"enemies":"Lagavulin","floor":12.0,"turns":4.0},{"damage":0.0,"enemies":"Gremlin Nob","floor":14.0,"turns":3.0},{"damage":0.0,"enemies":"Blue Slaver","floor":15.0,"turns":1.0},{"damage":3.0,"enemies":"downfall:Watcher","floor":16.0,"turns":4.0},{"damage":4.0,"enemies":"3 Byrds","floor":19.0,"turns":3.0},{"damage":19.0,"enemies":"Shelled Parasite and Fungi","floor":20.0,"turns":4.0},{"damage":0.0,"enemies":"Sentry and Sphere","floor":22.0,"turns":4.0},{"damage":2.0,"enemies":"Centurion and Healer","floor":26.0,"turns":4.0},{"damage":21.0,"enemies":"Gremlin Leader","floor":27.0,"turns":6.0},{"damage":6.0,"enemies":"Shelled Parasite and Fungi","floor":28.0,"turns":4.0},{"damage":0.0,"enemies":"Cultist and Chosen","floor":29.0,"turns":4.0},{"damage":15.0,"enemies":"downfall:FleeingMerchant","floor":31.0,"turns":4.0},{"damage":0.0,"enemies":"Centurion and Healer","floor":32.0,"turns":5.0},{"damage":13.0,"enemies":"ArchetypeAct2MushroomsNewAge","floor":33.0,"turns":6.0},{"damage":0.0,"enemies":"Orb Walker","floor":36.0,"turns":4.0},{"damage":0.0,"enemies":"3 Darklings","floor":37.0,"turns":5.0},{"damage":2.0,"enemies":"downfall:FleeingMerchant","floor":38.0,"turns":4.0},{"damage":0.0,"enemies":"Maw","floor":39.0,"turns":6.0},{"damage":0.0,"enemies":"Giant Head","floor":40.0,"turns":6.0},{"damage":0.0,"enemies":"Jaw Worm Horde","floor":44.0,"turns":5.0},{"damage":0.0,"enemies":"downfall:FleeingMerchant","floor":46.0,"turns":4.0},{"damage":0.0,"enemies":"3 Darklings","floor":48.0,"turns":4.0},{"damage":0.0,"enemies":"Spire Growth","floor":49.0,"turns":3.0},{"damage":0.0,"enemies":"downfall:Defect","floor":50.0,"turns":6.0},{"damage":0,"enemies":"downfall:CharBossMerchant","floor":52,"turns":1}],"seed_played":"-3530389694388973431","potions_obtained":[],"is_trial":false,"path_per_floor":["R","M","M","?","M","E","T","R","E","M","R","E","R","?","M","B",null,"R","M","M","?","M","R","T","R","M","E","M","M","?","$","M","B",null,"R","M","M","$","M","E","T","T","?","M","R","$","?","M","M","B",null,"E"],"character_chosen":"GUARDIAN","items_purchased":["Guardian:TimeCapacitor","Omamori","Meat on the Bone","Guardian:EvasiveProtocol","Guardian:CompilePackage","Whetstone","Guardian:DecasProtection"],"campfire_rested":0,"item_purchase_floors":[31,31,31,38,46,46,46],"current_hp_per_floor":[80,79,79,79,79,74,74,74,60,59,59,51,51,51,51,48,80,80,76,57,57,57,57,57,57,55,34,28,28,28,13,25,24,80,80,80,80,78,78,78,78,78,70,70,80,80,80,80,80,80,90,90,90,90],"gold":110,"neow_bonus":"BOSS_RELIC","is_daily":false,"chose_seed":false,"campfire_upgraded":8,"win_rate":0.0,"timestamp":1610158568,"path_taken":["R","M","M","?","M","E","T","R","E","M","R","E","R","?","M","BOSS","R","M","M","?","M","R","T","R","M","E","?","M","?","$","M","BOSS","R","M","M","$","M","E","T","?","?","?","R","$","?","?","M","BOSS","E"],"items_purchased_type":["Card","Relic","Relic","Card","Card","Relic","Card"],"build_version":"2020-12-22","purchased_purges":2,"victory":false,"max_hp_per_floor":[80,80,80,80,80,80,80,80,80,80,80,80,80,80,80,80,80,80,80,80,80,80,80,80,80,80,80,80,80,80,80,80,80,80,80,80,80,80,80,80,80,80,80,80,90,90,90,90,90,90,90,90,90,90],"relic_stats":{"Sozu":24,"Happy Flower":[33],"counters":[30,122],"Mummified Hand":[120],"Bronze Scales":[286],"Pen Nib":[5],"Bag of Preparation":[52],"Whetstone":["Guardian:Reroute","Guardian:RollAttack"],"obtain_stats":[{"Happy Flower":12,"downfall:HeartBlessingRed":18,"Guardian:ModeShifter":0,"downfall:HeartBlessingGreen":8,"Pen Nib":42,"Bag of Preparation":7,"Omamori":31,"Whetstone":46,"Orichalcum":9,"White Beast Statue":14,"Sozu":0,"Guardian:PickAxe":40,"CaptainsWheel":27,"Mummified Hand":24,"downfall:HeartBlessingBlue":45,"Bronze Scales":6,"Philosopher\u0027s Stone":17,"Meat on the Bone":31,"Runic Pyramid":34},{"Happy Flower":7,"downfall:HeartBlessingRed":10,"Guardian:ModeShifter":0,"downfall:HeartBlessingGreen":4,"Pen Nib":25,"Bag of Preparation":4,"Omamori":18,"Whetstone":27,"Orichalcum":5,"White Beast Statue":8,"Sozu":0,"Guardian:PickAxe":25,"CaptainsWheel":15,"Mummified Hand":13,"downfall:HeartBlessingBlue":26,"Bronze Scales":4,"Philosopher\u0027s Stone":10,"Meat on the Bone":18,"Runic Pyramid":20},{"Happy Flower":23,"downfall:HeartBlessingRed":31,"Guardian:ModeShifter":0,"downfall:HeartBlessingGreen":14,"Pen Nib":100,"Bag of Preparation":14,"Omamori":64,"Whetstone":109,"Orichalcum":17,"White Beast Statue":26,"Sozu":0,"Guardian:PickAxe":100,"CaptainsWheel":52,"Mummified Hand":42,"downfall:HeartBlessingBlue":105,"Bronze Scales":14,"Philosopher\u0027s Stone":31,"Meat on the Bone":64,"Runic Pyramid":75}],"Meat on the Bone":24},"card_choices":[{"not_picked":["Guardian:TemporalStrike","Guardian:PiercingHide"],"picked":"Guardian:Reroute","floor":2.0},{"not_picked":["Guardian:Suspension","Guardian:TemporalStrike"],"picked":"Guardian:RollAttack","floor":3.0},{"not_picked":["Guardian:ChargeCore","Guardian:ShieldCharger"],"picked":"Guardian:RollAttack","floor":5.0},{"not_picked":["Guardian:Gem_Blue","Guardian:PrismaticBarrier"],"picked":"Guardian:Clone","floor":6.0},{"not_picked":["Guardian:TemporalStrike","Guardian:PrismaticBeam","Guardian:ShieldCharger"],"picked":"SKIP","floor":9.0},{"not_picked":["Guardian:Gem_Blue","Guardian:CrystalBeam"],"picked":"Guardian:StasisStrike","floor":10.0},{"not_picked":["Guardian:ChargeCore","Guardian:DecasProtection"],"picked":"Guardian:Gem_Crimson","floor":12.0},{"not_picked":["Guardian:Gem_Green","Guardian:ShieldCharger"],"picked":"Guardian:DonusPower","floor":14.0},{"not_picked":["Guardian:PrimingBeam","Guardian:ShieldCharger"],"picked":"Guardian:ArmoredProtocol","floor":15.0},{"not_picked":["Guardian:GemFire","Guardian:SphericShield"],"picked":"Guardian:AncientConstruct","floor":16.0},{"not_picked":["Guardian:RefractedBeam","Guardian:RollAttack+1"],"picked":"Guardian:SpikerProtocol+1","floor":19.0},{"not_picked":["Guardian:ShieldCharger","Guardian:Planning"],"picked":"Guardian:Gem_Cyan","floor":20.0},{"not_picked":["Guardian:Suspension","Guardian:BronzeArmor"],"picked":"Guardian:Gem_Blue","floor":22.0},{"not_picked":["Guardian:TimeBomb+1","Guardian:BronzeArmor"],"picked":"Guardian:Recover","floor":26.0},{"not_picked":["Guardian:Suspension","Guardian:FloatingOrbs"],"picked":"Guardian:StasisField","floor":27.0},{"not_picked":["Guardian:Gem_Cyan","Guardian:Gem_Green"],"picked":"Guardian:BronzeOrb+1","floor":28.0},{"not_picked":["Guardian:RollAttack+1","Guardian:Suspension"],"picked":"Guardian:ArmoredProtocol+1","floor":29.0},{"not_picked":["Guardian:Suspension+1","Guardian:GemFire","Guardian:TemporalStrike"],"picked":"SKIP","floor":31.0},{"not_picked":["Guardian:Incinerate+1","Guardian:TemporalShield"],"picked":"Guardian:TimeCapacitor","floor":32.0},{"not_picked":["Guardian:CompilePackage","Guardian:AncientConstruct"],"picked":"Guardian:ConstructionForm","floor":33.0},{"not_picked":["Guardian:CrystalBeam","Guardian:Gem_Crimson"],"picked":"Guardian:Planning+1","floor":36.0},{"not_picked":["Guardian:MultiBeam","Guardian:RollAttack+1"],"picked":"Guardian:Gem_Fragmented","floor":37.0},{"not_picked":["Guardian:Recover","Guardian:SphericShield"],"picked":"Guardian:Gem_Crimson","floor":38.0},{"not_picked":["Guardian:Orbwalk+1","Guardian:ShieldCharger","Guardian:SpikerProtocol"],"picked":"SKIP","floor":39.0},{"not_picked":["Guardian:FastForward","Guardian:ShieldCharger"],"picked":"Guardian:Clone","floor":40.0},{"not_picked":["Guardian:PrismaticBeam","Guardian:ShieldSpikes","Guardian:Gem_Lightblue"],"picked":"SKIP","floor":44.0},{"not_picked":["Guardian:Gem_Red","Guardian:RollAttack"],"picked":"Guardian:EvasiveProtocol","floor":46.0},{"not_picked":["Guardian:Gem_Fragmented","Guardian:CrystalBeam+1","Guardian:PrismaticBeam+1"],"picked":"SKIP","floor":48.0},{"not_picked":["Guardian:Gem_Purple","Guardian:BronzeOrb","Guardian:RollAttack+1"],"picked":"SKIP","floor":49.0}],"player_experience":793219,"relics_obtained":[{"floor":6.0,"key":"Bronze Scales"},{"floor":7.0,"key":"Bag of Preparation"},{"floor":9.0,"key":"Orichalcum"},{"floor":12.0,"key":"Happy Flower"},{"floor":14.0,"key":"White Beast Statue"},{"floor":24.0,"key":"Mummified Hand"},{"floor":27.0,"key":"CaptainsWheel"},{"floor":40.0,"key":"Guardian:PickAxe"},{"floor":42.0,"key":"Pen Nib"}],"event_choices":[],"is_beta":false,"boss_relics":[{"not_picked":["bronze:MakeshiftBattery","Coffee Dripper"],"picked":"Philosopher\u0027s Stone"},{"not_picked":["SlaversCollar","Velvet Choker"],"picked":"Runic Pyramid"}],"items_purged_floors":[31,38],"is_endless":false,"potions_floor_spawned":[5,6,10,14,15,16,19,20,22,26,27,28,29,31,32,33,36,37,38,39,40,44,46,48,49],"killed_by":"downfall:CharBossMerchant","ascension_level":0}}