{"host":"z4nt7tdd4gjrinn7","time":1610222063,"event":{"mods":["BaseMod","Minty Spire (QoL Compilation)","StSLib","The Servant 0.9.4"],"gold_per_floor":[111,111,111,129,58,58,72,72,72,72,34,53,73,92,92,188,238,258,289,73,73,92,122,122,139,220,220,239,250,250,263,263,263,263],"floor_reached":33,"playtime":4447,"items_purged":[],"score":309,"play_id":"1c566c3d-13f4-4859-b868-3c8d6164262d","local_time":"20210109145423","is_ascension_mode":false,"campfire_choices":[{"data":"Flame Barrier","floor":6,"key":"SMITH"},{"data":"Perfected Strike","floor":8,"key":"SMITH"},{"data":"Thunderclap","floor":15,"key":"SMITH"},{"floor":24,"key":"REST"},{"floor":27,"key":"REST"},{"floor":30,"key":"REST"},{"floor":32,"key":"REST"}],"circlet_count":0,"master_deck":["Strike_R","Strike_R","Strike_R","Strike_R","Strike_R","Defend_R","Defend_R","Defend_R","Defend_R","Bash","Perfected Strike+1","Perfected Strike+1","Cleave","Anger","Flame Barrier+1","Shrug It Off","Clothesline","Thunderclap+1","Infernal Blade","Carnage","Armaments","Thunderclap+1","Cleave","Impervious","Sword Boomerang","Shrug It Off","Perfected Strike","Thunderclap+1","Rampage","Perfected Strike","Warcry","Fire Breathing","Perfected Strike","Perfected Strike","Wild Strike","Wild Strike","Seeing Red","Anger","Fire Breathing","Uppercut+1"],"relics":["Burning Blood","Prayer Wheel","Bag of Preparation","Tiny House","Red Mask","Frozen Eye","Bronze Scales","Matryoshka"],"acts_visited":["Exordium","TheCity"],"potions_floor_usage":[16],"damage_taken":[{"damage":1,"enemies":"Cultist","floor":1,"turns":3},{"damage":5,"enemies":"2 Louse","floor":4,"turns":3},{"damage":11,"enemies":"Jaw Worm","floor":7,"turns":3},{"damage":0,"enemies":"Blue Slaver","floor":12,"turns":3},{"damage":7,"enemies":"3 Louse","floor":13,"turns":2},{"damage":0,"enemies":"2 Fungi Beasts","floor":14,"turns":4},{"damage":16,"enemies":"Slime Boss","floor":16,"turns":7},{"damage":22,"enemies":"2 Thieves","floor":18,"turns":3},{"damage":20,"enemies":"Masked Bandits","floor":19,"turns":3},{"damage":1,"enemies":"Chosen","floor":22,"turns":4},{"damage":50,"enemies":"Book of Stabbing","floor":23,"turns":5},{"damage":15,"enemies":"Snake Plant","floor":25,"turns":4},{"damage":27,"enemies":"Centurion and Healer","floor":28,"turns":3},{"damage":26,"enemies":"Shelled Parasite and Fungi","floor":29,"turns":3},{"damage":11,"enemies":"3 Cultists","floor":31,"turns":4},{"damage":71,"enemies":"Collector","floor":33,"turns":5}],"seed_played":"765406086013711811","potions_obtained":[{"floor":7,"key":"BlessingOfTheForge"},{"floor":13,"key":"BlessingOfTheForge"},{"floor":16,"key":"Block Potion"},{"floor":17,"key":"ColorlessPotion"},{"floor":19,"key":"LiquidBronze"},{"floor":23,"key":"ColorlessPotion"}],"is_trial":false,"path_per_floor":["M","T","?","M","$","R","M","R","T","?","?","M","M","M","R","B",null,"M","?","$","?","M","E","R","M","T","R","M","M","R","M","R","B"],"character_chosen":"IRONCLAD","items_purchased":["Flame Barrier","Rampage","Frozen Eye"],"campfire_rested":4,"item_purchase_floors":[5,20,20],"current_hp_per_floor":[80,80,80,80,80,80,75,75,75,75,75,80,79,80,80,70,85,69,55,55,55,60,16,41,32,32,57,36,16,41,36,61,0,0],"gold":263,"neow_bonus":"THREE_CARDS","is_daily":false,"chose_seed":false,"campfire_upgraded":3,"win_rate":0.0,"timestamp":1610222063,"path_taken":["M","?","?","M","$","R","?","R","T","?","?","M","M","M","R","BOSS","M","?","$","?","M","E","R","M","T","R","M","M","R","M","R","BOSS"],"items_purchased_type":["Card","Card","Relic"],"build_version":"2020-12-22","purchased_purges":0,"victory":false,"max_hp_per_floor":[80,80,80,80,80,80,80,80,80,80,80,80,80,80,80,80,85,85,85,85,85,85,85,85,85,85,85,85,85,85,85,85,85,85],"card_choices":[{"not_picked":["Heavy Blade","Cleave"],"picked":"Perfected Strike","floor":0},{"not_picked":["Pommel Strike","Flex"],"picked":"Perfected Strike","floor":1},{"not_picked":["Rupture","Warcry"],"picked":"Cleave","floor":4},{"not_picked":["Thunderclap","Clothesline"],"picked":"Anger","floor":4},{"not_picked":["Clothesline","Iron Wave"],"picked":"Shrug It Off","floor":7},{"not_picked":["Bloodletting","Flex"],"picked":"Clothesline","floor":7},{"not_picked":["Iron Wave","Shrug It Off"],"picked":"Thunderclap","floor":12},{"not_picked":["Shockwave","Disarm"],"picked":"Infernal Blade","floor":12},{"not_picked":["Warcry","Entrench"],"picked":"Carnage","floor":13},{"not_picked":["Offering","Power Through"],"picked":"Armaments","floor":13},{"not_picked":["Body Slam","Pommel Strike"],"picked":"Thunderclap","floor":14},{"not_picked":["Warcry","Shrug It Off"],"picked":"Cleave","floor":14},{"not_picked":["Berserk","Offering"],"picked":"Impervious","floor":16},{"not_picked":["Ghostly Armor","Flex"],"picked":"Sword Boomerang","floor":17},{"not_picked":["Rupture","Body Slam"],"picked":"Shrug It Off","floor":18},{"not_picked":["Evolve+1","Heavy Blade"],"picked":"Perfected Strike","floor":18},{"not_picked":["Dual Wield+1","Pummel"],"picked":"Thunderclap+1","floor":19},{"not_picked":["Clash","Clothesline"],"picked":"Perfected Strike","floor":22},{"not_picked":["Bludgeon","Evolve"],"picked":"Warcry","floor":22},{"not_picked":["Headbutt+1","Warcry"],"picked":"Fire Breathing","floor":23},{"not_picked":["Twin Strike","Second Wind"],"picked":"Perfected Strike","floor":25},{"not_picked":["Wild Strike","Rupture"],"picked":"Perfected Strike","floor":25},{"not_picked":["Flex+1","Rupture"],"picked":"Wild Strike","floor":28},{"not_picked":["Juggernaut","Sword Boomerang"],"picked":"Wild Strike","floor":28},{"not_picked":["Body Slam+1","Wild Strike"],"picked":"Seeing Red","floor":29},{"not_picked":["Spot Weakness+1","Uppercut"],"picked":"Anger","floor":29},{"not_picked":["Bloodletting","Flame Barrier"],"picked":"Fire Breathing","floor":31},{"not_picked":["Combust","Disarm"],"picked":"Uppercut+1","floor":31}],"player_experience":23587,"relics_obtained":[{"floor":2,"key":"Prayer Wheel"},{"floor":9,"key":"Bag of Preparation"},{"floor":19,"key":"Red Mask"},{"floor":23,"key":"Bronze Scales"},{"floor":26,"key":"Matryoshka"}],"event_choices":[{"damage_healed":0,"gold_gain":0,"player_choice":"Ignored","damage_taken":0,"max_hp_gain":0,"max_hp_loss":0,"event_name":"Golden Wing","floor":3,"gold_loss":0},{"damage_healed":0,"gold_gain":0,"player_choice":"Grow","damage_taken":0,"max_hp_gain":0,"max_hp_loss":0,"event_name":"Living Wall","floor":10,"gold_loss":0,"cards_upgraded":["Perfected Strike"]},{"damage_healed":0,"gold_gain":0,"player_choice":"Left Gold","damage_taken":0,"max_hp_gain":0,"max_hp_loss":0,"event_name":"World of Goop","floor":11,"gold_loss":38},{"damage_healed":0,"gold_gain":0,"player_choice":"Fought Bandits","damage_taken":0,"max_hp_gain":0,"max_hp_loss":0,"event_name":"Masked Bandits","floor":19,"gold_loss":0},{"damage_healed":0,"gold_gain":0,"player_choice":"Ignored","damage_taken":0,"max_hp_gain":0,"max_hp_loss":0,"event_name":"Ghosts","floor":21,"gold_loss":0}],"is_beta":false,"boss_relics":[{"not_picked":["Empty Cage","Runic Cube"],"picked":"Tiny House"}],"items_purged_floors":[],"is_endless":false,"potions_floor_spawned":[7,13,16,19,23],"killed_by":"Collector","ascension_level":0}}