{"host":"ta9mufxydm4vkknf","time":1610217832,"event":{"mods":["AchievementEnabler","BaseMod","Minty Spire (QoL Compilation)","Quick Restart"],"gold_per_floor":[113,132,147,147,159,186,186,219,243,283,350,350,388,388,388,495,567,592,65,85,98,13,13,54,54,54,54,54],"floor_reached":27,"playtime":1107,"items_purged":["Setup"],"score":285,"play_id":"29e8b29e-ddca-49a6-96d7-c1f3d0dd8643","local_time":"20210109194352","is_ascension_mode":true,"campfire_choices":[{"data":"Poisoned Stab","floor":7,"key":"SMITH"},{"data":"Catalyst","floor":15,"key":"SMITH"},{"data":"Backflip","floor":23,"key":"SMITH"},{"data":"Skewer","floor":25,"key":"SMITH"}],"circlet_count":0,"master_deck":["Survivor","Neutralize","Catalyst+1","Poisoned Stab+1","Skewer+1","Leg Sweep","Backstab","Outmaneuver","Deadly Poison","Backflip+1","Backflip","Corpse Explosion","Prepared","Riddle With Holes+1","Endless Agony+1","Backstab+1","Slice+1","Distraction","A Thousand Cuts","Bane+1","Footwork","Swift Strike+1","Bane+1","After Image"],"relics":["Coffee Dripper","Ornamental Fan","Juzu Bracelet","CeramicFish","Bronze Scales","Blue Candle","Molten Egg 2","Pandora\u0027s Box","Snake Skull","Sling","Tiny Chest","Ninja Scroll","Ice Cream"],"acts_visited":["Exordium","TheCity"],"potions_floor_usage":[10,21,24,27,27],"damage_taken":[{"damage":0,"enemies":"Jaw Worm","floor":1,"turns":5},{"damage":0,"enemies":"2 Louse","floor":2,"turns":2},{"damage":0,"enemies":"Cultist","floor":3,"turns":4},{"damage":2,"enemies":"Large Slime","floor":5,"turns":7},{"damage":15,"enemies":"3 Sentries","floor":6,"turns":10},{"damage":2,"enemies":"Lagavulin","floor":8,"turns":6},{"damage":10,"enemies":"Gremlin Nob","floor":10,"turns":3},{"damage":2,"enemies":"3 Sentries","floor":11,"turns":7},{"damage":2,"enemies":"Lagavulin","floor":13,"turns":5},{"damage":3,"enemies":"Hexaghost","floor":16,"turns":7},{"damage":16,"enemies":"Spheric Guardian","floor":18,"turns":4},{"damage":12,"enemies":"2 Thieves","floor":20,"turns":4},{"damage":22,"enemies":"Snake Plant","floor":21,"turns":3},{"damage":11,"enemies":"Slavers","floor":24,"turns":4},{"damage":12,"enemies":"Book of Stabbing","floor":27,"turns":2}],"seed_played":"8212707271925909863","potions_obtained":[{"floor":1,"key":"BlessingOfTheForge"},{"floor":6,"key":"CunningPotion"},{"floor":10,"key":"LiquidMemories"},{"floor":13,"key":"Energy Potion"},{"floor":16,"key":"CunningPotion"},{"floor":24,"key":"BlessingOfTheForge"}],"is_trial":false,"path_per_floor":["M","M","M","?","M","E","R","E","T","E","?","?","E","?","R","B",null,"M","$","M","M","?","R","E","R","T","E"],"character_chosen":"THE_SILENT","items_purchased":["Footwork","Snake Skull","Swift Strike+1","Sling"],"campfire_rested":0,"item_purchase_floors":[19,19,19,19],"current_hp_per_floor":[70,70,70,63,61,46,46,44,44,34,32,32,30,30,30,27,70,54,54,42,20,20,20,9,9,9,0,0],"gold":54,"neow_bonus":"BOSS_RELIC","is_daily":false,"chose_seed":false,"campfire_upgraded":4,"win_rate":0.0,"timestamp":1610217832,"path_taken":["M","M","M","?","M","E","R","E","T","E","?","?","E","?","R","BOSS","M","$","M","M","?","R","E","R","T","E"],"items_purchased_type":["Card","Relic","Card","Relic"],"build_version":"2020-12-22","purchased_purges":1,"victory":false,"max_hp_per_floor":[70,70,70,70,70,70,70,70,70,70,70,70,70,70,70,70,70,70,70,70,70,70,70,70,70,70,70,70],"card_choices":[{"not_picked":["All Out Attack","Infinite Blades"],"picked":"Catalyst","floor":1},{"not_picked":["Deflect","Dodge and Roll"],"picked":"Poisoned Stab","floor":2},{"not_picked":["Catalyst","Outmaneuver"],"picked":"Skewer","floor":3},{"not_picked":["Dagger Throw","Storm of Steel"],"picked":"Leg Sweep","floor":5},{"not_picked":["Deflect","Bouncing Flask"],"picked":"Backstab","floor":6},{"not_picked":["All Out Attack","Cloak And Dagger"],"picked":"Outmaneuver","floor":8},{"not_picked":["Dodge and Roll","PiercingWail"],"picked":"Deadly Poison","floor":10},{"not_picked":["Caltrops","Poisoned Stab"],"picked":"Backflip","floor":11},{"not_picked":["Leg Sweep","Outmaneuver"],"picked":"Backflip","floor":13},{"not_picked":["Phantasmal Killer","Malaise"],"picked":"Corpse Explosion","floor":16},{"not_picked":["Crippling Poison+1","Endless Agony+1"],"picked":"Bane+1","floor":18},{"not_picked":["Dagger Spray+1","Cloak And Dagger"],"picked":"Bane+1","floor":20},{"not_picked":["Cloak And Dagger","Outmaneuver","Caltrops+1"],"picked":"SKIP","floor":21},{"not_picked":["Outmaneuver","Backflip"],"picked":"After Image","floor":24}],"player_experience":259762,"relics_obtained":[{"floor":6,"key":"Ornamental Fan"},{"floor":8,"key":"Juzu Bracelet"},{"floor":9,"key":"CeramicFish"},{"floor":10,"key":"Bronze Scales"},{"floor":11,"key":"Blue Candle"},{"floor":13,"key":"Molten Egg 2"},{"floor":24,"key":"Ninja Scroll"},{"floor":26,"key":"Ice Cream"}],"event_choices":[{"cards_removed":["Strike_G"],"damage_healed":0,"gold_gain":0,"player_choice":"Card Removal","damage_taken":7,"max_hp_gain":0,"max_hp_loss":0,"event_name":"Golden Wing","floor":4,"gold_loss":0},{"damage_healed":0,"gold_gain":30,"player_choice":"Searched \u00273\u0027 times","damage_taken":0,"max_hp_gain":0,"max_hp_loss":0,"event_name":"Dead Adventurer","floor":11,"gold_loss":0},{"cards_removed":["Defend_G"],"damage_healed":0,"gold_gain":0,"player_choice":"Purged","damage_taken":0,"max_hp_gain":0,"max_hp_loss":0,"event_name":"Purifier","floor":12,"gold_loss":0},{"damage_healed":0,"gold_gain":0,"player_choice":"Ignored","damage_taken":0,"max_hp_gain":0,"max_hp_loss":0,"event_name":"Liars Game","floor":14,"gold_loss":0},{"damage_healed":0,"gold_gain":0,"player_choice":"Obtained Relic","damage_taken":0,"relics_obtained":["Tiny Chest"],"max_hp_gain":0,"max_hp_loss":0,"event_name":"Addict","floor":22,"gold_loss":85}],"is_beta":false,"boss_relics":[{"not_picked":["Runic Pyramid","Empty Cage"],"picked":"Pandora\u0027s Box"}],"items_purged_floors":[19],"is_endless":false,"potions_floor_spawned":[1,6,10,13,16,18,24],"killed_by":"Book of Stabbing","ascension_level":2}}