{"host":"ixqzyafodex1tsi5","time":1610177648,"event":{"mods":["ATMod(°¢èªMod)","AchievementEnabler","Act Like it!","BaseMod","Gensokyo","GifTheSpireLib","Lobotomy","LobotomyExtend","Luminous","Minty Spire (QoL Compilation)","Relic Stats","Replay The Spire","RumiaBox-Â¶Ã×æ«µÄÉñÃØºÐ×Ó","Shop Mod","Spicy Shops","StSLib","The Cursed","[IsaacMod]ÒÔÈö¼âËþ","¡¾¹¦ÄÜMod¡¿»ìãçÖ®»·ÐÞ¸´²¹¶¡","¡¾ÒÅÎï¿¨ÅÆ¡¿REMEMod"],"gold_per_floor":[117,128,146,173,223,257,257,284,284,303,314,314,78,93,93,108,119,131,144,155,228,403,421,444,475,550,62,81,94,94,114,125,16,62,92,111,111,111,128,144,144,157,157,191,191,211,231,231,243,268,309,335,335,335,335,335,335,365,384,384,483,483],"floor_reached":35,"playtime":1762,"items_purged":["Pain"],"score":1053,"play_id":"1310fa92-23f6-44a5-b42a-276e47e326bb","local_time":"20210109153408","is_ascension_mode":true,"campfire_choices":[{"data":"AT_MachinaRedman","floor":7.0,"key":"SMITH"},{"data":"REME_ACTH","floor":15.0,"key":"SMITH"},{"data":"1","floor":30.0,"key":"LIFT"},{"data":"2","floor":24.0,"key":"LIFT"},{"data":"3","floor":24,"key":"LIFT"},{"floor":25,"key":"REST"},{"floor":28,"key":"RECALL"},{"data":"AT_IchimonjiDouble","floor":32,"key":"SMITH"}],"circlet_count":0,"master_deck":["BigBird","AscendersBane","Strike_R","Strike_R","Defend_R","Defend_R","Bash","MagicBullet","RedShoes","REME_ACTH+1","Thunderclap","Sword Boomerang","AT_IchimonjiDouble+1","Heavy Blade","Doubt","Bloodletting","BlueStar","Inflame","AT_ManFootWork+1","ReplayTheSpireMod:Limb From Limb+1"],"relics":["Burning Blood","HushsDoor","MoneyPower","CogitoBucket","RabbitCall","ReplayTheSpireMod:TigerMarble","Boot","Void","Shuriken","SkinProphecy","Vajra","ChangeAnything","Lamp_r","CaptainsWheel","PreservedInsect","Magic Flower","Membership Card","Girya","Chemical X","StrikeDummy","BackwardClock","AtMidnight","Dream Catcher","Sling","Red Skull","LetterFromLob","AT_SunfireAegis","Anchor","Happy Flower","Onion Ring","Nilry\u0027s Codex","Gremlin Horn"],"acts_visited":["Exordium"],"potions_floor_usage":[33],"damage_taken":[{"damage":6.0,"enemies":"Cultist","floor":1.0,"turns":3.0},{"damage":7.0,"enemies":"2 Louse","floor":2.0,"turns":2.0},{"damage":0.0,"enemies":"Jaw Worm","floor":3.0,"turns":1.0},{"damage":6.0,"enemies":"3 Sentries","floor":6.0,"turns":2.0},{"damage":4.0,"enemies":"Gremlin Nob","floor":8.0,"turns":2.0},{"damage":29.0,"enemies":"Large Slime","floor":10.0,"turns":5.0},{"damage":2.0,"enemies":"3 Louse","floor":11.0,"turns":2.0},{"damage":1.0,"enemies":"Looter","floor":14.0,"turns":2.0},{"damage":0.0,"enemies":"2 Louse","floor":16.0,"turns":1.0},{"damage":3.0,"enemies":"Cultist","floor":17.0,"turns":1.0},{"damage":11.0,"enemies":"Small Slimes","floor":18.0,"turns":2.0},{"damage":2.0,"enemies":"2 Fungi Beasts","floor":19.0,"turns":1.0},{"damage":4.0,"enemies":"Blue Slaver","floor":20.0,"turns":1.0},{"damage":8.0,"enemies":"Lagavulin","floor":21.0,"turns":5.0},{"damage":3.0,"enemies":"Looter","floor":23.0,"turns":2.0},{"damage":0.0,"enemies":"Gremlin Nob","floor":25.0,"turns":1.0},{"damage":1.0,"enemies":"2 Fungi Beasts","floor":28.0,"turns":1.0},{"damage":2.0,"enemies":"Large Slime","floor":29.0,"turns":2.0},{"damage":6.0,"enemies":"Chosen","floor":18.0,"turns":1.0},{"damage":0.0,"enemies":"Shell Parasite","floor":19.0,"turns":1.0},{"damage":18.0,"enemies":"Centurion and Healer","floor":22.0,"turns":2.0},{"damage":3.0,"enemies":"Snake Plant","floor":23.0,"turns":1.0},{"damage":12.0,"enemies":"Chosen","floor":18.0,"turns":2.0},{"damage":15.0,"enemies":"3 Byrds","floor":19.0,"turns":2.0},{"damage":2.0,"enemies":"Centurion and Healer","floor":21.0,"turns":1.0},{"damage":0,"enemies":"Slavers","floor":23,"turns":1},{"damage":13,"enemies":"Shell Parasite","floor":18,"turns":2},{"damage":12,"enemies":"2 Thieves","floor":19,"turns":2},{"damage":0,"enemies":"Snake Plant","floor":21,"turns":1},{"damage":20,"enemies":"Shelled Parasite and Fungi","floor":22,"turns":2},{"damage":28,"enemies":"Book of Stabbing","floor":23,"turns":2},{"damage":5,"enemies":"Replay:Snechameleon","floor":30,"turns":1},{"damage":3,"enemies":"Cultist and Chosen","floor":31,"turns":2},{"damage":18,"enemies":"Automaton","floor":33,"turns":4}],"seed_played":"6759117779753178862","potions_obtained":[{"floor":1.0,"key":"CultistPotion"},{"floor":2.0,"key":"DistilledChaos"},{"floor":10.0,"key":"Reflective Coating"},{"floor":19.0,"key":"Swift Potion"},{"floor":21.0,"key":"Energy Potion"},{"floor":28.0,"key":"Fire Potion"},{"floor":18.0,"key":"LiquidBronze"},{"floor":30,"key":"Elixir"}],"is_trial":false,"path_per_floor":["M","M","M","T","?","E","R","E","T","M","M","?","$","M","R","M","M","M","M","M","E","?","M","T","E","?","$","M","M","R","M","M","$","?","M","M","R","E","M","M","?","M","?","E","R","M","M","?","M","M","E","T","R","T","?","R","?","E","M","R","B",null,null],"character_chosen":"IRONCLAD","items_purchased":["ForgetMeNow","Vajra","Membership Card","Girya","Chemical X","StrikeDummy","Dream Catcher","Sling"],"campfire_rested":1,"item_purchase_floors":[13,13,27,27,27,27,20,20],"current_hp_per_floor":[72,71,77,77,77,77,77,79,79,56,56,56,56,57,76,78,77,64,64,62,56,56,55,55,57,46,46,46,49,87,86,91,91,76,63,65,65,110,103,93,69,72,72,77,112,110,108,93,98,83,60,60,100,100,108,108,92,92,94,94,81,81],"gold":483,"neow_bonus":"REMOVE_TWO","is_daily":false,"chose_seed":false,"campfire_upgraded":3,"win_rate":0.0,"timestamp":1610177648,"path_taken":["M","M","?","?","?","E","R","E","T","M","M","?","$","M","R","M","M","M","M","?","E","?","M","T","E","?","$","M","M","R","M","M","$","?","M","M","R","E","M","M","?","M","?","E","R","M","M","?","M","?","E","?","R","T","?","R","?","E","M","R","BOSS"],"items_purchased_type":["Relic","Relic","Relic","Relic","Relic","Relic","Relic","Relic"],"build_version":"2020-12-22","purchased_purges":1,"victory":true,"max_hp_per_floor":[80,80,80,80,80,80,80,80,80,80,82,82,82,84,76,78,80,84,86,88,90,90,92,92,94,94,94,98,100,100,102,104,104,104,106,108,108,110,112,114,119,121,121,123,123,125,130,130,132,134,136,136,136,136,136,136,136,138,140,140,142,142],"relic_stats":{"Dream Catcher":1,"Happy Flower":[2],"Gremlin Horn":[3,3],"counters":[38,66],"Shuriken":[24],"Magic Flower":[70],"PreservedInsect":185,"Chemical X":[1],"Boot":[14],"obtain_stats":[{"RabbitCall":0,"AT_ATBox":0,"Gremlin Horn":30,"Nilry\u0027s Codex":29,"Vajra":13,"Magic Flower":25,"SkinProphecy":10,"Boot":6,"Sling":20,"Burning Blood":0,"Lamp_r":21,"CogitoBucket":0,"Dream Catcher":20,"Chemical X":27,"Ring of Panic":5,"Void":8,"Red Skull":23,"KeepersGift":0,"Girya":27,"BackwardClock":28,"Happy Flower":24,"PreservedInsect":24,"MoneyPower":0,"Ring of Greed":5,"CaptainsWheel":21,"Anchor":23,"Shuriken":9,"ForgetMeNow":13,"AtMidnight":28,"Onion Ring":26,"LetterFromLob":1,"ReplayTheSpireMod:TigerMarble":4,"Membership Card":27,"ChangeAnything":18,"AT_SunfireAegis":20,"HushsDoor":0,"StrikeDummy":27,"REME_ComplimentaryCards":0},{"RabbitCall":0,"AT_ATBox":0,"Gremlin Horn":36,"Nilry\u0027s Codex":35,"Vajra":8,"Magic Flower":18,"SkinProphecy":7,"Boot":4,"Sling":23,"Burning Blood":0,"Lamp_r":16,"CogitoBucket":0,"Dream Catcher":23,"Chemical X":18,"Ring of Panic":3,"Void":5,"Red Skull":30,"KeepersGift":0,"Girya":18,"BackwardClock":20,"Happy Flower":35,"PreservedInsect":17,"MoneyPower":0,"Ring of Greed":3,"CaptainsWheel":16,"Anchor":35,"Shuriken":5,"ForgetMeNow":8,"AtMidnight":20,"Onion Ring":35,"LetterFromLob":1,"ReplayTheSpireMod:TigerMarble":3,"Membership Card":18,"ChangeAnything":13,"AT_SunfireAegis":32,"HushsDoor":0,"StrikeDummy":18,"REME_ComplimentaryCards":0},{"RabbitCall":0,"AT_ATBox":0,"Gremlin Horn":60,"Nilry\u0027s Codex":59,"Vajra":18,"Magic Flower":35,"SkinProphecy":16,"Boot":8,"Sling":41,"Burning Blood":0,"Lamp_r":32,"CogitoBucket":0,"Dream Catcher":41,"Chemical X":35,"Ring of Panic":6,"Void":10,"Red Skull":50,"KeepersGift":0,"Girya":35,"BackwardClock":37,"Happy Flower":59,"PreservedInsect":34,"MoneyPower":0,"Ring of Greed":6,"CaptainsWheel":32,"Anchor":59,"Shuriken":10,"ForgetMeNow":18,"AtMidnight":37,"Onion Ring":59,"LetterFromLob":3,"ReplayTheSpireMod:TigerMarble":6,"Membership Card":35,"ChangeAnything":25,"AT_SunfireAegis":54,"HushsDoor":0,"StrikeDummy":35,"REME_ComplimentaryCards":0}],"Burning Blood":258},"card_choices":[{"not_picked":["MeatLantern","UniverseFragment","FairyFestival"],"picked":"Singing Bowl","floor":1.0},{"not_picked":["FairyFestival","Scorched"],"picked":"RedShoes","floor":1.0},{"not_picked":["Burning Pact","True Grit","Iron Wave"],"picked":"SKIP","floor":1.0},{"not_picked":["Freischutz","CrumblingArmor","QueenOfHatred"],"picked":"Singing Bowl","floor":2.0},{"not_picked":["Body Slam","AT_CaressingTears","AT_DiedThrough"],"picked":"SKIP","floor":2.0},{"not_picked":["PunishingBird","OSAHOGD","Murderer"],"picked":"Singing Bowl","floor":3.0},{"not_picked":["Armaments","Pommel Strike"],"picked":"Bomb","floor":3.0},{"not_picked":["Scorched","Freischutz","PunishingBird"],"picked":"Singing Bowl","floor":6.0},{"not_picked":["Clash","Perfected Strike","Heavy Blade"],"picked":"SKIP","floor":6.0},{"not_picked":["Alriune","LittlePrince","Bloodbath"],"picked":"Singing Bowl","floor":8.0},{"not_picked":["Abandon","Battle Trance"],"picked":"REME_ACTH","floor":8.0},{"not_picked":["SilentOrchestra","SpiderBud","Laetitia"],"picked":"Singing Bowl","floor":10.0},{"not_picked":["Burning Pact","Clothesline","Flex"],"picked":"SKIP","floor":10.0},{"not_picked":["FairyFestival","Laetitia","WallGazer"],"picked":"Singing Bowl","floor":11.0},{"not_picked":["Run Through","Headbutt"],"picked":"Thunderclap","floor":11.0},{"not_picked":["ShyLook","NakedNest","SpiderBud"],"picked":"Singing Bowl","floor":14.0},{"not_picked":["Havoc","Hemogenesis","Iron Wave"],"picked":"SKIP","floor":14.0},{"not_picked":["SpiderBud","VoidDream","OSAHOGD"],"picked":"Singing Bowl","floor":16.0},{"not_picked":["MeatLantern","Funeral"],"picked":"BigBird","floor":16.0},{"not_picked":["Corruption","Twin Strike","Iron Wave"],"picked":"SKIP","floor":16.0},{"not_picked":["Laetitia","Scarecrow","GalaxyChild"],"picked":"Singing Bowl","floor":17.0},{"not_picked":["AT_CaressingTears","REME_SingleHolding","Headbutt"],"picked":"SKIP","floor":17.0},{"not_picked":["OSAHOGD","MeltingLove","Scorched"],"picked":"Singing Bowl","floor":18.0},{"not_picked":["AT_DiedThrough","REME_SingleHolding","Evolve"],"picked":"SKIP","floor":18.0},{"not_picked":["BlackSwan","Alriune","CrumblingArmor"],"picked":"Singing Bowl","floor":19.0},{"not_picked":["Fire Breathing","ReplayTheSpireMod:Stacked"],"picked":"Sword Boomerang","floor":19.0},{"not_picked":["Bloodbath","OldLady","Rudolta"],"picked":"Singing Bowl","floor":20.0},{"not_picked":["Clash","Pummel"],"picked":"AT_IchimonjiDouble","floor":20.0},{"not_picked":["AT_DiedThrough","Metallicize"],"picked":"Heavy Blade","floor":21.0},{"not_picked":["WhitesApple","MeatLantern","NakedNest"],"picked":"Singing Bowl","floor":21.0},{"not_picked":["Scarecrow","Bloodbath","Wellcheers"],"picked":"Singing Bowl","floor":23.0},{"not_picked":["Wild Strike","Heavy Blade","Perfected Strike"],"picked":"SKIP","floor":23.0},{"not_picked":["BigBadWolf","Woodsman","OldLady"],"picked":"Singing Bowl","floor":25.0},{"not_picked":["Headbutt","Spot Weakness","Sever Soul"],"picked":"SKIP","floor":25.0},{"not_picked":["Murderer","VoidDream","Bloodbath"],"picked":"Singing Bowl","floor":28.0},{"not_picked":["Havoc","Twin Strike","Flex"],"picked":"SKIP","floor":28.0},{"not_picked":["MHz","SingingMachine","OldLady"],"picked":"Singing Bowl","floor":29.0},{"not_picked":["Armaments","Pummel"],"picked":"Bloodletting","floor":29.0},{"not_picked":["Funeral","Scorched","VoidDream"],"picked":"Singing Bowl","floor":18.0},{"not_picked":["AT_ManFootWork","Corruption","Clothesline+1"],"picked":"SKIP","floor":18.0},{"not_picked":["VoidDream","MeatLantern","PunishingBird"],"picked":"Singing Bowl","floor":19.0},{"not_picked":["Feel No Pain","Armaments","Dark Embrace"],"picked":"SKIP","floor":19.0},{"not_picked":["ShyLook","Scarecrow","Murderer"],"picked":"Singing Bowl","floor":22.0},{"not_picked":["MeltingLove","SnowQueen"],"picked":"BlueStar","floor":22.0},{"not_picked":["AT_DrawKnifeCut","Perfected Strike","Body Slam"],"picked":"SKIP","floor":22.0},{"not_picked":["Murderer","MeatLantern","WhiteNight"],"picked":"Singing Bowl","floor":23.0},{"not_picked":["Armaments","Corruption"],"picked":"Inflame","floor":23.0},{"not_picked":["PunishingBird","Scorched","MHz"],"picked":"Singing Bowl","floor":18.0},{"not_picked":["Flex+1","Armaments","Rage"],"picked":"SKIP","floor":18.0},{"not_picked":["MHz","CherryBlossoms","Laetitia"],"picked":"Singing Bowl","floor":19.0},{"not_picked":["Power Through","Replay:Undeath\u0027s Touch+1","REME_Cut"],"picked":"SKIP","floor":19.0},{"not_picked":["Iron Wave","AT_BodySlamDance+1","Anger+1"],"picked":"SKIP","floor":21},{"not_picked":["HappyTeddy","BeautyBeast","OldLady"],"picked":"Singing Bowl","floor":23},{"not_picked":["Warcry","Havoc","Cleave+1"],"picked":"SKIP","floor":23},{"not_picked":["NakedNest","DespairKnight","Funeral"],"picked":"Singing Bowl","floor":18},{"not_picked":["Feel No Pain","Clash","AT_ShrugMaster"],"picked":"SKIP","floor":18},{"not_picked":["NakedNest","Scorched","WallGazer"],"picked":"Singing Bowl","floor":19},{"not_picked":["Fire Breathing","Run Through","Body Slam"],"picked":"SKIP","floor":19},{"not_picked":["CherryBlossoms","Bloodbath","SpiderBud"],"picked":"Singing Bowl","floor":21},{"not_picked":["Flame Barrier","Cleave+1","True Grit"],"picked":"SKIP","floor":21},{"not_picked":["ShyLook","MeltingLove","Murderer"],"picked":"Singing Bowl","floor":22},{"not_picked":["Clash","Impervious","Heavy Blade"],"picked":"SKIP","floor":22},{"not_picked":["HeroicMonk","LongBird","PunishingBird"],"picked":"Singing Bowl","floor":23},{"not_picked":["Perfected Strike","Iron Wave"],"picked":"AT_ManFootWork+1","floor":23},{"not_picked":["Bloodbath","Rudolta","LaLuna"],"picked":"Singing Bowl","floor":30},{"not_picked":["Clash","Cleave","AT_BodySlamDance"],"picked":"SKIP","floor":30},{"not_picked":["Murderer","Mercenary","DespairKnight"],"picked":"Singing Bowl","floor":31},{"not_picked":["ReplayTheSpireMod:Stacked","Metallicize"],"picked":"ReplayTheSpireMod:Limb From Limb+1","floor":31},{"not_picked":["Wellcheers","Scorched","Yin"],"picked":"Singing Bowl","floor":33}],"player_experience":259146,"relics_obtained":[{"floor":1.0,"key":"LetterFromLob"},{"floor":4.0,"key":"ReplayTheSpireMod:TigerMarble"},{"floor":5.0,"key":"Ring of Panic"},{"floor":5.0,"key":"Ring of Greed"},{"floor":6.0,"key":"Boot"},{"floor":8.0,"key":"Void"},{"floor":9.0,"key":"Shuriken"},{"floor":11.0,"key":"LetterFromLob"},{"floor":18.0,"key":"LetterFromLob"},{"floor":20.0,"key":"LetterFromLob"},{"floor":21.0,"key":"CaptainsWheel"},{"floor":21.0,"key":"LetterFromLob"},{"floor":23.0,"key":"LetterFromLob"},{"floor":24.0,"key":"PreservedInsect"},{"floor":25.0,"key":"Magic Flower"},{"floor":28.0,"key":"AtMidnight"},{"floor":29.0,"key":"LetterFromLob"},{"floor":19.0,"key":"LetterFromLob"},{"floor":22.0,"key":"LetterFromLob"},{"floor":18.0,"key":"LetterFromLob"},{"floor":19.0,"key":"LetterFromLob"},{"floor":21,"key":"LetterFromLob"},{"floor":23,"key":"Red Skull"},{"floor":18,"key":"LetterFromLob"},{"floor":19,"key":"LetterFromLob"},{"floor":23,"key":"Anchor"},{"floor":24,"key":"Happy Flower"},{"floor":26,"key":"Onion Ring"},{"floor":29,"key":"Nilry\u0027s Codex"},{"floor":30,"key":"Gremlin Horn"}],"event_choices":[{"damage_healed":0.0,"max_hp_gain":0.0,"max_hp_loss":0.0,"gold_gain":175.0,"event_name":"Liars Game","player_choice":"AGREE","floor":22.0,"gold_loss":0.0,"damage_taken":0.0,"cards_obtained":["Doubt"]},{"damage_healed":0.0,"max_hp_gain":0.0,"max_hp_loss":0.0,"gold_gain":75.0,"event_name":"World of Goop","player_choice":"Gather Gold","floor":26.0,"gold_loss":0.0,"damage_taken":11.0},{"damage_healed":0.0,"max_hp_gain":5.0,"max_hp_loss":0.0,"gold_gain":0.0,"event_name":"Forgotten Altar","player_choice":"Shed Blood","floor":20.0,"gold_loss":0.0,"damage_taken":29.0},{"damage_healed":0,"gold_gain":0,"player_choice":"Ignored","damage_taken":0,"max_hp_gain":0,"max_hp_loss":0,"event_name":"Ghosts","floor":22,"gold_loss":0},{"damage_healed":0,"gold_gain":0,"player_choice":"Obtained Book","damage_taken":16,"max_hp_gain":0,"max_hp_loss":0,"event_name":"Cursed Tome","floor":29,"gold_loss":0}],"is_beta":false,"boss_relics":[],"items_purged_floors":[27],"is_endless":false,"potions_floor_spawned":[1,2,10,16,19,21,28,18,19,23,18,19,21,30],"ascension_level":10}}