{"host":"vfg9szunmpjwj08o","time":1610221079,"event":{"mods":["Act Like it!","BaseMod","Challenge The Spire","Colored Map","Colored Powertips","Minty Spire (QoL Compilation)","StSLib","Waifu the Spire"],"gold_per_floor":[109,3,3,18,35,35,185,197,224,224,243,66,86,103,103,175,175,185,163,163,163,176,176,2,2,2,2,2,22,37,37,37,113,113,128,128,174,189,203,231,231,261,261,272,272,272],"floor_reached":45,"playtime":10220,"items_purged":["Doubt","Strike_B"],"score":1106,"play_id":"0640cac4-3b66-4db2-920c-244ae3aa32b4","local_time":"20210109203759","is_ascension_mode":true,"campfire_choices":[{"data":"Discovery","floor":6,"key":"SMITH"},{"data":"Zap","floor":10,"key":"SMITH"},{"data":"Discovery","floor":15,"key":"SMITH"},{"data":"Chaos","floor":23,"key":"SMITH"},{"data":"Dualcast","floor":25,"key":"SMITH"},{"data":"Defragment","floor":27,"key":"SMITH"},{"data":"Defragment","floor":32,"key":"SMITH"},{"floor":41,"key":"RECALL"}],"circlet_count":0,"master_deck":["AscendersBane","Strike_B","Strike_B","Defend_B","Defend_B","Defend_B","Defend_B","Zap+1","Dualcast+1","Cold Snap","Discovery+1","Hologram","Defragment+1","Discovery+1","Chill","Compile Driver","Seek","Storm","Chaos+1","Defragment+1","Storm","Coolheaded","Electrodynamics","Turbo+1","Consume","Creative AI","Self Repair","Double Energy+1"],"relics":["Cracked Core","NeowsBlessing","DataDisk","SlaversCollar","Cables","Coffee Dripper","Potion Belt","InkBottle","Shuriken"],"acts_visited":["Exordium","TheCity","TheBeyond"],"potions_floor_usage":[16,18,39,42],"damage_taken":[{"damage":0,"enemies":"Cultist","floor":1,"turns":1},{"damage":0,"enemies":"2 Louse","floor":4,"turns":1},{"damage":0,"enemies":"Small Slimes","floor":5,"turns":1},{"damage":26,"enemies":"3 Louse","floor":8,"turns":3},{"damage":15,"enemies":"Exordium Wildlife","floor":11,"turns":5},{"damage":3,"enemies":"Exordium Thugs","floor":13,"turns":4},{"damage":2,"enemies":"Red Slaver","floor":14,"turns":3},{"damage":0,"enemies":"Hexaghost","floor":16,"turns":10},{"damage":10,"enemies":"3 Byrds","floor":18,"turns":4},{"damage":9,"enemies":"2 Thieves","floor":19,"turns":4},{"damage":14,"enemies":"Centurion and Healer","floor":22,"turns":7},{"damage":5,"enemies":"3 Cultists","floor":29,"turns":4},{"damage":0,"enemies":"Chosen and Byrds","floor":30,"turns":4},{"damage":0,"enemies":"Champ","floor":33,"turns":7},{"damage":0,"enemies":"3 Darklings","floor":35,"turns":2},{"damage":3,"enemies":"3 Shapes","floor":38,"turns":3},{"damage":11,"enemies":"Transient","floor":39,"turns":6},{"damage":4,"enemies":"Reptomancer","floor":40,"turns":4},{"damage":33,"enemies":"Giant Head","floor":42,"turns":6},{"damage":0,"enemies":"Sphere and 2 Shapes","floor":44,"turns":3},{"damage":17,"enemies":"4 Shapes","floor":45,"turns":1}],"seed_played":"6354746265081474917","potions_obtained":[{"floor":5,"key":"SteroidPotion"},{"floor":8,"key":"LiquidMemories"},{"floor":13,"key":"PowerPotion"},{"floor":18,"key":"SteroidPotion"},{"floor":19,"key":"Block Potion"},{"floor":33,"key":"GamblersBrew"},{"floor":39,"key":"PotionOfCapacity"},{"floor":44,"key":"SneckoOil"}],"is_trial":false,"path_per_floor":["M","$","?","M","M","R","?","M","T","R","M","$","M","M","R","B",null,"M","M","?","?","M","R","$","R","T","R","?","M","M","?","R","B",null,"M","?","T","M","M","E","R","E","T","M","M"],"character_chosen":"DEFECT","items_purchased":["Discovery","Discovery","Storm"],"campfire_rested":0,"item_purchase_floors":[2,12,24],"current_hp_per_floor":[64,64,64,64,64,64,64,38,38,38,23,23,20,18,18,18,58,48,39,39,39,25,25,25,25,25,25,25,20,20,20,20,20,58,58,58,58,55,44,40,40,7,7,14,0,0],"gold":272,"neow_bonus":"THREE_ENEMY_KILL","is_daily":false,"chose_seed":false,"campfire_upgraded":7,"win_rate":0.0,"timestamp":1610221079,"path_taken":["M","$","?","M","?","R","?","M","T","R","M","$","M","M","R","BOSS","M","M","?","?","M","R","$","R","T","R","?","M","M","?","R","BOSS","M","?","?","M","M","E","R","E","T","M","M"],"items_purchased_type":["Card","Card","Card"],"build_version":"2020-12-22","purchased_purges":2,"victory":false,"max_hp_per_floor":[71,71,71,71,71,71,71,71,71,71,71,71,71,71,71,71,71,71,71,71,71,71,71,71,71,71,71,71,71,71,71,71,71,71,71,71,71,71,71,71,71,71,71,71,71,71],"card_choices":[{"not_picked":["Force Field","Capacitor"],"picked":"Cold Snap","floor":1},{"not_picked":["Sweeping Beam","Rebound","Stack"],"picked":"SKIP","floor":4},{"not_picked":["Gash","Heatsinks"],"picked":"Hologram","floor":5},{"not_picked":["Lockon","Redo"],"picked":"Defragment","floor":8},{"not_picked":["Rip and Tear","Streamline","Steam"],"picked":"SKIP","floor":11},{"not_picked":["Doom and Gloom","Coolheaded"],"picked":"Chill","floor":13},{"not_picked":["Hello World","Leap"],"picked":"Compile Driver","floor":14},{"not_picked":["All For One","Rainbow"],"picked":"Seek","floor":16},{"not_picked":["Hello World","Coolheaded"],"picked":"Storm","floor":18},{"not_picked":["Stack","Skim"],"picked":"Chaos","floor":19},{"not_picked":["Stack","Steam","Ball Lightning"],"picked":"SKIP","floor":22},{"not_picked":["Compile Driver","Rebound","Sweeping Beam"],"picked":"SKIP","floor":29},{"not_picked":["Sweeping Beam","Machine Learning"],"picked":"Coolheaded","floor":30},{"not_picked":["All For One","Thunder Strike"],"picked":"Electrodynamics","floor":33},{"not_picked":["Conserve Battery","Sunder+1","Chaos"],"picked":"SKIP","floor":35},{"not_picked":["Hello World+1","Undo"],"picked":"Turbo+1","floor":38},{"not_picked":["Hologram","Barrage+1"],"picked":"Consume","floor":39},{"not_picked":["Static Discharge","Scrape"],"picked":"Creative AI","floor":40},{"not_picked":["Streamline","Coolheaded"],"picked":"Self Repair","floor":42},{"not_picked":["Go for the Eyes","Ball Lightning"],"picked":"Double Energy+1","floor":44}],"player_experience":1041367,"relics_obtained":[{"floor":9,"key":"DataDisk"},{"floor":26,"key":"Cables"},{"floor":40,"key":"Potion Belt"},{"floor":42,"key":"InkBottle"},{"floor":43,"key":"Shuriken"}],"event_choices":[{"cards_removed":["Strike_B"],"damage_healed":0,"gold_gain":0,"player_choice":"Offered Basic","damage_taken":0,"max_hp_gain":0,"max_hp_loss":0,"event_name":"Bonfire Elementals","floor":3,"gold_loss":0},{"damage_healed":0,"gold_gain":150,"player_choice":"AGREE","damage_taken":0,"max_hp_gain":0,"max_hp_loss":0,"event_name":"Liars Game","floor":7,"gold_loss":0,"cards_obtained":["Doubt"]},{"damage_healed":0,"gold_gain":0,"player_choice":"Read","damage_taken":0,"max_hp_gain":0,"max_hp_loss":0,"event_name":"The Library","floor":20,"gold_loss":0,"cards_obtained":["Defragment"]},{"damage_healed":0,"gold_gain":0,"player_choice":"Ignored","damage_taken":0,"max_hp_gain":0,"max_hp_loss":0,"event_name":"Vampires","floor":21,"gold_loss":0},{"damage_healed":0,"gold_gain":0,"player_choice":"Ignored","damage_taken":0,"max_hp_gain":0,"max_hp_loss":0,"event_name":"Cursed Tome","floor":28,"gold_loss":0},{"damage_healed":0,"gold_gain":0,"player_choice":"Ignored","damage_taken":0,"max_hp_gain":0,"max_hp_loss":0,"event_name":"The Mausoleum","floor":31,"gold_loss":0},{"damage_healed":0,"gold_gain":0,"player_choice":"Ignored","damage_taken":0,"max_hp_gain":0,"max_hp_loss":0,"event_name":"Mysterious Sphere","floor":36,"gold_loss":0}],"is_beta":false,"boss_relics":[{"not_picked":["Astrolabe","Inserter"],"picked":"SlaversCollar"},{"not_picked":["Runic Dome","SacredBark"],"picked":"Coffee Dripper"}],"items_purged_floors":[12,24],"is_endless":false,"potions_floor_spawned":[5,8,13,18,19,33,39,44],"killed_by":"4 Shapes","ascension_level":19}}