{"host":"dv93mabv568wiefh","time":1610168503,"event":{"mods":["BaseMod","Hermit","Hubris","Infinite Spire","Marisa????????","Minty Spire (QoL Compilation)","Replay The Spire","StSLib","The Construct"],"gold_per_floor":[120,120,139,161,177,177,21,54,54,54,65,65,65,105,105,105,105],"floor_reached":16,"playtime":1840,"items_purged":[],"score":173,"play_id":"089b45a3-c206-4e5b-9958-5d2cc91e6903","local_time":"20210109000143","is_ascension_mode":true,"campfire_choices":[{"data":"1","floor":6,"key":"LIFT"},{"data":"2","floor":10,"key":"LIFT"},{"floor":13,"key":"REST"},{"data":"3","floor":15,"key":"LIFT"}],"circlet_count":0,"master_deck":["AscendersBane","Strike_P","Strike_P","Strike_P","Strike_P","Defend_P","Defend_P","Defend_P","Defend_P","Eruption","Vigilance","hubris:MerchantsHand","Strike_P","Sanctity","WheelKick","EmptyBody","MentalFortress","Replay:BluntJabs","Replay:Anticipation"],"relics":["PureWater","TungstenRod","Girya","OrangePellets","Pantograph","Bottled Tornado","Art of War","Vajra"],"acts_visited":["Exordium"],"potions_floor_usage":[8,8],"damage_taken":[{"damage":6,"enemies":"Small Slimes","floor":1,"turns":4},{"damage":0,"enemies":"2 Louse","floor":4,"turns":3},{"damage":0,"enemies":"Cultist","floor":5,"turns":2},{"damage":18,"enemies":"Gremlin Nob","floor":8,"turns":5},{"damage":19,"enemies":"Lots of Slimes","floor":11,"turns":6},{"damage":4,"enemies":"3 Sentries","floor":14,"turns":7},{"damage":74,"enemies":"Hexaghost","floor":16,"turns":14}],"seed_played":"-5468947550462993173","potions_obtained":[{"floor":4,"key":"DuplicationPotion"},{"floor":5,"key":"LiquidBronze"}],"is_trial":false,"path_per_floor":["M","?","?","M","M","R","$","E","T","R","M","?","R","E","R","B"],"character_chosen":"WATCHER","items_purchased":["OrangePellets"],"campfire_rested":1,"item_purchase_floors":[7],"current_hp_per_floor":[59,59,59,59,59,59,59,41,41,41,22,22,43,39,39,0,0],"gold":105,"neow_bonus":"ONE_RARE_RELIC","is_daily":false,"chose_seed":false,"campfire_upgraded":0,"win_rate":0.0,"timestamp":1610168503,"path_taken":["M","?","?","?","?","R","?","E","T","R","M","?","R","E","R","BOSS"],"items_purchased_type":["Relic"],"build_version":"2020-12-22","purchased_purges":0,"victory":false,"max_hp_per_floor":[72,72,72,72,72,72,72,72,72,72,72,72,72,72,72,72,72],"card_choices":[{"not_picked":["Replay:Cycle","Replay:Vibes"],"picked":"Sanctity","floor":1},{"not_picked":["EmptyFist","FollowUp"],"picked":"WheelKick","floor":3},{"not_picked":["Wireheading","Study"],"picked":"EmptyBody","floor":4},{"not_picked":["Weave","ThirdEye"],"picked":"MentalFortress","floor":5},{"not_picked":["WreathOfFlame","Evaluate"],"picked":"Replay:BluntJabs","floor":8},{"not_picked":["Fasting2","SashWhip","CutThroughFate"],"picked":"SKIP","floor":11},{"not_picked":["SignatureMove","EmptyFist"],"picked":"Replay:Anticipation","floor":14}],"player_experience":880284,"relics_obtained":[{"floor":3,"key":"Girya"},{"floor":8,"key":"Pantograph"},{"floor":9,"key":"Bottled Tornado"},{"floor":12,"key":"Art of War"},{"floor":14,"key":"Vajra"}],"event_choices":[{"damage_healed":0,"gold_gain":0,"player_choice":"Ignored","damage_taken":0,"max_hp_gain":0,"max_hp_loss":0,"event_name":"Liars Game","floor":2,"gold_loss":0}],"is_beta":false,"boss_relics":[],"items_purged_floors":[],"is_endless":false,"potions_floor_spawned":[4,5],"killed_by":"Hexaghost","ascension_level":12}}