{"host":"Ian","time":1610205603,"event":{"mods":["BaseMod","Bestiary","Block Reminder","Colored Map","Highlight Path","Key Reminder","Minty Spire (QoL Compilation)","Relic Stats"],"gold_per_floor":[110,24,24,52,64,76,119,141,207,252,264,191,217,240,252,264,264],"floor_reached":16,"playtime":660,"items_purged":[],"score":220,"play_id":"2adcd419-4e2e-44e6-9275-e323f8a9cd0a","local_time":"20210109152003","is_ascension_mode":true,"campfire_choices":[{"data":"Bash","floor":6.0,"key":"SMITH"},{"data":"Havoc","floor":11.0,"key":"SMITH"},{"data":"True Grit","floor":15.0,"key":"SMITH"}],"circlet_count":0,"master_deck":["AscendersBane","Strike_R","Strike_R","Strike_R","Strike_R","Strike_R","Defend_R+1","Defend_R","Defend_R","Defend_R+1","Bash+1","Reaper","Feel No Pain","Twin Strike","Havoc+1","Reckless Charge","Thunderclap","Rage","True Grit+1","Fiend Fire"],"relics":["Burning Blood","MawBank","War Paint","Lantern","HornCleat","Prayer Wheel"],"acts_visited":[],"potions_floor_usage":[16],"damage_taken":[{"damage":2.0,"enemies":"Jaw Worm","floor":1.0,"turns":3.0},{"damage":10.0,"enemies":"2 Louse","floor":4.0,"turns":4.0},{"damage":47.0,"enemies":"Lagavulin","floor":7.0,"turns":7.0},{"damage":1.0,"enemies":"Cultist","floor":8.0,"turns":4.0},{"damage":4.0,"enemies":"3 Sentries","floor":10.0,"turns":2.0},{"damage":1.0,"enemies":"Large Slime","floor":13.0,"turns":5.0},{"damage":2.0,"enemies":"Exordium Thugs","floor":14.0,"turns":6.0},{"damage":83,"enemies":"Hexaghost","floor":16,"turns":11}],"seed_played":"1343096972666578692","potions_obtained":[{"floor":0.0,"key":"AttackPotion"},{"floor":0.0,"key":"Explosive Potion"},{"floor":4.0,"key":"Weak Potion"},{"floor":8.0,"key":"AttackPotion"},{"floor":13.0,"key":"Weak Potion"}],"is_trial":false,"path_per_floor":["M","$","?","M","?","R","E","M","T","E","R","?","M","M","R","B"],"character_chosen":"IRONCLAD","items_purchased":["Feel No Pain"],"campfire_rested":0,"item_purchase_floors":[2],"current_hp_per_floor":[72,72,54,58,63,63,25,36,36,50,50,50,61,77,77,0,0],"gold":264,"neow_bonus":"THREE_SMALL_POTIONS","is_daily":false,"chose_seed":false,"campfire_upgraded":3,"win_rate":0.0,"timestamp":1610205603,"path_taken":["M","$","?","M","?","R","E","M","T","E","R","?","?","M","R","BOSS"],"items_purchased_type":["Card"],"build_version":"2020-12-18","purchased_purges":0,"victory":false,"max_hp_per_floor":[75,75,75,75,80,80,80,80,80,80,80,80,80,80,80,80,80],"relic_stats":{"counters":[8,42],"Prayer Wheel":2,"War Paint":["Defend_R","Defend_R"],"MawBank":156,"obtain_stats":[{"Lantern":9,"HornCleat":10,"Prayer Wheel":12,"War Paint":7,"MawBank":3,"Burning Blood":0},{"Lantern":4,"HornCleat":5,"Prayer Wheel":5,"War Paint":3,"MawBank":1,"Burning Blood":0},{"Lantern":18,"HornCleat":20,"Prayer Wheel":20,"War Paint":14,"MawBank":3,"Burning Blood":0}],"Burning Blood":42},"card_choices":[{"not_picked":["Warcry","Sword Boomerang"],"picked":"Reaper","floor":1.0},{"not_picked":["Iron Wave","Perfected Strike"],"picked":"Twin Strike","floor":4.0},{"not_picked":["True Grit","Burning Pact"],"picked":"Havoc","floor":7.0},{"not_picked":["Body Slam","Pommel Strike"],"picked":"Reckless Charge","floor":8.0},{"not_picked":["Sentinel","Cleave"],"picked":"Thunderclap","floor":10.0},{"not_picked":["Havoc","Sword Boomerang"],"picked":"Rage","floor":13.0},{"not_picked":["Uppercut","Rupture"],"picked":"True Grit","floor":13.0},{"not_picked":["Twin Strike","Cleave"],"picked":"Fiend Fire","floor":14.0},{"not_picked":["Twin Strike","Thunderclap","Rupture"],"picked":"SKIP","floor":14.0}],"player_experience":2658562,"relics_obtained":[{"floor":7.0,"key":"War Paint"},{"floor":9.0,"key":"Lantern"},{"floor":10.0,"key":"HornCleat"}],"event_choices":[{"damage_healed":0.0,"max_hp_gain":0.0,"max_hp_loss":0.0,"gold_gain":0.0,"event_name":"Scrap Ooze","player_choice":"Success","floor":3.0,"gold_loss":0.0,"damage_taken":18.0,"relics_obtained":["MawBank"]},{"damage_healed":0.0,"max_hp_gain":5.0,"max_hp_loss":0.0,"gold_gain":0.0,"event_name":"Big Fish","player_choice":"Donut","floor":5.0,"gold_loss":0.0,"damage_taken":0.0},{"damage_healed":0.0,"max_hp_gain":0.0,"max_hp_loss":0.0,"gold_gain":0.0,"event_name":"WeMeetAgain","player_choice":"Paid Gold","floor":12.0,"gold_loss":85.0,"damage_taken":0.0,"relics_obtained":["Prayer Wheel"]}],"is_beta":true,"boss_relics":[],"items_purged_floors":[],"is_endless":false,"potions_floor_spawned":[4,8,13],"killed_by":"Hexaghost","ascension_level":20}}