{"host":"2zw05eexjythz74b","time":1610211294,"event":{"mods":["AchievementEnabler","BaseMod","Better Altar","Colored Map","Minty Spire (QoL Compilation)","StSLib","everything is the same but u backflip on backflip"],"gold_per_floor":[113,113,34,34,45,87,87,125,150,174,193,219,219,403,403,403,403],"floor_reached":16,"playtime":959,"items_purged":[],"score":132,"play_id":"e39749b4-6790-4827-b0b2-669f06a39e37","local_time":"20210109105454","is_ascension_mode":true,"campfire_choices":[{"data":"Rupture","floor":7,"key":"SMITH"},{"data":"Infernal Blade","floor":15,"key":"SMITH"}],"circlet_count":0,"master_deck":["Strike_R","Strike_R","Strike_R","Strike_R","Defend_R","Defend_R","Defend_R","Bash","Shame","Metallicize","Disarm","Evolve","Rupture+1","Battle Trance","True Grit","Metallicize","Infernal Blade+1","Metallicize","Seeing Red","Doubt"],"relics":["Burning Blood","CeramicFish","Gremlin Horn","Lantern"],"acts_visited":["Exordium"],"potions_floor_usage":[5,8,10,13,13,13],"damage_taken":[{"damage":2,"enemies":"Small Slimes","floor":1,"turns":4},{"damage":3,"enemies":"2 Louse","floor":5,"turns":4},{"damage":47,"enemies":"3 Sentries","floor":6,"turns":10},{"damage":37,"enemies":"Gremlin Nob","floor":8,"turns":7},{"damage":2,"enemies":"Cultist","floor":10,"turns":4},{"damage":8,"enemies":"2 Fungi Beasts","floor":11,"turns":4},{"damage":11,"enemies":"3 Louse","floor":12,"turns":4},{"damage":14,"enemies":"3 Sentries","floor":13,"turns":4},{"damage":15,"enemies":"Hexaghost","floor":16,"turns":12}],"seed_played":"-9161469555649761095","potions_obtained":[{"floor":4,"key":"BloodPotion"},{"floor":4,"key":"LiquidBronze"},{"floor":4,"key":"SmokeBomb"},{"floor":6,"key":"Energy Potion"},{"floor":8,"key":"EssenceOfSteel"},{"floor":11,"key":"FearPotion"}],"is_trial":false,"path_per_floor":["M","?","$","?","M","E","R","E","T","M","M","M","E","?","R","B"],"character_chosen":"IRONCLAD","items_purchased":["Rupture"],"campfire_rested":0,"item_purchase_floors":[3],"current_hp_per_floor":[80,80,80,80,80,39,39,24,24,28,26,21,13,13,13,0,0],"gold":403,"neow_bonus":"TRANSFORM_TWO_CARDS","is_daily":false,"chose_seed":false,"campfire_upgraded":2,"win_rate":0.0,"timestamp":1610211294,"path_taken":["M","?","$","?","?","E","R","E","T","M","M","M","E","?","R","BOSS"],"items_purchased_type":["Card"],"build_version":"2020-12-22","purchased_purges":0,"victory":false,"max_hp_per_floor":[80,80,80,80,80,80,80,80,80,80,80,80,80,80,80,80,80],"card_choices":[{"not_picked":["Havoc","Body Slam"],"picked":"Evolve","floor":1},{"not_picked":["Anger","Flex"],"picked":"Battle Trance","floor":5},{"not_picked":["Thunderclap","Burning Pact"],"picked":"True Grit","floor":6},{"not_picked":["Double Tap","Bloodletting"],"picked":"Metallicize","floor":8},{"not_picked":["Cleave","Iron Wave"],"picked":"Infernal Blade","floor":10},{"not_picked":["Dark Embrace","Perfected Strike"],"picked":"Metallicize","floor":11},{"not_picked":["Sentinel","Twin Strike"],"picked":"Seeing Red","floor":12}],"player_experience":205004,"relics_obtained":[{"floor":6,"key":"CeramicFish"},{"floor":8,"key":"Gremlin Horn"},{"floor":9,"key":"Lantern"}],"event_choices":[{"damage_healed":0,"gold_gain":0,"player_choice":"Leave","damage_taken":0,"max_hp_gain":0,"max_hp_loss":0,"event_name":"The Cleric","floor":2,"gold_loss":0},{"damage_healed":0,"gold_gain":0,"player_choice":"Got Potions","damage_taken":0,"max_hp_gain":0,"max_hp_loss":0,"event_name":"Lab","floor":4,"gold_loss":0},{"damage_healed":0,"gold_gain":175,"player_choice":"AGREE","damage_taken":0,"max_hp_gain":0,"max_hp_loss":0,"event_name":"Liars Game","floor":14,"gold_loss":0,"cards_obtained":["Doubt"]}],"is_beta":false,"boss_relics":[],"items_purged_floors":[],"is_endless":false,"potions_floor_spawned":[6,8,11],"killed_by":"Hexaghost","ascension_level":2}}