{"host":"kh6fvhxn285ncg0o","time":1610217555,"event":{"mods":["Act Like it!","BaseMod","Colored Map","Friendly Minions","Keyboard Shortcuts","Minty Spire (QoL Compilation)","Quick Restart","Relic Stats","StSLib","SuperFastMode"],"gold_per_floor":[136,196,121,121,175,175,294,294,374,374,435,581,95,139,139,139,139],"floor_reached":16,"playtime":477,"items_purged":["Strike_R","Strike_R"],"score":216,"play_id":"07ecc404-0fc0-4450-b8eb-b0ef32ec555c","local_time":"20210110033915","is_ascension_mode":true,"campfire_choices":[{"data":"HandOfGreed","floor":6.0,"key":"SMITH"},{"floor":8.0,"key":"REST"},{"data":"Bash","floor":10.0,"key":"SMITH"},{"data":"Dark Embrace","floor":15.0,"key":"SMITH"}],"circlet_count":0,"master_deck":["AscendersBane","Strike_R","Strike_R","Strike_R","Defend_R","Defend_R","Defend_R","Defend_R","Bash+1","HandOfGreed+1","Second Wind","Shrug It Off","Barricade","Offering","Dark Embrace+1"],"relics":["Burning Blood","Golden Idol","Oddly Smooth Stone","Letter Opener","Anchor","Strawberry","Frozen Eye"],"acts_visited":["Exordium"],"potions_floor_usage":[16],"damage_taken":[{"damage":7.0,"enemies":"Jaw Worm","floor":1.0,"turns":3.0},{"damage":13.0,"enemies":"2 Louse","floor":2.0,"turns":6.0},{"damage":5.0,"enemies":"Small Slimes","floor":5.0,"turns":6.0},{"damage":30.0,"enemies":"3 Sentries","floor":7.0,"turns":10.0},{"damage":28.0,"enemies":"Gremlin Nob","floor":11.0,"turns":5.0},{"damage":0.0,"enemies":"3 Sentries","floor":12.0,"turns":12.0},{"damage":0.0,"enemies":"Looter","floor":14.0,"turns":2.0},{"damage":39,"enemies":"Hexaghost","floor":16,"turns":14}],"seed_played":"3937731873810541418","potions_obtained":[{"floor":2.0,"key":"Weak Potion"},{"floor":7.0,"key":"HeartOfIron"},{"floor":12.0,"key":"SteroidPotion"}],"is_trial":false,"path_per_floor":["M","M","$","?","M","R","E","R","T","R","E","?","$","M","R","B"],"character_chosen":"IRONCLAD","items_purchased":["Offering","Dark Embrace","Frozen Eye","Dexterity Potion"],"campfire_rested":1,"item_purchase_floors":[13,13,13,13],"current_hp_per_floor":[49,42,42,42,43,43,19,39,39,39,17,30,30,36,36,0,0],"gold":139,"neow_bonus":"RANDOM_COLORLESS_2","is_daily":false,"chose_seed":false,"campfire_upgraded":3,"win_rate":0.0,"timestamp":1610217555,"path_taken":["M","M","$","?","M","R","E","R","T","R","E","?","$","M","R","BOSS"],"items_purchased_type":["Card","Card","Relic","Potion"],"build_version":"2020-12-22","purchased_purges":2,"victory":false,"max_hp_per_floor":[75,75,75,68,68,68,68,68,68,68,68,75,75,75,75,75,75],"relic_stats":{"counters":[8,58],"Golden Idol":44,"Letter Opener":[35],"obtain_stats":[{"Frozen Eye":13,"Anchor":11,"Golden Idol":4,"Strawberry":12,"Oddly Smooth Stone":7,"Letter Opener":9,"Burning Blood":0},{"Frozen Eye":6,"Anchor":5,"Golden Idol":2,"Strawberry":6,"Oddly Smooth Stone":4,"Letter Opener":4,"Burning Blood":0},{"Frozen Eye":42,"Anchor":30,"Golden Idol":9,"Strawberry":42,"Oddly Smooth Stone":25,"Letter Opener":25,"Burning Blood":0}],"Burning Blood":42},"card_choices":[{"not_picked":["Secret Technique","Mayhem"],"picked":"HandOfGreed","floor":0.0},{"not_picked":["Uppercut","Entrench"],"picked":"Second Wind","floor":1.0},{"not_picked":["Cleave","Searing Blow","Perfected Strike"],"picked":"SKIP","floor":2.0},{"not_picked":["Searing Blow","Uppercut","Blood for Blood"],"picked":"SKIP","floor":5.0},{"not_picked":["Warcry","Thunderclap","Cleave"],"picked":"SKIP","floor":7.0},{"not_picked":["True Grit","Clothesline"],"picked":"Shrug It Off","floor":11.0},{"not_picked":["Sever Soul","True Grit"],"picked":"Barricade","floor":12.0},{"not_picked":["Clash","Flex","True Grit"],"picked":"SKIP","floor":14.0}],"player_experience":3402621,"relics_obtained":[{"floor":7.0,"key":"Oddly Smooth Stone"},{"floor":9.0,"key":"Letter Opener"},{"floor":11.0,"key":"Anchor"},{"floor":12.0,"key":"Strawberry"}],"event_choices":[{"damage_healed":0.0,"max_hp_gain":0.0,"max_hp_loss":7.0,"gold_gain":0.0,"event_name":"Golden Idol","player_choice":"Lose Max HP","floor":4.0,"gold_loss":0.0,"damage_taken":0.0,"relics_obtained":["Golden Idol"]},{"damage_healed":0.0,"max_hp_gain":0.0,"max_hp_loss":0.0,"gold_gain":0.0,"event_name":"Dead Adventurer","player_choice":"Searched \u00272\u0027 times","floor":12.0,"gold_loss":0.0,"damage_taken":0.0}],"is_beta":false,"boss_relics":[],"items_purged_floors":[3,13],"is_endless":false,"potions_floor_spawned":[2,7,12,14],"killed_by":"Hexaghost","ascension_level":20}}