{"host":"gsmj583br51y3r1c","time":1610196408,"event":{"mods":["AchievementEnabler","BaseMod","Better Note","Better Third Choice","Colored Map","Dark Map","Downfall","Fiend Mod","Hermit","Highlight Path","Hubris","Infinite Spire","Marisa????????","Minty Spire (QoL Compilation)","Permanent Neow","Quick Restart","StSLib","The Bug Knight","The Cursed","The Disciple","The Marked","The Mystic","The Runesmith","The Servant 0.9.4","everything is the same but u backflip on backflip"],"gold_per_floor":[116,133,150,168,178,178,203,203,230,230,253,218,235,307,307,424,433,419,445,473,473,500,532,532,532,532,532,278,304,333,369,369,498,498,527,553,563,563],"floor_reached":37,"playtime":4694,"items_purged":["hermit:Strike_Hermit","hermit:Defend_Hermit"],"score":437,"play_id":"f66e8889-5780-49df-b3e7-0fa75f49e1ca","local_time":"20210109144648","is_ascension_mode":false,"campfire_choices":[{"floor":6.0,"key":"DIG"},{"floor":8.0,"key":"DIG"},{"floor":10.0,"key":"DIG"},{"floor":15.0,"key":"DIG"},{"floor":24.0,"key":"DIG"},{"floor":27.0,"key":"DIG"},{"floor":32.0,"key":"DIG"}],"circlet_count":0,"master_deck":["hermit:Strike_Hermit","hermit:Defend_Hermit","hermit:Defend_Hermit","hermit:Snapshot","hermit:Covet","hermit:LowProfile","hermit:Dive","hermit:Dive","hermit:Scavenge","hermit:Feint","hermit:ShadowCloak","hermit:Headshot","hermit:RoundhouseKick","hermit:FromBeyond","CurseOfTheBell","hermit:Quickdraw+1","hermit:BigShot","hermit:ShadowCloak","hermit:Gestalt+1","hermit:Reprieve+1","hermit:DeadMansHand+1","hermit:Brawl","hermit:Quickdraw","hermit:Scavenge","hermit:Dive","hermit:Scavenge","hermit:FromBeyond","hermit:Ricochet+1"],"relics":["hermit:Momento","Shovel","Pen Nib","hubris:OldNail","Potion Belt","Thread and Needle","CeramicFish","Eternal Feather","Calling Bell","Bag of Preparation","The Courier","hubris:Potato","infinitespire:Beetle Shell","Astrolabe","Bottled Flame","Boot","infinitespire:BottledMercury","Busted Crown"],"acts_visited":["Exordium","TheCity","TheBeyond"],"potions_floor_usage":[33,33],"damage_taken":[{"damage":0.0,"enemies":"Cultist","floor":1.0,"turns":3.0},{"damage":6.0,"enemies":"Jaw Worm","floor":2.0,"turns":4.0},{"damage":0.0,"enemies":"2 Louse","floor":3.0,"turns":2.0},{"damage":7.0,"enemies":"Exordium Thugs","floor":4.0,"turns":5.0},{"damage":0.0,"enemies":"Exordium Wildlife","floor":5.0,"turns":7.0},{"damage":0.0,"enemies":"2 Fungi Beasts","floor":7.0,"turns":5.0},{"damage":0.0,"enemies":"Looter","floor":11.0,"turns":3.0},{"damage":0.0,"enemies":"Blue Slaver","floor":13.0,"turns":6.0},{"damage":5.0,"enemies":"3 Sentries","floor":14.0,"turns":10.0},{"damage":12.0,"enemies":"The Guardian","floor":16.0,"turns":14.0},{"damage":19.0,"enemies":"2 Thieves","floor":18.0,"turns":5.0},{"damage":5.0,"enemies":"3 Byrds","floor":19.0,"turns":7.0},{"damage":9.0,"enemies":"3 Cultists","floor":20.0,"turns":5.0},{"damage":20.0,"enemies":"Gremlin Leader","floor":23.0,"turns":11.0},{"damage":20.0,"enemies":"Snake Plant","floor":29.0,"turns":6.0},{"damage":6.0,"enemies":"Centurion and Healer","floor":30.0,"turns":6.0},{"damage":9.0,"enemies":"Shelled Parasite and Fungi","floor":31.0,"turns":7.0},{"damage":31,"enemies":"hubris:MusketHawk","floor":33,"turns":10},{"damage":0,"enemies":"Orb Walker","floor":35,"turns":6},{"damage":27,"enemies":"3 Darklings","floor":36,"turns":7},{"damage":76,"enemies":"2 Orb Walkers","floor":37,"turns":7}],"seed_played":"4452269777449499427","potions_obtained":[{"floor":2.0,"key":"ColorlessPotion"},{"floor":4.0,"key":"AttackPotion"},{"floor":14.0,"key":"BlessingOfTheForge"},{"floor":16.0,"key":"BlessingOfTheForge"},{"floor":18.0,"key":"FearPotion"},{"floor":29.0,"key":"Guardian:BlockOnCardUsePotion"},{"floor":30.0,"key":"hermit:Tonic"}],"is_trial":false,"path_per_floor":["M","M","M","M","M","R","M","R","T","R","M","?","M","?","R","B",null,"M","M","M","?","AVR","E","R","?","T","R","$","M","M","M","R","B",null,"M","M","?"],"character_chosen":"HERMIT","items_purchased":["hermit:Brawl","hermit:Quickdraw","FairyPotion","hermit:Tonic"],"campfire_rested":0,"item_purchase_floors":[28,28,28,28],"current_hp_per_floor":[54,48,48,41,41,41,41,41,41,41,41,59,59,54,54,42,75,56,51,42,42,42,30,42,42,42,54,54,42,44,39,54,27,75,75,48,2,2],"gold":563,"neow_bonus":"ONE_RARE_RELIC","is_daily":false,"chose_seed":false,"campfire_upgraded":0,"win_rate":0.0,"timestamp":1610196408,"path_taken":["M","?","?","M","M","R","M","R","T","R","?","?","M","?","R","BOSS","M","M","M","?","AVR","E","R","?","T","R","$","M","M","M","R","BOSS","M","M","?"],"items_purchased_type":["Card","Card","Potion","Potion"],"build_version":"2020-12-22","purchased_purges":2,"victory":false,"max_hp_per_floor":[75,75,75,75,75,75,75,75,75,75,75,75,75,75,75,75,75,75,75,75,75,75,75,75,75,75,75,75,75,75,75,75,75,75,75,75,75,75],"card_choices":[{"not_picked":["hermit:TrackingShot","hermit:Shortfuse","hermit:LuckOfTheDraw"],"picked":"SKIP","floor":1.0},{"not_picked":["hermit:Vantage","hermit:HoleUp","hermit:LowProfile"],"picked":"SKIP","floor":2.0},{"not_picked":["hermit:Vantage","hermit:HoleUp"],"picked":"hermit:LowProfile","floor":2.0},{"not_picked":["hermit:Showdown","hermit:TrackingShot"],"picked":"hermit:Dive","floor":3.0},{"not_picked":["hermit:Misfire","hermit:SprayPray"],"picked":"hermit:Dive","floor":4.0},{"not_picked":["hermit:Manifest","hermit:Cheat"],"picked":"hermit:Scavenge","floor":5.0},{"not_picked":["hermit:HighCaliber","hermit:Coalescence"],"picked":"hermit:Feint","floor":7.0},{"not_picked":["hermit:Coalescence","hermit:Glare"],"picked":"hermit:ShadowCloak","floor":11.0},{"not_picked":["hermit:Snipe","hermit:Coalescence"],"picked":"hermit:Headshot","floor":13.0},{"not_picked":["hermit:HighCaliber","hermit:TrackingShot"],"picked":"hermit:RoundhouseKick","floor":14.0},{"not_picked":["hermit:FinalCanter","hermit:Adapt"],"picked":"hermit:FromBeyond","floor":16.0},{"not_picked":["hermit:HighCaliber+1","hermit:WideOpen"],"picked":"hermit:Quickdraw+1","floor":18.0},{"not_picked":["hermit:Cheat","hermit:Coalescence"],"picked":"hermit:BigShot","floor":19.0},{"not_picked":["hermit:FinalCanter","hermit:HoleUp"],"picked":"hermit:ShadowCloak","floor":20.0},{"not_picked":["hermit:DeadMansHand","hermit:Desperado","hermit:HoleUp"],"picked":"SKIP","floor":23.0},{"not_picked":["hermit:Vantage","hermit:Quickdraw"],"picked":"hermit:Scavenge","floor":29.0},{"not_picked":["hermit:Combo+1","hermit:TrackingShot"],"picked":"hermit:Dive","floor":30.0},{"not_picked":["hermit:FlashPowder","hermit:ItchyTrigger"],"picked":"hermit:Scavenge","floor":31.0},{"not_picked":["hermit:BlackWind","hermit:FatalDesire"],"picked":"hermit:FromBeyond","floor":33},{"not_picked":[],"picked":"hermit:Ricochet+1","floor":35},{"not_picked":["hermit:LowProfile+1"],"picked":"SKIP","floor":36}],"player_experience":363103,"relics_obtained":[{"floor":6.0,"key":"Pen Nib"},{"floor":8.0,"key":"hubris:OldNail"},{"floor":9.0,"key":"Potion Belt"},{"floor":10.0,"key":"Thread and Needle"},{"floor":14.0,"key":"CeramicFish"},{"floor":15.0,"key":"Eternal Feather"},{"floor":17.0,"key":"Bag of Preparation"},{"floor":17.0,"key":"The Courier"},{"floor":17.0,"key":"hubris:Potato"},{"floor":26.0,"key":"Bottled Flame"},{"floor":27.0,"key":"Boot"},{"floor":32.0,"key":"infinitespire:BottledMercury"}],"event_choices":[{"damage_healed":18.0,"max_hp_gain":0.0,"max_hp_loss":0.0,"gold_gain":0.0,"event_name":"The Cleric","player_choice":"Healed","floor":12.0,"gold_loss":35.0,"damage_taken":0.0},{"damage_healed":0.0,"max_hp_gain":0.0,"max_hp_loss":0.0,"gold_gain":0.0,"event_name":"Dead Adventurer","player_choice":"Searched \u00271\u0027 times","floor":14.0,"gold_loss":0.0,"damage_taken":0.0},{"cards_removed":["hermit:Strike_Hermit"],"damage_healed":0.0,"max_hp_gain":0.0,"max_hp_loss":0.0,"gold_gain":0.0,"event_name":"betterNote:BetterNote","player_choice":"Give","floor":21.0,"gold_loss":0.0,"damage_taken":0.0,"cards_obtained":["hermit:Strike_Hermit"]},{"damage_healed":0.0,"max_hp_gain":0.0,"max_hp_loss":0.0,"gold_gain":0.0,"event_name":"Ghosts","player_choice":"Ignored","floor":25.0,"gold_loss":0.0,"damage_taken":0.0},{"damage_healed":0,"gold_gain":0,"player_choice":"Fight","damage_taken":0,"max_hp_gain":0,"max_hp_loss":0,"event_name":"Mysterious Sphere","floor":37,"gold_loss":0}],"is_beta":false,"boss_relics":[{"not_picked":["hermit:DentedPlate","hubris:BlackHole"],"picked":"Calling Bell"},{"not_picked":["hubris:CrackedHourglass","Empty Cage"],"picked":"Busted Crown"}],"items_purged_floors":[22,28],"is_endless":false,"potions_floor_spawned":[2,4,14,16,18,29,30],"killed_by":"2 Orb Walkers","ascension_level":0}}