{"host":"Rich","time":1610160449,"event":{"mods":["AchievementEnabler","BaseMod","Highlight Path","Minty Spire (QoL Compilation)","Relic Stats"],"gold_per_floor":[119,269,269,279,290,316,316,327,353,353,366,366,366,400,400,479,479,496,507,30,48,98,98,98,98],"floor_reached":24,"playtime":761,"items_purged":["Strike_B"],"score":408,"play_id":"22435cb6-9b0e-4112-8fa3-02c5ac30e0f8","local_time":"20210108214729","is_ascension_mode":true,"campfire_choices":[{"data":"Tempest","floor":7.0,"key":"SMITH"},{"data":"Zap","floor":15.0,"key":"SMITH"},{"floor":23.0,"key":"REST"}],"circlet_count":0,"master_deck":["AscendersBane","Strike_B","Strike_B","Defend_B","Defend_B","Defend_B","Zap+1","Dualcast","Sunder+1","Self Repair","Tempest+1","Conserve Battery","Capacitor","Compile Driver","Thunder Strike","Coolheaded","White Noise+1","Loop","Meteor Strike","Machine Learning"],"relics":["Velvet Choker","Bronze Scales","Bag of Preparation","Nunchaku","Black Star","CeramicFish","Omamori"],"acts_visited":["Exordium","TheCity"],"potions_floor_usage":[],"damage_taken":[{"damage":7.0,"enemies":"Cultist","floor":1.0,"turns":4.0},{"damage":1.0,"enemies":"2 Louse","floor":4.0,"turns":3.0},{"damage":8.0,"enemies":"Small Slimes","floor":5.0,"turns":2.0},{"damage":29.0,"enemies":"Lagavulin","floor":6.0,"turns":6.0},{"damage":8.0,"enemies":"3 Louse","floor":8.0,"turns":2.0},{"damage":1.0,"enemies":"Exordium Wildlife","floor":11.0,"turns":3.0},{"damage":5.0,"enemies":"3 Sentries","floor":14.0,"turns":3.0},{"damage":32.0,"enemies":"Slime Boss","floor":16.0,"turns":7.0},{"damage":8.0,"enemies":"Chosen","floor":18.0,"turns":5.0},{"damage":22.0,"enemies":"3 Byrds","floor":19.0,"turns":3.0},{"damage":69,"enemies":"Slavers","floor":24,"turns":5}],"seed_played":"-6854200970318723910","potions_obtained":[{"floor":1.0,"key":"CultistPotion"},{"floor":5.0,"key":"SneckoOil"},{"floor":11.0,"key":"DistilledChaos"}],"is_trial":false,"path_per_floor":["M","?","?","M","M","E","R","M","T","?","M","?","?","E","R","B",null,"M","M","$","?","?","R","E"],"character_chosen":"DEFECT","items_purchased":["CeramicFish","Loop","Omamori"],"campfire_rested":1,"item_purchase_floors":[20,20,20],"current_hp_per_floor":[57,57,57,56,55,33,33,32,32,32,38,38,61,63,63,38,63,62,47,47,47,47,68,0,0],"gold":98,"neow_bonus":"BOSS_RELIC","is_daily":false,"chose_seed":false,"campfire_upgraded":2,"win_rate":0.0,"timestamp":1610160449,"path_taken":["M","?","?","?","M","E","R","M","T","?","M","?","?","E","R","BOSS","M","M","$","?","?","R","E"],"items_purchased_type":["Relic","Card","Relic"],"build_version":"2020-12-18","purchased_purges":1,"victory":false,"max_hp_per_floor":[71,71,71,71,71,71,71,71,71,71,71,71,71,71,71,71,71,71,71,71,71,71,71,71,71],"relic_stats":{"Nunchaku":[2],"counters":[11,43],"Bronze Scales":[98],"CeramicFish":27,"Bag of Preparation":[12],"Black Star":0,"obtain_stats":[{"Nunchaku":14,"Bronze Scales":6,"CeramicFish":20,"Velvet Choker":0,"Bag of Preparation":9,"Black Star":17,"Omamori":20,"Cracked Core":0},{"Nunchaku":7,"Bronze Scales":4,"CeramicFish":10,"Velvet Choker":0,"Bag of Preparation":5,"Black Star":8,"Omamori":10,"Cracked Core":0},{"Nunchaku":23,"Bronze Scales":15,"CeramicFish":38,"Velvet Choker":0,"Bag of Preparation":17,"Black Star":30,"Omamori":38,"Cracked Core":0}]},"card_choices":[{"not_picked":["Hologram","Rebound"],"picked":"Sunder","floor":1.0},{"not_picked":["Beam Cell","Gash"],"picked":"Self Repair","floor":4.0},{"not_picked":["Sweeping Beam","Barrage","Coolheaded"],"picked":"SKIP","floor":5.0},{"not_picked":["Redo","Static Discharge"],"picked":"Tempest","floor":6.0},{"not_picked":["Steam","Coolheaded"],"picked":"Conserve Battery","floor":8.0},{"not_picked":["Conserve Battery","Turbo"],"picked":"Capacitor","floor":11.0},{"not_picked":["Hologram","Hello World"],"picked":"Compile Driver","floor":14.0},{"not_picked":["Creative AI","Fission"],"picked":"Thunder Strike","floor":16.0},{"not_picked":["Barrage","Conserve Battery+1"],"picked":"Coolheaded","floor":18.0},{"not_picked":["Rebound","Hologram+1"],"picked":"White Noise+1","floor":19.0}],"player_experience":1978696,"relics_obtained":[{"floor":6.0,"key":"Bronze Scales"},{"floor":9.0,"key":"Bag of Preparation"},{"floor":14.0,"key":"Nunchaku"}],"event_choices":[{"damage_healed":0.0,"max_hp_gain":0.0,"max_hp_loss":0.0,"gold_gain":150.0,"event_name":"Liars Game","player_choice":"AGREE","floor":2.0,"gold_loss":0.0,"damage_taken":0.0,"cards_obtained":["Doubt"]},{"damage_healed":0.0,"max_hp_gain":0.0,"max_hp_loss":0.0,"gold_gain":0.0,"event_name":"Upgrade Shrine","player_choice":"Upgraded","floor":3.0,"gold_loss":0.0,"damage_taken":0.0,"cards_upgraded":["Sunder"]},{"damage_healed":0.0,"max_hp_gain":0.0,"max_hp_loss":0.0,"gold_gain":0.0,"event_name":"Shining Light","player_choice":"Ignored","floor":10.0,"gold_loss":0.0,"damage_taken":0.0},{"cards_removed":["Doubt"],"damage_healed":0.0,"max_hp_gain":0.0,"max_hp_loss":0.0,"gold_gain":0.0,"event_name":"Living Wall","player_choice":"Forget","floor":12.0,"gold_loss":0.0,"damage_taken":0.0},{"damage_healed":23.0,"max_hp_gain":0.0,"max_hp_loss":0.0,"gold_gain":0.0,"event_name":"Big Fish","player_choice":"Banana","floor":13.0,"gold_loss":0.0,"damage_taken":0.0},{"damage_healed":0.0,"max_hp_gain":0.0,"max_hp_loss":0.0,"gold_gain":0.0,"cards_transformed":["Strike_B","Defend_B"],"event_name":"Drug Dealer","player_choice":"Became Test Subject","floor":21.0,"gold_loss":0.0,"damage_taken":0.0,"cards_obtained":["Meteor Strike","Machine Learning"]},{"damage_healed":0.0,"max_hp_gain":0.0,"max_hp_loss":0.0,"gold_gain":50.0,"event_name":"Nest","player_choice":"Stole From Cult","floor":22.0,"gold_loss":0.0,"damage_taken":0.0}],"is_beta":true,"boss_relics":[{"not_picked":["Calling Bell","Fusion Hammer"],"picked":"Black Star"}],"items_purged_floors":[20],"is_endless":false,"potions_floor_spawned":[1,5,11],"killed_by":"Slavers","ascension_level":20}}