{"host":"pi8b3ffzwvxqztac","time":1610229512,"event":{"mods":["BaseMod","Colored Map","Downfall","Minty Spire (QoL Compilation)","StSLib"],"gold_per_floor":[199,210,275,290,304,304,359,284,284,284,314,314,325,325,335,411,411,411,426,442,456,456,486,486,505,505,272,272,122,136,156,175,254,254,254,254,269,56,67,67,147,19,19,35,49,49,49,49,65,65,65,91,13,13,13],"floor_reached":56,"playtime":4120,"items_purged":["hexamod:RadiantFlame+1"],"score":1735,"play_id":"3508b262-b9b6-4672-a174-18c0f5afa0f8","local_time":"20210110105832","is_ascension_mode":true,"campfire_choices":[{"floor":1,"key":"RECALL"},{"floor":8,"key":"REST"},{"data":"hexamod:Float","floor":10,"key":"SMITH"},{"data":"hexamod:ThermalTransfer","floor":12,"key":"SMITH"},{"data":"hexamod:ApocalypticArmor","floor":18,"key":"SMITH"},{"floor":29,"key":"REST"},{"data":"hexamod:GhostLash","floor":35,"key":"SMITH"},{"data":"hexamod:GiftsFromTheDead","floor":40,"key":"SMITH"},{"data":"expansioncontent:DashGenerateEvil","floor":43,"key":"SMITH"},{"data":"hexamod:StepThrough","floor":47,"key":"SMITH"},{"data":"hexamod:SpectersWail","floor":54,"key":"SMITH"}],"circlet_count":0,"master_deck":["AscendersBane","hexamod:Strike","hexamod:Strike","hexamod:Strike","hexamod:Defend","hexamod:Defend","hexamod:Defend","hexamod:Sear","hexamod:Float+1","hexamod:ThermalTransfer+1","hexamod:GiftsFromTheDead+1","hexamod:GhostflameBarrier+1","hexamod:SpectersWail","hexamod:PhantomCloak","hexamod:ApocalypticArmor+1","hexamod:GhostLash+1","hexamod:GhostOfSpireFuture","hexamod:GhostShield+1","hexamod:EtherealExpedition+1","hexamod:GhostShield+1","hexamod:UnlimitedPower+1","hexamod:EmpoweredFlame","hexamod:ApocalypticArmor+1","hexamod:GhostLash+1","hexamod:NightmareGuise+1","hexamod:GiftsFromTheDead+1","CurseOfTheBell","hexamod:SpectersWail+1","hexamod:EtherealExpedition+1","hexamod:SoulSteal+1","hexamod:StepThrough+1","hexamod:FlamesFromBeyond+1","hexamod:GhostShield+1","hexamod:StepThrough","expansioncontent:DashGenerateEvil+1","hexamod:AdvancingGuard+1","expansioncontent:Chronoboost+1","hexamod:PowerFromBeyond+1","hexamod:StepThrough"],"relics":["hexamod:SpiritBrand","Guardian:PocketSentry","Vajra","downfall:HeartBlessingRed","Pantograph","Toxic Egg 2","WarpedTongs","Empty Cage","PreservedInsect","MutagenicStrength","DollysMirror","Frozen Egg 2","downfall:HeartBlessingGreen","downfall:HeartBlessingBlue","Calling Bell","Potion Belt","White Beast Statue","WingedGreaves","Bottled Flame","MealTicket","Strawberry"],"acts_visited":["Exordium","TheCity","TheBeyond","TheEnding"],"potions_floor_usage":[11,23,30,31,39,39,50,52,55],"damage_taken":[{"damage":0,"enemies":"2 Louse","floor":2,"turns":3},{"damage":40,"enemies":"Gremlin Nob","floor":3,"turns":5},{"damage":0,"enemies":"Small Slimes","floor":4,"turns":3},{"damage":0,"enemies":"Jaw Worm","floor":5,"turns":3},{"damage":6,"enemies":"Gremlin Nob","floor":11,"turns":3},{"damage":3,"enemies":"Large Slime","floor":13,"turns":5},{"damage":2,"enemies":"Gremlin Gang","floor":15,"turns":3},{"damage":48,"enemies":"downfall:Defect","floor":16,"turns":10},{"damage":3,"enemies":"Spheric Guardian","floor":19,"turns":5},{"damage":6,"enemies":"Cultist and Chosen","floor":20,"turns":4},{"damage":21,"enemies":"Shelled Parasite and Fungi","floor":21,"turns":5},{"damage":6,"enemies":"Book of Stabbing","floor":23,"turns":8},{"damage":16,"enemies":"3 Cultists","floor":25,"turns":5},{"damage":0,"enemies":"downfall:FleeingMerchant","floor":27,"turns":4},{"damage":6,"enemies":"Snake Plant","floor":30,"turns":3},{"damage":0,"enemies":"Centurion and Healer","floor":31,"turns":4},{"damage":22,"enemies":"3 Cultists","floor":32,"turns":7},{"damage":23,"enemies":"downfall:Silent","floor":33,"turns":9},{"damage":0,"enemies":"3 Shapes","floor":37,"turns":5},{"damage":0,"enemies":"downfall:FleeingMerchant","floor":38,"turns":4},{"damage":20,"enemies":"3 Darklings","floor":39,"turns":6},{"damage":0,"enemies":"downfall:FleeingMerchant","floor":42,"turns":3},{"damage":6,"enemies":"4 Shapes","floor":44,"turns":5},{"damage":17,"enemies":"Maw","floor":45,"turns":8},{"damage":0,"enemies":"Spire Growth","floor":49,"turns":5},{"damage":17,"enemies":"downfall:Ironclad","floor":50,"turns":12},{"damage":10,"enemies":"downfall:CharBossMerchant","floor":52,"turns":7},{"damage":24,"enemies":"downfall:NeowBoss","floor":55,"turns":24}],"seed_played":"4275480106596153142","potions_obtained":[{"floor":5,"key":"Energy Potion"},{"floor":13,"key":"Strength Potion"},{"floor":23,"key":"FairyPotion"},{"floor":25,"key":"Energy Potion"},{"floor":30,"key":"SneckoOil"},{"floor":33,"key":"ColorlessPotion"},{"floor":37,"key":"Regen Potion"},{"floor":38,"key":"AttackPotion"},{"floor":39,"key":"Fire Potion"},{"floor":42,"key":"DistilledChaos"},{"floor":44,"key":"GamblersBrew"},{"floor":45,"key":"Slimebound:ThreeZeroPotion"},{"floor":52,"key":"Fire Potion"}],"is_trial":false,"path_per_floor":["R","M","?","M","M","?","T","R","T","R","E","R","M","?","M","B",null,"R","M","M","M","?","E","T","M","?","$","T","R","M","M","M","B",null,"R","?","M","$","M","R","T","$","R","M","M","$","R","?","M","B",null,"E","$","R","B",null],"character_chosen":"THE_SPIRIT","items_purchased":["hexamod:EmpoweredFlame","DollysMirror","hexamod:SoulSteal+1","hexamod:StepThrough","hexamod:FlamesFromBeyond+1","hexamod:StepThrough","expansioncontent:DashGenerateEvil","MealTicket","hexamod:StepThrough"],"campfire_rested":2,"item_purchase_floors":[27,27,38,38,38,42,42,42,53],"current_hp_per_floor":[57,57,17,17,17,17,17,35,35,35,29,29,26,26,24,1,48,48,45,39,18,18,12,12,18,18,18,18,49,43,43,21,23,61,61,61,61,61,55,55,55,55,55,49,32,47,47,47,47,55,69,66,80,80,56],"gold":13,"neow_bonus":"HUNDRED_GOLD","is_daily":false,"chose_seed":false,"campfire_upgraded":8,"win_rate":0.0,"timestamp":1610229512,"path_taken":["R","M","?","M","M","?","T","R","?","R","E","R","M","?","M","BOSS","R","M","M","?","?","E","T","M","?","?","?","R","M","M","M","BOSS","R","?","M","?","?","R","T","$","R","M","M","$","R","?","M","BOSS","E","$","R","BOSS"],"items_purchased_type":["Card","Relic","Card","Card","Card","Card","Card","Relic","Card"],"build_version":"2020-12-22","purchased_purges":1,"victory":true,"max_hp_per_floor":[63,63,63,63,63,63,63,63,63,63,63,63,63,63,63,63,63,63,63,63,63,63,63,63,63,63,63,63,73,73,73,73,73,73,73,73,73,73,73,73,73,73,73,73,73,73,73,73,73,73,73,80,80,80,80],"card_choices":[{"not_picked":["hexamod:ShieldOfDarkness","hexamod:InspiringFlames","hexamod:GhostOfSpirePresent"],"picked":"SKIP","floor":2},{"not_picked":["hexamod:SwordOfDarkness","hexamod:GhostflameBarrier"],"picked":"hexamod:ThermalTransfer","floor":3},{"not_picked":["hexamod:FourthSeal","hexamod:BacktrackSmack","hexamod:ExtraCrispy"],"picked":"SKIP","floor":4},{"not_picked":["hexamod:SuperheatedStrike","hexamod:NightmareGuise"],"picked":"hexamod:GiftsFromTheDead","floor":5},{"not_picked":["hexamod:RainOfEmbers","hexamod:PhantomCloak"],"picked":"hexamod:GhostflameBarrier+1","floor":11},{"not_picked":["hexamod:AdvancingGuard+1","hexamod:NightmareGuise+1"],"picked":"hexamod:SpectersWail","floor":13},{"not_picked":["hexamod:Incineration","hexamod:ChargedBarrage+1"],"picked":"hexamod:PhantomCloak","floor":15},{"not_picked":["hexamod:ParanormalForm","hexamod:SearingWound+1"],"picked":"hexamod:ApocalypticArmor","floor":16},{"not_picked":["hexamod:SwordOfDarkness+1","hexamod:SoulSteal+1"],"picked":"hexamod:GhostLash+1","floor":19},{"not_picked":["hexamod:NightmareGuise+1","hexamod:RainOfEmbers"],"picked":"hexamod:GhostOfSpireFuture","floor":20},{"not_picked":["hexamod:GhostLash","hexamod:RecurringNightmare+1"],"picked":"hexamod:GhostShield+1","floor":21},{"not_picked":["hexamod:ThermalTransfer","hexamod:HauntingEcho"],"picked":"hexamod:EtherealExpedition+1","floor":23},{"not_picked":["hexamod:NightmareStrike","hexamod:ThermalTransfer"],"picked":"hexamod:GhostShield+1","floor":25},{"not_picked":["hexamod:SkipABeat+1","hexamod:Rewind+1"],"picked":"hexamod:UnlimitedPower+1","floor":27},{"not_picked":["hexamod:HeatShield+1","hexamod:SwordOfDarkness"],"picked":"hexamod:RadiantFlame+1","floor":30},{"not_picked":["hexamod:GhostShield+1","hexamod:NightmareStrike"],"picked":"hexamod:GhostLash","floor":31},{"not_picked":["hexamod:Firestarter+1","hexamod:ShieldOfDarkness+1"],"picked":"hexamod:NightmareGuise+1","floor":32},{"not_picked":["hexamod:SixthSeal","hexamod:TimeOfNeed+1"],"picked":"hexamod:GiftsFromTheDead+1","floor":33},{"not_picked":["hexamod:NightmareStrike","hexamod:GhostShield+1"],"picked":"hexamod:SpectersWail","floor":37},{"not_picked":["hexamod:BacktrackSmack","hexamod:InspiringFlames+1"],"picked":"hexamod:EtherealExpedition+1","floor":38},{"not_picked":["hexamod:SoulSteal+1","hexamod:ThirdSeal","hexamod:SkipABeat+1"],"picked":"SKIP","floor":39},{"not_picked":["hexamod:GhostOfSpirePast+1","hexamod:InspiringFlames+1"],"picked":"hexamod:GhostShield+1","floor":42},{"not_picked":["hexamod:SwordOfDarkness+1","hexamod:SecondSeal"],"picked":"hexamod:AdvancingGuard+1","floor":44},{"not_picked":["hexamod:ShieldOfDarkness+1","hexamod:InspiringFlames+1","hexamod:SwordOfDarkness"],"picked":"SKIP","floor":45},{"not_picked":["expansioncontent:DefensiveStance+1","expansioncontent:PrepareCrush+1"],"picked":"expansioncontent:Chronoboost+1","floor":48},{"not_picked":["hexamod:ThermalTransfer","hexamod:BurningTouch+1","hexamod:AdvancingGuard+1"],"picked":"SKIP","floor":49},{"not_picked":["hexamod:GhostOfSpirePresent+1","hexamod:HauntingEcho"],"picked":"hexamod:PowerFromBeyond+1","floor":52}],"player_experience":491082,"relics_obtained":[{"floor":7,"key":"Vajra"},{"floor":9,"key":"Pantograph"},{"floor":11,"key":"Toxic Egg 2"},{"floor":23,"key":"PreservedInsect"},{"floor":28,"key":"Frozen Egg 2"},{"floor":34,"key":"Potion Belt"},{"floor":34,"key":"White Beast Statue"},{"floor":34,"key":"WingedGreaves"},{"floor":41,"key":"Bottled Flame"},{"floor":52,"key":"Strawberry"}],"event_choices":[{"damage_healed":0,"gold_gain":0,"player_choice":"Rummage","damage_taken":0,"relics_obtained":["WarpedTongs"],"max_hp_gain":0,"max_hp_loss":0,"event_name":"Accursed Blacksmith","floor":14,"gold_loss":0,"cards_obtained":["Pain"]},{"damage_healed":0,"gold_gain":0,"player_choice":"Inject Mutagens","damage_taken":0,"relics_obtained":["MutagenicStrength"],"max_hp_gain":0,"max_hp_loss":0,"event_name":"Drug Dealer","floor":26,"gold_loss":0}],"is_beta":false,"boss_relics":[{"not_picked":["Fusion Hammer","Sozu"],"picked":"Empty Cage"},{"not_picked":["SacredBark","SlaversCollar"],"picked":"Calling Bell"}],"items_purged_floors":[42],"is_endless":false,"potions_floor_spawned":[5,13,23,25,30,33,37,38,39,42,44,45,49,52],"ascension_level":14}}