{"host":"ct28ocsd8g8yr2ah","time":1610215514,"event":{"mods":["BaseMod","Better Third Choice","Hermit","Marisa????????","Minty Spire (QoL Compilation)","Remilia??????","StSLib","The Animator","The Gatherer","The Servant 0.9.4","Waifu the Spire"],"gold_per_floor":[119,145,145,175,48,82,82,13,13,25,25,45,45,61,61,165,165,182,195,207,207,233,233,270,270,270,284,25,44,44,44],"floor_reached":30,"playtime":1047,"items_purged":["animator:Strike","animator:Strike"],"score":254,"play_id":"7e06adc4-25bf-43fb-ac69-7a0e7ddbb392","local_time":"20210109230514","is_ascension_mode":false,"campfire_choices":[{"floor":7,"key":"REST"},{"floor":13,"key":"REST"},{"data":"animator:Emonzaemon","floor":15,"key":"SMITH"},{"floor":23,"key":"REST"},{"floor":25,"key":"REST"}],"circlet_count":0,"master_deck":["animator:Strike_Overlord","animator:Defend_Overlord","animator:Defend+1","animator:Defend","animator:Defend","animator:Cocytus","animator:Demiurge","animator:Viivi","animator:Kuribayashi+1","animator:Biyorigo","animator:Emonzaemon+1","animator:Azekura","animator:Togame","animator:YuiTsuruno","animator:Kyubey","animator:SayakaMiki","animator:Emonzaemon","animator:Kuribayashi+1","animator:Shalltear+1","animator:TsurugaMeisai","animator:ChaikaTrabant"],"relics":["animator:LivingPicture","animator:TheMissingPiece","Omamori","Vajra","animator:CursedBlade","TungstenRod","Blood Vial","Bag of Marbles"],"acts_visited":["Exordium","TheCity"],"potions_floor_usage":[6,10,16,19,20],"damage_taken":[{"damage":6,"enemies":"Small Slimes","floor":1,"turns":4},{"damage":1,"enemies":"Cultist","floor":2,"turns":4},{"damage":0,"enemies":"2 Louse","floor":4,"turns":2},{"damage":28,"enemies":"Gremlin Nob","floor":6,"turns":4},{"damage":0,"enemies":"Looter","floor":10,"turns":2},{"damage":13,"enemies":"Blue Slaver","floor":12,"turns":3},{"damage":4,"enemies":"Exordium Wildlife","floor":14,"turns":2},{"damage":17,"enemies":"Slime Boss","floor":16,"turns":8},{"damage":0,"enemies":"3 Byrds","floor":18,"turns":2},{"damage":3,"enemies":"2 Thieves","floor":19,"turns":3},{"damage":20,"enemies":"Snake Plant","floor":20,"turns":2},{"damage":11,"enemies":"Shelled Parasite and Fungi","floor":22,"turns":4},{"damage":36,"enemies":"Book of Stabbing","floor":24,"turns":6},{"damage":33,"enemies":"Sentry and Sphere","floor":27,"turns":10},{"damage":2,"enemies":"Cultist and Chosen","floor":29,"turns":4},{"damage":8,"enemies":"Chosen and Byrds","floor":30,"turns":4}],"seed_played":"4740613103590251317","potions_obtained":[{"floor":2,"key":"Block Potion"},{"floor":4,"key":"ColorlessPotion"},{"floor":14,"key":"CultistPotion"},{"floor":18,"key":"SkillPotion"},{"floor":19,"key":"PowerPotion"},{"floor":20,"key":"Energy Potion"}],"is_trial":false,"path_per_floor":["M","M","?","M","$","E","R","$","T","M","$","M","R","M","R","B",null,"M","M","M","?","M","R","E","R","T","M","$","M","M"],"character_chosen":"THE_ANIMATOR","items_purchased":["animator:Emonzaemon","animator:Togame","animator:ChaikaTrabant"],"campfire_rested":4,"item_purchase_floors":[5,8,28],"current_hp_per_floor":[60,59,46,46,46,19,39,39,39,39,39,26,46,42,42,25,67,67,64,44,44,33,53,17,37,37,6,6,6,0,0],"gold":44,"neow_bonus":"REMOVE_CARD","is_daily":false,"chose_seed":false,"campfire_upgraded":1,"win_rate":0.0,"timestamp":1610215514,"path_taken":["M","M","?","M","$","E","R","$","T","M","$","M","R","M","R","BOSS","M","M","M","?","M","R","E","R","T","M","$","?","M"],"items_purchased_type":["Card","Card","Card"],"build_version":"2020-12-22","purchased_purges":2,"victory":false,"max_hp_per_floor":[66,66,66,66,66,67,67,67,67,67,67,67,67,67,67,67,67,67,67,67,67,67,67,67,67,67,67,67,67,67,67],"card_choices":[{"not_picked":["animator:Emonzaemon","animator:ZankiKiguchi"],"picked":"animator:Viivi","floor":1},{"not_picked":["animator:Tyuule","animator:Aqua"],"picked":"animator:Kuribayashi","floor":2},{"not_picked":["animator:SuzuneAmano","animator:YuiTsuruno"],"picked":"animator:Biyorigo","floor":4},{"not_picked":["animator:ZankiKiguchi","animator:Nanami"],"picked":"animator:Azekura","floor":6},{"not_picked":["animator:Kazuma","animator:Mikaela","animator:Azekura"],"picked":"SKIP","floor":10},{"not_picked":["animator:Cocytus","animator:UneriGinkaku"],"picked":"animator:YuiTsuruno","floor":12},{"not_picked":["animator:ChaikaBohdan","animator:CrowleyEusford","animator:Entoma"],"picked":"SKIP","floor":14},{"not_picked":["animator:PinaCoLada","animator:Biyorigo"],"picked":"animator:Kyubey","floor":16},{"not_picked":["animator:YuiTsuruno","animator:OrikoMikuni"],"picked":"animator:SayakaMiki","floor":18},{"not_picked":["animator:Sebas+1","animator:Verdia"],"picked":"animator:Emonzaemon","floor":19},{"not_picked":["animator:YachiyoNanami","animator:Layla"],"picked":"animator:Kuribayashi+1","floor":20},{"not_picked":["animator:Vanir+1","animator:Wiz"],"picked":"animator:Shalltear+1","floor":22},{"not_picked":["animator:UneriGinkaku","animator:Biyorigo"],"picked":"animator:TsurugaMeisai","floor":24},{"not_picked":["animator:Konayuki","animator:Shinoa","animator:CrowleyEusford+1"],"picked":"SKIP","floor":27},{"not_picked":["animator:Entoma","animator:Layla","animator:Cocytus"],"picked":"SKIP","floor":29}],"player_experience":520859,"relics_obtained":[{"floor":6,"key":"Omamori"},{"floor":9,"key":"Vajra"},{"floor":24,"key":"Blood Vial"},{"floor":26,"key":"Bag of Marbles"}],"event_choices":[{"damage_healed":59,"gold_gain":0,"player_choice":"Upgrade","damage_taken":13,"max_hp_gain":0,"max_hp_loss":66,"event_name":"betterThird:BetterShining","floor":3,"gold_loss":0,"cards_upgraded":["animator:Kuribayashi","animator:Defend"]},{"damage_healed":0,"gold_gain":0,"player_choice":"Gave Potion","damage_taken":0,"relics_obtained":["TungstenRod"],"max_hp_gain":0,"max_hp_loss":0,"event_name":"WeMeetAgain","floor":21,"gold_loss":0}],"is_beta":false,"boss_relics":[{"not_picked":["Calling Bell","Empty Cage"],"picked":"animator:CursedBlade"}],"items_purged_floors":[5,28],"is_endless":false,"potions_floor_spawned":[2,4,14,18,19,20],"killed_by":"Chosen and Byrds","ascension_level":0}}