{"host":"9d9dhukr2jywmy0f","time":1610215055,"event":{"mods":["2.2 Compatiblity","Alarm Clock","BaseMod","Bestiary","Block Reminder","Colored Map","Colored Powertips","Curses Come First","DeckTracker","Energized Spire","Highlight Path","Key Reminder","Minty Spire (QoL Compilation)","Quick Restart","Rare Cards Sparkle","Relic Sorter","Relic Stats","Spire Birthday Party","StSLib","SuperFastMode","Synergy Search","Unceasing Turn Reminder","Unknown Chances"],"gold_per_floor":[110,124,136,136,155,180,180,212,212,112,187,187,87,104,104,178,178,189,22,34,84,84,84,108,108,108,108,108],"floor_reached":27,"playtime":659,"items_purged":["Strike_B","Strike_B"],"score":438,"play_id":"6fa418f9-eee2-4bc9-8420-fd412116bab5","local_time":"20210110015735","is_ascension_mode":true,"campfire_choices":[{"data":"Zap","floor":7.0,"key":"SMITH"},{"floor":15.0,"key":"REST"},{"floor":23.0,"key":"REST"}],"circlet_count":0,"master_deck":["AscendersBane","Strike_B+1","Defend_B+1","Defend_B+1","Defend_B+1","Defend_B+1","Zap+1","Dualcast","Rip and Tear","Streamline","Turbo","Ball Lightning","Ball Lightning","Coolheaded","Defragment","Biased Cognition"],"relics":["Cracked Core","NeowsBlessing","Blood Vial","Ginger","keyreminder:keyreminder","Philosopher\u0027s Stone","Oddly Smooth Stone","Torii"],"acts_visited":["Exordium","TheCity"],"potions_floor_usage":[27],"damage_taken":[{"damage":0.0,"enemies":"Cultist","floor":1.0,"turns":1.0},{"damage":0.0,"enemies":"Jaw Worm","floor":2.0,"turns":1.0},{"damage":0.0,"enemies":"Small Slimes","floor":3.0,"turns":1.0},{"damage":2.0,"enemies":"2 Fungi Beasts","floor":5.0,"turns":2.0},{"damage":11.0,"enemies":"Gremlin Nob","floor":6.0,"turns":3.0},{"damage":35.0,"enemies":"3 Sentries","floor":8.0,"turns":7.0},{"damage":4.0,"enemies":"3 Louse","floor":14.0,"turns":3.0},{"damage":26.0,"enemies":"The Guardian","floor":16.0,"turns":11.0},{"damage":22.0,"enemies":"3 Byrds","floor":18.0,"turns":3.0},{"damage":22.0,"enemies":"Shell Parasite","floor":20.0,"turns":2.0},{"damage":13,"enemies":"Gremlin Leader","floor":27,"turns":7}],"seed_played":"870649472452096011","potions_obtained":[{"floor":1.0,"key":"SkillPotion"},{"floor":3.0,"key":"SteroidPotion"},{"floor":16.0,"key":"PowerPotion"},{"floor":20.0,"key":"ColorlessPotion"}],"is_trial":false,"path_per_floor":["M","M","M","?","M","E","R","E","T","$","?","?","$","M","R","B",null,"M","$","M","?","?","R","T","?","T","E"],"character_chosen":"DEFECT","items_purchased":["Coolheaded","Biased Cognition"],"campfire_rested":2,"item_purchase_floors":[10,19],"current_hp_per_floor":[64,64,64,64,62,51,51,18,18,18,7,7,7,5,26,2,54,34,34,14,14,14,35,35,29,29,18,18],"gold":108,"neow_bonus":"THREE_ENEMY_KILL","is_daily":false,"chose_seed":false,"campfire_upgraded":1,"win_rate":0.0,"timestamp":1610215055,"path_taken":["M","M","?","?","?","E","R","E","T","?","?","?","$","M","R","BOSS","M","$","M","?","?","R","?","?","T","E"],"items_purchased_type":["Card","Card"],"build_version":"2020-11-30","purchased_purges":2,"victory":false,"max_hp_per_floor":[71,71,71,71,71,71,71,71,71,71,71,71,71,71,71,71,71,71,71,71,71,71,71,71,71,71,71,71],"relic_stats":{"Blood Vial":12,"Torii":8,"counters":[11,41],"Ginger":[7],"obtain_stats":[{"Blood Vial":6,"keyreminder:keyreminder":9,"NeowsBlessing":0,"Torii":26,"Oddly Smooth Stone":24,"Philosopher\u0027s Stone":17,"Ginger":8,"Cracked Core":0},{"Blood Vial":5,"keyreminder:keyreminder":6,"NeowsBlessing":0,"Torii":10,"Oddly Smooth Stone":10,"Philosopher\u0027s Stone":8,"Ginger":6,"Cracked Core":0},{"Blood Vial":8,"keyreminder:keyreminder":15,"NeowsBlessing":0,"Torii":34,"Oddly Smooth Stone":34,"Philosopher\u0027s Stone":29,"Ginger":15,"Cracked Core":0}]},"card_choices":[{"not_picked":["Rebound","Heatsinks"],"picked":"Rip and Tear","floor":1.0},{"not_picked":["Steam","Consume"],"picked":"Streamline","floor":2.0},{"not_picked":["Loop","Barrage","Chaos"],"picked":"SKIP","floor":3.0},{"not_picked":["Double Energy","White Noise"],"picked":"Turbo","floor":5.0},{"not_picked":["Steam","Auto Shields"],"picked":"Ball Lightning","floor":6.0},{"not_picked":["Gash","Beam Cell"],"picked":"Ball Lightning","floor":8.0},{"not_picked":["Coolheaded","Chill"],"picked":"Defragment","floor":14.0},{"not_picked":["Conserve Battery","Leap","Hologram"],"picked":"SKIP","floor":18.0},{"not_picked":["Lockon","Ball Lightning","Force Field"],"picked":"SKIP","floor":20.0}],"player_experience":799965,"relics_obtained":[{"floor":6.0,"key":"Blood Vial"},{"floor":8.0,"key":"Ginger"},{"floor":24.0,"key":"Oddly Smooth Stone"},{"floor":26.0,"key":"Torii"}],"event_choices":[{"cards_removed":["Strike_B"],"damage_healed":0.0,"max_hp_gain":0.0,"max_hp_loss":0.0,"gold_gain":0.0,"event_name":"Bonfire Elementals","player_choice":"Offered Basic","floor":4.0,"gold_loss":0.0,"damage_taken":0.0},{"damage_healed":0.0,"max_hp_gain":0.0,"max_hp_loss":0.0,"gold_gain":75.0,"event_name":"World of Goop","player_choice":"Gather Gold","floor":11.0,"gold_loss":0.0,"damage_taken":11.0},{"damage_healed":0.0,"max_hp_gain":0.0,"max_hp_loss":0.0,"gold_gain":0.0,"event_name":"Dead Adventurer","player_choice":"Searched \u00270\u0027 times","floor":12.0,"gold_loss":0.0,"damage_taken":0.0},{"damage_healed":0.0,"max_hp_gain":0.0,"max_hp_loss":0.0,"gold_gain":50.0,"event_name":"Nest","player_choice":"Stole From Cult","floor":21.0,"gold_loss":0.0,"damage_taken":0.0},{"damage_healed":0.0,"max_hp_gain":0.0,"max_hp_loss":0.0,"gold_gain":0.0,"event_name":"Back to Basics","player_choice":"Simplicity","floor":22.0,"gold_loss":0.0,"damage_taken":0.0,"cards_upgraded":["Strike_B","Defend_B","Defend_B","Defend_B","Defend_B"]},{"damage_healed":0.0,"max_hp_gain":0.0,"max_hp_loss":0.0,"gold_gain":0.0,"event_name":"Knowing Skull","player_choice":"","floor":25.0,"potions_obtained":[],"gold_loss":0.0,"damage_taken":6.0,"cards_obtained":[]}],"is_beta":false,"boss_relics":[{"not_picked":["energizedSpire:CursedPentagram","Runic Pyramid"],"picked":"Philosopher\u0027s Stone"}],"items_purged_floors":[10,13],"is_endless":false,"potions_floor_spawned":[1,3,16,20],"killed_by":"Gremlin Leader","ascension_level":20}}