{"host":"3jjxuhjpio8e4zkv","time":1610223704,"event":{"mods":["BaseMod","Colored Map","Highlight Path","Minty Spire (QoL Compilation)","Permanent Neow","Relic Stats","StSLib"],"gold_per_floor":[365,379,37,112,122,163,163,198,222,222,261,261,316,360,360,443,443,461,486,506,532,541,541,573,602,602,628,678,678,293,332,332,420,429,454,466,478,478],"floor_reached":37,"playtime":1954,"items_purged":["Decay"],"score":1003,"play_id":"a67277e0-4fb6-4c01-aba1-93fc7fc1a8ba","local_time":"20210109152144","is_ascension_mode":true,"campfire_choices":[{"data":"Quick Slash","floor":7.0,"key":"SMITH"},{"data":"Masterful Stab","floor":10.0,"key":"SMITH"},{"data":"Die Die Die","floor":12.0,"key":"SMITH"},{"data":"Blade Dance","floor":15.0,"key":"SMITH"},{"data":"Predator","floor":23.0,"key":"SMITH"},{"floor":29.0,"key":"REST"},{"data":"Finisher","floor":32.0,"key":"SMITH"}],"circlet_count":0,"master_deck":["AscendersBane","Strike_G","Strike_G","Strike_G","Strike_G","Strike_G","Defend_G","Defend_G","Defend_G","Defend_G","Defend_G","Survivor","Neutralize","Blade Dance+1","Flying Knee","Terror","Quick Slash+1","Masterful Stab+1","Die Die Die+1","Dagger Spray","Adrenaline","Dash","Predator+1","All Out Attack","Noxious Fumes","Finisher+1","Blur","Tools of the Trade","Grand Finale","CurseOfTheBell","Footwork+1"],"relics":["Ring of the Snake","OrangePellets","PreservedInsect","CeramicFish","Lantern","Boot","Oddly Smooth Stone","Toy Ornithopter","Ancient Tea Set","Runic Pyramid","Gremlin Horn","Letter Opener","Potion Belt","Pen Nib","Calling Bell","Happy Flower","Pear","Thread and Needle"],"acts_visited":["Exordium","TheCity","TheBeyond"],"potions_floor_usage":[37],"damage_taken":[{"damage":4.0,"enemies":"Small Slimes","floor":1.0,"turns":4.0},{"damage":0.0,"enemies":"Jaw Worm","floor":2.0,"turns":4.0},{"damage":0.0,"enemies":"Cultist","floor":5.0,"turns":3.0},{"damage":7.0,"enemies":"Lagavulin","floor":6.0,"turns":6.0},{"damage":20.0,"enemies":"3 Sentries","floor":8.0,"turns":5.0},{"damage":8.0,"enemies":"Gremlin Nob","floor":11.0,"turns":3.0},{"damage":0.0,"enemies":"3 Sentries","floor":14.0,"turns":2.0},{"damage":1.0,"enemies":"Slime Boss","floor":16.0,"turns":7.0},{"damage":14.0,"enemies":"Shell Parasite","floor":18.0,"turns":4.0},{"damage":0.0,"enemies":"Spheric Guardian","floor":19.0,"turns":2.0},{"damage":0.0,"enemies":"Centurion and Healer","floor":20.0,"turns":5.0},{"damage":9.0,"enemies":"Chosen and Byrds","floor":21.0,"turns":5.0},{"damage":7.0,"enemies":"Slavers","floor":24.0,"turns":3.0},{"damage":3.0,"enemies":"Cultist and Chosen","floor":25.0,"turns":5.0},{"damage":8.0,"enemies":"Sentry and Sphere","floor":27.0,"turns":4.0},{"damage":4.0,"enemies":"Book of Stabbing","floor":31.0,"turns":4.0},{"damage":20.0,"enemies":"Champ","floor":33.0,"turns":8.0},{"damage":0.0,"enemies":"3 Shapes","floor":35.0,"turns":6.0},{"damage":7.0,"enemies":"3 Darklings","floor":36.0,"turns":4.0},{"damage":44,"enemies":"Maw","floor":37,"turns":7}],"seed_played":"-9113592540470172110","potions_obtained":[{"floor":1.0,"key":"Fire Potion"},{"floor":5.0,"key":"Weak Potion"},{"floor":6.0,"key":"GhostInAJar"},{"floor":18.0,"key":"SpeedPotion"},{"floor":27.0,"key":"Weak Potion"},{"floor":31.0,"key":"EssenceOfSteel"}],"is_trial":false,"path_per_floor":["M","M","$","?","M","E","R","E","T","R","E","R","T","E","R","B",null,"M","M","M","M","?","R","E","M","T","M","?","R","$","E","R","B",null,"M","M","M"],"character_chosen":"THE_SILENT","items_purchased":["OrangePellets","PreservedInsect","Potion Belt","PowerPotion","ColorlessPotion","Blur"],"campfire_rested":1,"item_purchase_floors":[3,3,30,30,30,30],"current_hp_per_floor":[55,55,55,44,44,37,37,17,17,17,9,9,9,9,9,18,50,36,36,36,27,27,27,20,17,17,9,9,27,27,28,28,23,61,61,54,15,15],"gold":478,"neow_bonus":"TWO_FIFTY_GOLD","is_daily":false,"chose_seed":false,"campfire_upgraded":6,"win_rate":0.0,"timestamp":1610223704,"path_taken":["M","M","$","?","M","E","R","E","T","R","E","R","?","E","R","BOSS","M","M","M","?","?","R","E","M","T","M","?","R","$","E","R","BOSS","M","?","M"],"items_purchased_type":["Relic","Relic","Relic","Potion","Potion","Card"],"build_version":"2020-12-22","purchased_purges":1,"victory":false,"max_hp_per_floor":[60,60,60,60,60,60,60,60,60,60,60,60,60,60,60,60,60,60,60,60,60,60,60,60,60,60,60,60,60,60,60,60,60,70,70,70,70,70],"relic_stats":{"OrangePellets":[0],"Gremlin Horn":[7,7],"Happy Flower":[5],"counters":[20,91],"CeramicFish":144,"PreservedInsect":198,"Pen Nib":[7],"Letter Opener":[30],"Boot":[116],"obtain_stats":[{"Potion Belt":30,"Lantern":8,"Pear":34,"Gremlin Horn":24,"Happy Flower":34,"CeramicFish":6,"Oddly Smooth Stone":11,"Thread and Needle":34,"PreservedInsect":3,"Pen Nib":31,"Letter Opener":26,"Boot":9,"Ancient Tea Set":14,"Calling Bell":34,"OrangePellets":3,"Toy Ornithopter":13,"Ring of the Snake":0,"Runic Pyramid":17},{"Potion Belt":15,"Lantern":5,"Pear":17,"Gremlin Horn":13,"Happy Flower":17,"CeramicFish":4,"Oddly Smooth Stone":6,"Thread and Needle":17,"PreservedInsect":2,"Pen Nib":16,"Letter Opener":14,"Boot":5,"Ancient Tea Set":7,"Calling Bell":17,"OrangePellets":2,"Toy Ornithopter":6,"Ring of the Snake":0,"Runic Pyramid":8},{"Potion Belt":62,"Lantern":22,"Pear":74,"Gremlin Horn":53,"Happy Flower":74,"CeramicFish":17,"Oddly Smooth Stone":25,"Thread and Needle":74,"PreservedInsect":8,"Pen Nib":66,"Letter Opener":58,"Boot":22,"Ancient Tea Set":27,"Calling Bell":74,"OrangePellets":8,"Toy Ornithopter":25,"Ring of the Snake":0,"Runic Pyramid":34}],"Toy Ornithopter":35,"Ring of the Snake":[40]},"card_choices":[{"not_picked":["Underhanded Strike","Dagger Spray"],"picked":"Blade Dance","floor":1.0},{"not_picked":["PiercingWail","Slice"],"picked":"Flying Knee","floor":2.0},{"not_picked":["Caltrops","Skewer"],"picked":"Terror","floor":5.0},{"not_picked":["Poisoned Stab","Escape Plan"],"picked":"Quick Slash","floor":6.0},{"not_picked":["Tactician","Backflip"],"picked":"Masterful Stab","floor":8.0},{"not_picked":["Deflect","Well Laid Plans"],"picked":"Die Die Die","floor":11.0},{"not_picked":["Expertise","Acrobatics"],"picked":"Dagger Spray","floor":14.0},{"not_picked":["Burst","Night Terror"],"picked":"Adrenaline","floor":16.0},{"not_picked":["Deadly Poison","Dagger Throw","Slice"],"picked":"SKIP","floor":18.0},{"not_picked":["Dagger Spray+1","Prepared"],"picked":"Dash","floor":19.0},{"not_picked":["Cloak And Dagger","Dagger Spray"],"picked":"Predator","floor":20.0},{"not_picked":["Accuracy","Heel Hook"],"picked":"All Out Attack","floor":21.0},{"not_picked":["Unload","Slice","Dodge and Roll"],"picked":"SKIP","floor":24.0},{"not_picked":["Prepared","Distraction+1"],"picked":"Noxious Fumes","floor":25.0},{"not_picked":["Distraction","Blur"],"picked":"Finisher","floor":27.0},{"not_picked":["Bouncing Flask","Noxious Fumes+1"],"picked":"Tools of the Trade","floor":31.0},{"not_picked":["Corpse Explosion","Venomology"],"picked":"Grand Finale","floor":33.0},{"not_picked":["Infinite Blades+1","Riddle With Holes+1"],"picked":"Footwork+1","floor":35.0},{"not_picked":["Catalyst","Flying Knee","Dagger Spray+1"],"picked":"SKIP","floor":36.0}],"player_experience":1205735,"relics_obtained":[{"floor":6.0,"key":"CeramicFish"},{"floor":8.0,"key":"Lantern"},{"floor":9.0,"key":"Boot"},{"floor":11.0,"key":"Oddly Smooth Stone"},{"floor":13.0,"key":"Toy Ornithopter"},{"floor":14.0,"key":"Ancient Tea Set"},{"floor":24.0,"key":"Gremlin Horn"},{"floor":26.0,"key":"Letter Opener"},{"floor":31.0,"key":"Pen Nib"},{"floor":34.0,"key":"Happy Flower"},{"floor":34.0,"key":"Pear"},{"floor":34.0,"key":"Thread and Needle"}],"event_choices":[{"damage_healed":0.0,"max_hp_gain":0.0,"max_hp_loss":0.0,"gold_gain":75.0,"event_name":"World of Goop","player_choice":"Gather Gold","floor":4.0,"gold_loss":0.0,"damage_taken":11.0},{"damage_healed":0.0,"max_hp_gain":0.0,"max_hp_loss":0.0,"gold_gain":0.0,"event_name":"Forgotten Altar","player_choice":"Smashed Altar","floor":22.0,"gold_loss":0.0,"damage_taken":0.0,"cards_obtained":["Decay"]},{"damage_healed":0.0,"max_hp_gain":0.0,"max_hp_loss":0.0,"gold_gain":50.0,"event_name":"Golden Shrine","player_choice":"Pray","floor":28.0,"gold_loss":0.0,"damage_taken":0.0}],"is_beta":false,"boss_relics":[{"not_picked":["Runic Dome","Cursed Key"],"picked":"Runic Pyramid"},{"not_picked":["Ring of the Serpent","WristBlade"],"picked":"Calling Bell"}],"items_purged_floors":[30],"is_endless":false,"potions_floor_spawned":[1,5,6,8,11,18,27,31],"killed_by":"Maw","ascension_level":20}}