{"host":"w029btg0lk3znwbc","time":1610193280,"event":{"mods":["AchievementEnabler","Act Like it!","Arknights The Spire","BaseMod","Colored Map","Colored Powertips","Downfall","Energized Spire","Evolution","Gensokyo","Hermit","Infinite Spire","Minty Spire (QoL Compilation)","Prisma Mod","Replay The Spire","StSLib","SuperFastMode","The Animator","The Blue Laboratory","The Fake Hero","The Runesmith","The Servant 0.9.4"],"gold_per_floor":[114,114,127,127,127,127,127],"floor_reached":6,"playtime":300,"items_purged":[],"score":34,"play_id":"5f425a2a-df27-41bf-a087-b28c143721e6","local_time":"20210109125440","is_ascension_mode":false,"campfire_choices":[],"circlet_count":0,"master_deck":["PrismaMod:MiyuCommonDefend","PrismaMod:MiyuCommonDefend","PrismaMod:MiyuCommonDefend","PrismaMod:MiyuCommonDefend","PrismaMod:MiyuCommonDefend","PrismaMod:MiyuUberAOEAttack","PrismaMod:MiyuUberAOEAttack","PrismaMod:MiyuUberAOEAttack","PrismaMod:MiyuCheapChannelAttack","PrismaMod:MiyuCheapChannelDefend","PrismaMod:MiyuCheapPlate","CommonCold"],"relics":["EVO:Axolotl","Black Star"],"acts_visited":["Exordium"],"potions_floor_usage":[],"damage_taken":[{"damage":0,"enemies":"Jaw Worm","floor":1,"turns":7},{"damage":4,"enemies":"Small Slimes","floor":3,"turns":4},{"damage":110,"enemies":"Gremlin Nob","floor":6,"turns":6}],"seed_played":"4530141305928066821","potions_obtained":[{"floor":3,"key":"Energy Potion"}],"is_trial":false,"path_per_floor":["M","?","M","?","?","E"],"character_chosen":"MIYU","items_purchased":[],"campfire_rested":0,"item_purchase_floors":[],"current_hp_per_floor":[75,75,71,64,64,0,0],"gold":127,"neow_bonus":"BOSS_RELIC","is_daily":false,"chose_seed":false,"campfire_upgraded":0,"win_rate":0.0,"timestamp":1610193280,"path_taken":["M","?","M","?","?","E"],"items_purchased_type":[],"build_version":"2020-12-22","purchased_purges":0,"victory":false,"max_hp_per_floor":[75,75,75,75,75,75,75],"card_choices":[{"not_picked":["PrismaMod:MiyuCheapChannelHeal","PrismaMod:MiyuChristmas","PrismaMod:MiyuCarnivalAttack"],"picked":"SKIP","floor":1},{"not_picked":["PrismaMod:MiyuUncommonAOEAttack","PrismaMod:MiyuDefenseExplosion"],"picked":"PrismaMod:MiyuCheapPlate","floor":3}],"player_experience":25283,"relics_obtained":[],"event_choices":[{"cards_removed":["PrismaMod:MiyuCommonAttack"],"damage_healed":0,"gold_gain":0,"player_choice":"Card Removal","damage_taken":7,"max_hp_gain":0,"max_hp_loss":0,"event_name":"Golden Wing","floor":4,"gold_loss":0}],"is_beta":false,"boss_relics":[],"items_purged_floors":[],"is_endless":false,"potions_floor_spawned":[3],"killed_by":"Gremlin Nob","ascension_level":0}}