{"host":"gzrx8rm2nhta4pjr","time":1610203415,"event":{"mods":["2.2 Compatiblity","Act Like it!","AlwaysNeverKeys","BaseMod","Better Altar","Better Sensory Stone","Better Silent Start","Block Reminder","Curses Come First","Defuse TimeMaze Blight","Disable Question Mark Monsters","Emptier Cage","GifTheSpireLib","Infinite Spire","Marked Mod","Minty Spire (QoL Compilation)","Potionbrewer","Rare Cards Sparkle","Remove Card Discount Mod","Reorder Act Four","SCP261 Mod","Shop Mod","StSLib","Stuff the Spire","Swap Starting Deck Mod","The Bug Knight","The Senshi","The Servant 0.9.4","Transform Curses"],"gold_per_floor":[118,118,40,40,40,40,51,84,107,107,134,148,148,163,163,260,310,330,6,26,26,40,40,73,73,73,87,87,115,126,126,126,221,221,232,249,266,23,33,63,77,77,77,90,90,90,90,124,124,124,124],"floor_reached":50,"playtime":6707,"items_purged":[],"score":875,"play_id":"2420df30-326f-41bd-a623-8acd9b7392db","local_time":"20210109094335","is_ascension_mode":true,"campfire_choices":[{"floor":6.0,"key":"REST"},{"floor":10.0,"key":"REST"},{"data":"Rage","floor":13.0,"key":"SMITH"},{"data":"Metallicize","floor":15.0,"key":"SMITH"},{"data":"StuffTheSpire:Pyroclast","floor":23.0,"key":"SMITH"},{"floor":25.0,"key":"REST"},{"floor":32.0,"key":"REST"},{"data":"StuffTheSpire:Ambrosia","floor":46.0,"key":"SMITH"},{"floor":49.0,"key":"REST"}],"circlet_count":0,"master_deck":["Anger","Twin Strike","Twin Strike+1","Twin Strike","Twin Strike","Rage+1","Rage+1","Rage+1","Rage","Flex","Disarm","Spot Weakness","StuffTheSpire:Resist","Metallicize+1","Sword Boomerang","StuffTheSpire:Resist","Juggernaut","Hemokinesis","Fire Breathing","StuffTheSpire:Pyroclast+1","Barricade","Heavy Blade+1","infinitespire:Gouge","StuffTheSpire:Resist+1","StuffTheSpire:Incineration","Demon Form","Body Slam+1","Cleave+1","Offering","Clash+1","Dual Wield","Seeing Red+1","infinitespire:SealOfDarkness+","Clothesline+1","StuffTheSpire:Ambrosia+1","StuffTheSpire:Incineration+1","Metallicize+1"],"relics":["Burning Blood","MealTicket","potionbrewer:BhaskarasWheel","theSenshi:SailorFukuRelic","MerchantsRug","HandDrill","The Courier","infinitespire:Golems Mask","Question Card","Lizard Tail","Gremlin Horn","StuffTheSpire:GrapeVine","Lee\u0027s Waffle","Dream Catcher","StuffTheSpire:Gunfinga"],"acts_visited":["TheCity","TheBeyond"],"potions_floor_usage":[50,50],"damage_taken":[{"damage":0.0,"enemies":"Small Slimes","floor":1.0,"turns":2.0},{"damage":0.0,"enemies":"Jaw Worm","floor":7.0,"turns":2.0},{"damage":10.0,"enemies":"3 Sentries","floor":8.0,"turns":4.0},{"damage":20.0,"enemies":"Gremlin Nob","floor":11.0,"turns":3.0},{"damage":0.0,"enemies":"2 Louse","floor":12.0,"turns":1.0},{"damage":15.0,"enemies":"Lots of Slimes","floor":14.0,"turns":3.0},{"damage":0.0,"enemies":"Slime Boss","floor":16.0,"turns":6.0},{"damage":11.0,"enemies":"3 Byrds","floor":18.0,"turns":3.0},{"damage":4.0,"enemies":"Chosen","floor":20.0,"turns":3.0},{"damage":7.0,"enemies":"Centurion and Healer","floor":22.0,"turns":5.0},{"damage":29.0,"enemies":"Book of Stabbing","floor":24.0,"turns":4.0},{"damage":12.0,"enemies":"Shelled Parasite and Fungi","floor":27.0,"turns":4.0},{"damage":14.0,"enemies":"Nightmare","floor":29.0,"turns":7.0},{"damage":20.0,"enemies":"3 Cultists","floor":30.0,"turns":5.0},{"damage":14.0,"enemies":"Champ","floor":33.0,"turns":10.0},{"damage":6.0,"enemies":"3 Shapes","floor":35.0,"turns":3.0},{"damage":4.0,"enemies":"Orb Walker","floor":36.0,"turns":2.0},{"damage":23.0,"enemies":"Maw","floor":37.0,"turns":6.0},{"damage":74.0,"enemies":"4 Shapes","floor":39.0,"turns":3.0},{"damage":41.0,"enemies":"Reptomancer","floor":40.0,"turns":4.0},{"damage":31.0,"enemies":"Jaw Worm Horde","floor":41.0,"turns":4.0},{"damage":34.0,"enemies":"3 Darklings","floor":44.0,"turns":4.0},{"damage":38.0,"enemies":"Giant Head","floor":48.0,"turns":7.0},{"damage":68,"enemies":"Awakened One","floor":50,"turns":5}],"seed_played":"-2273989271560152006","potions_obtained":[{"floor":11.0,"key":"SneckoOil"},{"floor":16.0,"key":"potionbrewer:ToxicPotion"},{"floor":17.0,"key":"Ancient Potion"},{"floor":18.0,"key":"ColorlessPotion"},{"floor":20.0,"key":"Block Potion"},{"floor":29.0,"key":"Ancient Potion"},{"floor":30.0,"key":"SCP261:GirlTearsPotion"},{"floor":33.0,"key":"SCP261:ThunderBarPotion"},{"floor":37.0,"key":"PowerPotion"},{"floor":41.0,"key":"CultistPotion"},{"floor":44.0,"key":"potionbrewer:SplittingPotion"}],"is_trial":false,"path_per_floor":["M","?","$","?","AVR","R","M","E","T","R","E","M","R","M","R","B",null,"M","$","M","?","M","R","E","R","T","M","?","NM","M","?","R","B",null,"M","M","M","$","M","E","M","AVR","T","M","?","R","?","E","R","B"],"character_chosen":"IRONCLAD","items_purchased":["Inflame","MerchantsRug","Bronze Scales","HandDrill","Lizard Tail","Gremlin Horn"],"campfire_rested":5,"item_purchase_floors":[3,19,19,19,38,38],"current_hp_per_floor":[46,39,54,38,38,62,68,64,64,80,66,72,72,63,63,69,85,80,85,85,85,84,84,61,85,85,79,79,71,57,57,82,74,85,85,85,68,83,15,46,21,92,92,64,64,64,64,34,62,0,0],"gold":124,"neow_bonus":"","is_daily":false,"chose_seed":false,"campfire_upgraded":4,"win_rate":0.0,"timestamp":1610203415,"path_taken":["M","?","$","?","AVR","R","M","E","T","R","E","M","R","M","R","BOSS","M","$","M","?","M","R","E","R","T","M","?","NM","M","?","R","BOSS","M","M","M","$","?","E","M","AVR","T","M","?","R","?","E","R","BOSS"],"items_purchased_type":["Card","Relic","Relic","Relic","Relic","Relic"],"build_version":"2020-12-22","purchased_purges":0,"victory":false,"max_hp_per_floor":[80,80,80,80,80,80,80,80,80,80,80,80,80,80,80,80,85,85,85,85,85,85,85,85,85,85,85,85,85,85,85,85,85,85,85,85,85,85,85,85,85,92,92,92,92,92,92,94,94,96,96],"card_choices":[{"not_picked":["Body Slam","StuffTheSpire:RockThrow"],"picked":"Disarm","floor":1.0},{"not_picked":["Wild Strike","Headbutt"],"picked":"Spot Weakness","floor":7.0},{"not_picked":["Iron Wave","Carnage"],"picked":"StuffTheSpire:Resist","floor":8.0},{"not_picked":["Armaments","Dark Embrace"],"picked":"Metallicize","floor":11.0},{"not_picked":["Evolve","Pommel Strike"],"picked":"Sword Boomerang","floor":12.0},{"not_picked":["Bloodletting","Clothesline"],"picked":"StuffTheSpire:Resist","floor":14.0},{"not_picked":["Exhume","Limit Break"],"picked":"Juggernaut","floor":16.0},{"not_picked":["Clothesline","Dark Embrace"],"picked":"Rampage","floor":17.0},{"not_picked":["StuffTheSpire:RockThrow","Anger+1"],"picked":"Hemokinesis","floor":18.0},{"not_picked":["Flex","True Grit"],"picked":"Fire Breathing","floor":20.0},{"not_picked":["Burning Pact","Cleave+1"],"picked":"StuffTheSpire:Pyroclast","floor":22.0},{"not_picked":["StuffTheSpire:RagingBull","Whirlwind"],"picked":"Barricade","floor":24.0},{"not_picked":["Body Slam","StuffTheSpire:Slingshot"],"picked":"Heavy Blade+1","floor":27.0},{"not_picked":["infinitespire:FinalStrike","infinitespire:DeathsTouch"],"picked":"infinitespire:Gouge","floor":28.0},{"not_picked":["Berserk","Heavy Blade+1"],"picked":"StuffTheSpire:Resist+1","floor":29.0},{"not_picked":["StuffTheSpire:Slingshot","StuffTheSpire:RockThrow","Armaments+1"],"picked":"StuffTheSpire:Incineration","floor":30.0},{"not_picked":["Impervious","StuffTheSpire:TitanForm","Immolate"],"picked":"Demon Form","floor":33.0},{"not_picked":["StuffTheSpire:RagingBull","True Grit+1","Spot Weakness+1"],"picked":"Body Slam+1","floor":35.0},{"not_picked":["Body Slam+1","Heavy Blade","Shrug It Off+1"],"picked":"Cleave+1","floor":36.0},{"not_picked":["Uppercut","Anger","Shrug It Off+1"],"picked":"Offering","floor":37.0},{"not_picked":["Perfected Strike","StuffTheSpire:BloodClot+1","StuffTheSpire:Slingshot+1"],"picked":"Clash+1","floor":39.0},{"not_picked":["Spot Weakness","Iron Wave","Clash"],"picked":"Dual Wield","floor":40.0},{"not_picked":["Clothesline+1","Wild Strike","Blood for Blood+1"],"picked":"Seeing Red+1","floor":41.0},{"not_picked":["Rampage","Body Slam","StuffTheSpire:RockThrow"],"picked":"Clothesline+1","floor":44.0},{"not_picked":["StuffTheSpire:Innocence","StuffTheSpire:Rapture","StuffTheSpire:BrainWave"],"picked":"StuffTheSpire:Ambrosia","floor":45.0},{"not_picked":["Berserk","Wild Strike+1","Dual Wield"],"picked":"StuffTheSpire:Incineration+1","floor":48.0},{"not_picked":["Armaments","Battle Trance","Combust"],"picked":"Metallicize+1","floor":49.0}],"player_experience":1381521,"relics_obtained":[{"floor":8.0,"key":"theSenshi:SailorFukuRelic"},{"floor":9.0,"key":"Art of War"},{"floor":11.0,"key":"HornCleat"},{"floor":24.0,"key":"The Courier"},{"floor":26.0,"key":"infinitespire:Golems Mask"},{"floor":29.0,"key":"Question Card"},{"floor":40.0,"key":"StuffTheSpire:GrapeVine"},{"floor":43.0,"key":"Dream Catcher"},{"floor":48.0,"key":"StuffTheSpire:Gunfinga"}],"event_choices":[{"damage_healed":0.0,"max_hp_gain":0.0,"max_hp_loss":0.0,"gold_gain":0.0,"event_name":"Scrap Ooze","player_choice":"Success","floor":2.0,"gold_loss":0.0,"damage_taken":7.0,"relics_obtained":["MealTicket"]},{"damage_healed":0.0,"max_hp_gain":0.0,"max_hp_loss":0.0,"gold_gain":0.0,"event_name":"Shining Light","player_choice":"Entered Light","floor":4.0,"gold_loss":0.0,"damage_taken":16.0,"cards_upgraded":["Rage","Twin Strike"]},{"cards_removed":["Inflame"],"damage_healed":0.0,"max_hp_gain":0.0,"max_hp_loss":0.0,"gold_gain":0.0,"event_name":"Back to Basics","player_choice":"Elegance","floor":21.0,"gold_loss":0.0,"damage_taken":0.0},{"cards_removed":["infinitespire:Pacifist","Injury"],"damage_healed":0.0,"max_hp_gain":0.0,"max_hp_loss":0.0,"gold_gain":0.0,"event_name":"Fountain of Cleansing","player_choice":"Removed Curses","floor":31.0,"gold_loss":0.0,"damage_taken":0.0},{"cards_removed":["Rampage"],"damage_healed":0.0,"max_hp_gain":0.0,"max_hp_loss":0.0,"gold_gain":0.0,"event_name":"Falling","player_choice":"Removed Attack","floor":47.0,"gold_loss":0.0,"damage_taken":0.0}],"is_beta":false,"boss_relics":[{"not_picked":["infinitespire:Cupcake","Calling Bell"],"picked":"Tiny House"},{"not_picked":["Pandora\u0027s Box","Astrolabe"],"picked":"StuffTheSpire:RunicHypercube"}],"items_purged_floors":[],"is_endless":true,"potions_floor_spawned":[11,16,18,20,29,30,33,37,41,44],"killed_by":"Awakened One","ascension_level":4}}