{"host":"daa8jqyg4gqfaysm","time":1610198005,"event":{"mods":["BaseMod","Colored Powertips","Minty Spire (QoL Compilation)","StSLib"],"gold_per_floor":[111,131,141,141,141,141,182,182,205,249,54,54,85,104,104,227,227,241,254,270,283,283,314,314,329,378,402,421,421,71,71,71,196,196,216,230,230,253,3,3,46,46,46,65,88,112,156,172,172,172],"floor_reached":51,"playtime":3032,"items_purged":["Strike_G","Strike_G+1"],"score":749,"play_id":"e41f7bb4-a5ce-476e-912d-f54a262abb70","local_time":"20210109211325","is_ascension_mode":false,"campfire_choices":[{"floor":6,"key":"REST"},{"data":"Bane","floor":12,"key":"SMITH"},{"data":"Dagger Spray","floor":15,"key":"SMITH"},{"data":"Wraith Form v2","floor":24,"key":"SMITH"},{"data":"Well Laid Plans","floor":29,"key":"SMITH"},{"floor":32,"key":"REST"},{"data":"Wraith Form v2","floor":40,"key":"SMITH"},{"data":"Deadly Poison","floor":42,"key":"SMITH"},{"floor":49,"key":"REST"}],"circlet_count":0,"master_deck":["Strike_G+1","Defend_G+1","Defend_G+1","Defend_G+1","Defend_G+1","Defend_G+1","Survivor","Neutralize","Malaise+1","Poisoned Stab","Bane+1","Backflip","Well Laid Plans+1","Wraith Form v2+1","Dagger Spray+1","Wraith Form v2+1","Acrobatics","Bane+1","Dodge and Roll+1","Quick Slash+1","Finisher+1","Backstab","Deadly Poison+1","Footwork","PiercingWail","PiercingWail+1","Wraith Form v2+1","Crippling Poison","Prepared+1"],"relics":["Ring of the Serpent","Golden Idol","Vajra","Bag of Preparation","Tiny Chest","Dream Catcher","Velvet Choker","StrikeDummy","Whetstone","Omamori","The Specimen","ClockworkSouvenir","Bottled Flame","Bottled Tornado"],"acts_visited":["Exordium","TheCity","TheBeyond"],"potions_floor_usage":[7,13,16,33,50],"damage_taken":[{"damage":0,"enemies":"Cultist","floor":1,"turns":4},{"damage":0,"enemies":"Small Slimes","floor":2,"turns":5},{"damage":0,"enemies":"2 Louse","floor":3,"turns":3},{"damage":10,"enemies":"Lagavulin","floor":7,"turns":9},{"damage":14,"enemies":"Gremlin Nob","floor":10,"turns":4},{"damage":5,"enemies":"Lagavulin","floor":13,"turns":9},{"damage":1,"enemies":"Looter","floor":14,"turns":4},{"damage":17,"enemies":"Slime Boss","floor":16,"turns":12},{"damage":0,"enemies":"Shell Parasite","floor":18,"turns":9},{"damage":0,"enemies":"3 Byrds","floor":19,"turns":5},{"damage":1,"enemies":"Snecko","floor":20,"turns":7},{"damage":10,"enemies":"Sentry and Sphere","floor":21,"turns":8},{"damage":3,"enemies":"Gremlin Leader","floor":23,"turns":5},{"damage":5,"enemies":"Centurion and Healer","floor":25,"turns":7},{"damage":0,"enemies":"Snake Plant","floor":28,"turns":6},{"damage":32,"enemies":"Collector","floor":33,"turns":12},{"damage":7,"enemies":"3 Darklings","floor":35,"turns":6},{"damage":0,"enemies":"3 Shapes","floor":36,"turns":5},{"damage":2,"enemies":"Jaw Worm Horde","floor":38,"turns":5},{"damage":0,"enemies":"Reptomancer","floor":41,"turns":9},{"damage":0,"enemies":"4 Shapes","floor":44,"turns":6},{"damage":0,"enemies":"Transient","floor":45,"turns":5},{"damage":1,"enemies":"Writhing Mass","floor":46,"turns":10},{"damage":3,"enemies":"Giant Head","floor":47,"turns":14},{"damage":0,"enemies":"Maw","floor":48,"turns":8},{"damage":66,"enemies":"Awakened One","floor":50,"turns":24}],"seed_played":"-7823933756448133068","potions_obtained":[{"floor":2,"key":"LiquidBronze"},{"floor":13,"key":"Block Potion"},{"floor":16,"key":"SmokeBomb"},{"floor":19,"key":"DistilledChaos"},{"floor":28,"key":"DuplicationPotion"},{"floor":33,"key":"CultistPotion"},{"floor":41,"key":"Dexterity Potion"},{"floor":46,"key":"Poison Potion"},{"floor":47,"key":"DistilledChaos"}],"is_trial":false,"path_per_floor":["M","M","M","?","?","R","E","?","T","E","$","R","E","M","R","B",null,"M","M","M","M","?","E","R","M","T","T","M","R","$","?","R","B",null,"M","M","?","M","$","R","E","R","T","M","M","M","E","M","R","B",null],"character_chosen":"THE_SILENT","items_purchased":["Poison Potion","Well Laid Plans","Footwork","The Specimen","ClockworkSouvenir"],"campfire_rested":3,"item_purchase_floors":[11,11,30,30,39],"current_hp_per_floor":[70,70,70,53,39,60,50,50,50,36,36,36,31,30,30,13,70,70,70,69,59,59,56,56,51,51,51,51,51,51,51,70,38,70,63,63,63,61,61,61,61,61,61,61,61,60,57,57,70,4],"gold":172,"neow_bonus":"ONE_RANDOM_RARE_CARD","is_daily":false,"chose_seed":false,"campfire_upgraded":6,"win_rate":0.0,"timestamp":1610198005,"path_taken":["M","?","M","?","?","R","E","?","T","E","$","R","E","M","R","BOSS","M","M","?","M","?","E","R","?","T","?","M","R","$","?","R","BOSS","M","M","?","M","$","R","E","R","T","M","M","?","E","M","R","BOSS"],"items_purchased_type":["Potion","Card","Card","Relic","Relic"],"build_version":"2020-12-22","purchased_purges":2,"victory":true,"max_hp_per_floor":[70,70,70,70,70,70,70,70,70,70,70,70,70,70,70,70,70,70,70,70,70,70,70,70,70,70,70,70,70,70,70,70,70,70,70,70,70,70,70,70,70,70,70,70,70,70,70,70,70,70],"card_choices":[{"not_picked":["Flying Knee","Choke"],"picked":"Poisoned Stab","floor":1},{"not_picked":["Dagger Throw","Escape Plan"],"picked":"Bane","floor":2},{"not_picked":["Prepared","Outmaneuver"],"picked":"Backflip","floor":3},{"not_picked":["Cloak And Dagger","Acrobatics","Underhanded Strike"],"picked":"SKIP","floor":7},{"not_picked":["Blade Dance","Backflip","Slice"],"picked":"SKIP","floor":10},{"not_picked":["Reflex","Deflect"],"picked":"Wraith Form v2","floor":13},{"not_picked":["Underhanded Strike","Flying Knee"],"picked":"Dagger Spray","floor":14},{"not_picked":["Phantasmal Killer","Malaise"],"picked":"Wraith Form v2","floor":16},{"not_picked":["Bane","Expertise"],"picked":"Acrobatics","floor":18},{"not_picked":["Underhanded Strike","Backflip"],"picked":"Bane+1","floor":19},{"not_picked":["Dash","Slice"],"picked":"Dodge and Roll+1","floor":20},{"not_picked":["Slice","Caltrops"],"picked":"Quick Slash+1","floor":21},{"not_picked":["Prepared","Acrobatics","Flechettes"],"picked":"SKIP","floor":23},{"not_picked":["Reflex","Blur"],"picked":"Backstab","floor":25},{"not_picked":["Deflect","Flying Knee"],"picked":"Deadly Poison","floor":28},{"not_picked":["Predator","Dagger Throw+1"],"picked":"PiercingWail","floor":32},{"not_picked":["Cloak And Dagger+1","Blade Dance","Infinite Blades"],"picked":"SKIP","floor":35},{"not_picked":["Finisher","Backflip+1"],"picked":"PiercingWail+1","floor":36},{"not_picked":["Backflip","Flying Knee+1"],"picked":"Crippling Poison","floor":38},{"not_picked":["Leg Sweep+1","Terror"],"picked":"Prepared+1","floor":41},{"not_picked":["Crippling Poison","Bane","Leg Sweep"],"picked":"SKIP","floor":44},{"not_picked":["Bane","Quick Slash","Dodge and Roll+1"],"picked":"SKIP","floor":45},{"not_picked":["Sucker Punch","Endless Agony","Backstab"],"picked":"SKIP","floor":46},{"not_picked":["Flechettes","Distraction+1","Phantasmal Killer"],"picked":"SKIP","floor":47},{"not_picked":["Backflip+1","Calculated Gamble","Skewer"],"picked":"SKIP","floor":48}],"player_experience":801284,"relics_obtained":[{"floor":7,"key":"Vajra"},{"floor":9,"key":"Bag of Preparation"},{"floor":10,"key":"Tiny Chest"},{"floor":13,"key":"Dream Catcher"},{"floor":23,"key":"StrikeDummy"},{"floor":26,"key":"Whetstone"},{"floor":27,"key":"Omamori"},{"floor":41,"key":"Bottled Flame"},{"floor":47,"key":"Bottled Tornado"}],"event_choices":[{"damage_healed":0,"gold_gain":0,"player_choice":"Take Damage","damage_taken":17,"relics_obtained":["Golden Idol"],"max_hp_gain":0,"max_hp_loss":0,"event_name":"Golden Idol","floor":4,"gold_loss":0},{"damage_healed":0,"gold_gain":0,"player_choice":"Entered Light","damage_taken":14,"max_hp_gain":0,"max_hp_loss":0,"event_name":"Shining Light","floor":5,"gold_loss":0,"cards_upgraded":["Defend_G","Malaise"]},{"cards_removed":["Strike_G"],"damage_healed":0,"gold_gain":0,"player_choice":"Purged","damage_taken":0,"max_hp_gain":0,"max_hp_loss":0,"event_name":"Purifier","floor":8,"gold_loss":0},{"damage_healed":0,"gold_gain":0,"cards_transformed":["Strike_G"],"player_choice":"Transformed","damage_taken":0,"max_hp_gain":0,"max_hp_loss":0,"event_name":"Transmorgrifier","floor":22,"gold_loss":0,"cards_obtained":["Finisher"]},{"damage_healed":0,"gold_gain":0,"player_choice":"Simplicity","damage_taken":0,"max_hp_gain":0,"max_hp_loss":0,"event_name":"Back to Basics","floor":31,"gold_loss":0,"cards_upgraded":["Strike_G","Defend_G","Defend_G","Defend_G","Defend_G"]},{"damage_healed":0,"gold_gain":0,"player_choice":"Copied","damage_taken":0,"max_hp_gain":0,"max_hp_loss":0,"event_name":"Duplicator","floor":37,"gold_loss":0,"cards_obtained":["Wraith Form v2"]}],"is_beta":false,"boss_relics":[{"not_picked":["Sozu","SacredBark"],"picked":"Velvet Choker"},{"not_picked":["HoveringKite","Black Star"],"picked":"Ring of the Serpent"}],"items_purged_floors":[11,39],"is_endless":false,"potions_floor_spawned":[2,13,16,19,28,33,36,41,44,46,47,48],"ascension_level":0}}