{"host":"2n2g1vowfllvjtvi","time":1610201047,"event":{"mods":["AchievementEnabler","BaseMod","Custom Start","GifTheSpireLib","Keyboard Shortcuts","Minty Spire (QoL Compilation)","Quick Restart","Rare Cards Sparkle","StSLib","SuperFastMode"],"gold_per_floor":[115,115,134,153,165,190,190,207,231,258,258,277,277,24,24,120,120,130,142,159,178,194,194,229,242,242,89,100,100,118,153,153,248,248,267,8,28,55,0,35,35,55,87,122,144,181,235,235,235,235,235,235,17,53,53],"floor_reached":56,"playtime":1129,"items_purged":["Strike_R"],"score":1443,"play_id":"726527e7-37c2-447c-a1ef-4e4f7549aef7","local_time":"20210109230407","is_ascension_mode":false,"campfire_choices":[{"data":"Bash","floor":7.0,"key":"SMITH"},{"data":"Corruption","floor":11.0,"key":"SMITH"},{"data":"Armaments","floor":15.0,"key":"SMITH"},{"data":"Sentinel","floor":23.0,"key":"SMITH"},{"data":"Perfected Strike","floor":32,"key":"SMITH"},{"floor":41,"key":"RECALL"},{"data":"Perfected Strike","floor":49,"key":"SMITH"},{"data":"Pommel Strike","floor":52,"key":"SMITH"}],"circlet_count":0,"master_deck":["Strike_R","Strike_R","Strike_R","Strike_R","Defend_R","Defend_R","Defend_R","Bash+1","Perfected Strike+1","Twin Strike","Corruption+1","Pommel Strike+1","Armaments+1","Immolate","Perfected Strike+1","Perfected Strike+1","Carnage","Sentinel+1","Perfected Strike+1","Bloodletting+1","Perfected Strike+1","Pommel Strike+1","Pain","Armaments+1","Perfected Strike+1","Dark Embrace","Double Tap"],"relics":["Burning Blood","Pear","Anchor","Bronze Scales","Sundial","Bag of Preparation","Snecko Eye","Juzu Bracelet","StrikeDummy","ClockworkSouvenir","CeramicFish","Cursed Key","Bottled Tornado","Red Mask","Unceasing Top","Darkstone Periapt","Strawberry","Ice Cream","Pen Nib","Bird Faced Urn"],"acts_visited":["Exordium","TheCity","TheBeyond","TheEnding"],"potions_floor_usage":[31,33,33,42,42,55,55],"damage_taken":[{"damage":10.0,"enemies":"Jaw Worm","floor":1.0,"turns":5.0},{"damage":4.0,"enemies":"2 Louse","floor":3.0,"turns":3.0},{"damage":4.0,"enemies":"Small Slimes","floor":4.0,"turns":3.0},{"damage":5.0,"enemies":"Looter","floor":5.0,"turns":2.0},{"damage":28.0,"enemies":"Gremlin Nob","floor":6.0,"turns":4.0},{"damage":7.0,"enemies":"2 Fungi Beasts","floor":8.0,"turns":4.0},{"damage":26.0,"enemies":"Lagavulin","floor":10.0,"turns":5.0},{"damage":2.0,"enemies":"3 Louse","floor":12.0,"turns":3.0},{"damage":22.0,"enemies":"Slime Boss","floor":16.0,"turns":6.0},{"damage":0.0,"enemies":"3 Byrds","floor":18.0,"turns":2.0},{"damage":0.0,"enemies":"2 Thieves","floor":19.0,"turns":2.0},{"damage":0.0,"enemies":"Cultist and Chosen","floor":20.0,"turns":2.0},{"damage":0.0,"enemies":"Snake Plant","floor":21.0,"turns":1.0},{"damage":5.0,"enemies":"Centurion and Healer","floor":22.0,"turns":2.0},{"damage":6.0,"enemies":"Book of Stabbing","floor":24.0,"turns":3.0},{"damage":0.0,"enemies":"Cultist and Chosen","floor":25.0,"turns":2.0},{"damage":0.0,"enemies":"Shelled Parasite and Fungi","floor":28.0,"turns":2.0},{"damage":0.0,"enemies":"Snecko","floor":30.0,"turns":2.0},{"damage":0,"enemies":"Gremlin Leader","floor":31,"turns":2},{"damage":33,"enemies":"Automaton","floor":33,"turns":7},{"damage":0,"enemies":"3 Darklings","floor":35,"turns":1},{"damage":3,"enemies":"3 Shapes","floor":37,"turns":1},{"damage":0,"enemies":"Jaw Worm Horde","floor":38,"turns":2},{"damage":3,"enemies":"Giant Head","floor":40,"turns":3},{"damage":3,"enemies":"Transient","floor":42,"turns":5},{"damage":6,"enemies":"Nemesis","floor":44,"turns":3},{"damage":6,"enemies":"Sphere and 2 Shapes","floor":45,"turns":2},{"damage":4,"enemies":"Reptomancer","floor":46,"turns":3},{"damage":0,"enemies":"2 Orb Walkers","floor":47,"turns":1},{"damage":58,"enemies":"Donu and Deca","floor":50,"turns":5},{"damage":9,"enemies":"Shield and Spear","floor":54,"turns":2},{"damage":88,"enemies":"The Heart","floor":55,"turns":4}],"seed_played":"-200971583062185255","potions_obtained":[{"floor":4.0,"key":"BloodPotion"},{"floor":6.0,"key":"Swift Potion"},{"floor":8.0,"key":"HeartOfIron"},{"floor":19.0,"key":"Dexterity Potion"},{"floor":25.0,"key":"LiquidMemories"},{"floor":30.0,"key":"Energy Potion"},{"floor":31,"key":"BloodPotion"},{"floor":37,"key":"PowerPotion"},{"floor":38,"key":"DistilledChaos"},{"floor":42,"key":"Fruit Juice"},{"floor":54,"key":"GamblersBrew"}],"is_trial":false,"path_per_floor":["M","?","M","M","M","E","R","M","T","E","R","M","T","$","R","B",null,"M","M","M","M","M","R","E","M","T","$","M","?","M","E","R","B",null,"M","$","M","M","?","E","R","M","T","E","M","E","?","?","R","B",null,"R","$","E","B",null],"character_chosen":"IRONCLAD","items_purchased":["Bag of Preparation","Armaments","ClockworkSouvenir","Bottled Tornado","Dark Embrace","Pen Nib"],"campfire_rested":0,"item_purchase_floors":[14,14,27,36,53,53],"current_hp_per_floor":[84,84,86,88,88,76,76,75,75,55,55,59,59,59,59,43,98,98,98,98,98,98,98,98,98,98,98,98,78,84,90,90,63,103,103,103,103,103,103,103,103,108,108,108,108,115,115,115,115,63,115,115,115,112,33],"gold":53,"neow_bonus":"TEN_PERCENT_HP_BONUS","is_daily":false,"chose_seed":false,"campfire_upgraded":7,"win_rate":0.0,"timestamp":1610201047,"path_taken":["M","?","M","M","M","E","R","M","T","E","R","M","?","$","R","BOSS","M","M","M","M","M","R","E","M","T","$","M","?","M","E","R","BOSS","M","$","M","M","?","E","R","M","T","E","M","E","?","?","R","BOSS","R","$","E","BOSS"],"items_purchased_type":["Relic","Card","Relic","Relic","Card","Relic"],"build_version":"2020-12-22","purchased_purges":1,"victory":true,"max_hp_per_floor":[88,88,88,88,88,98,98,98,98,98,98,98,98,98,98,98,98,98,98,98,98,98,98,98,98,98,98,98,103,103,103,103,103,103,103,103,103,103,103,103,103,108,108,108,108,115,115,115,115,115,115,115,115,115,115],"card_choices":[{"not_picked":["Metallicize","Pummel"],"picked":"Perfected Strike","floor":1.0},{"not_picked":["Thunderclap","Clothesline","Clash"],"picked":"SKIP","floor":3.0},{"not_picked":["Hemokinesis","Infernal Blade","Sword Boomerang"],"picked":"SKIP","floor":4.0},{"not_picked":["True Grit","Intimidate","Spot Weakness"],"picked":"SKIP","floor":5.0},{"not_picked":["Shrug It Off","Dark Embrace","Clash"],"picked":"SKIP","floor":6.0},{"not_picked":["Heavy Blade","Thunderclap"],"picked":"Twin Strike","floor":8.0},{"not_picked":["Infernal Blade","Ghostly Armor"],"picked":"Corruption","floor":10.0},{"not_picked":["Shockwave","Dropkick"],"picked":"Pommel Strike","floor":12.0},{"not_picked":["Berserk","Brutality"],"picked":"Immolate","floor":16.0},{"not_picked":["Anger","Clash"],"picked":"Perfected Strike+1","floor":18.0},{"not_picked":["Havoc","Inflame"],"picked":"Perfected Strike+1","floor":19.0},{"not_picked":["Twin Strike+1","Reaper"],"picked":"Carnage","floor":20.0},{"not_picked":["Sword Boomerang","Rampage","Clothesline"],"picked":"SKIP","floor":21.0},{"not_picked":["Body Slam","Sword Boomerang"],"picked":"Sentinel","floor":22.0},{"not_picked":["Cleave","Bludgeon"],"picked":"Perfected Strike","floor":24.0},{"not_picked":["Pommel Strike","Headbutt"],"picked":"Bloodletting+1","floor":25.0},{"not_picked":["Thunderclap","Twin Strike+1","Infernal Blade"],"picked":"SKIP","floor":28.0},{"not_picked":["Corruption","Searing Blow","Clothesline"],"picked":"SKIP","floor":30.0},{"not_picked":["Warcry","Pummel","Combust"],"picked":"SKIP","floor":31},{"not_picked":["Whirlwind+1","Heavy Blade","Headbutt+1"],"picked":"SKIP","floor":35},{"not_picked":["Sever Soul+1","True Grit","Cleave+1"],"picked":"SKIP","floor":37},{"not_picked":["Headbutt+1","Dual Wield+1"],"picked":"Perfected Strike+1","floor":38},{"not_picked":["Sword Boomerang+1","Havoc","Armaments+1"],"picked":"SKIP","floor":40},{"not_picked":["Blood for Blood+1","Rupture+1"],"picked":"Pommel Strike+1","floor":42},{"not_picked":["Havoc","Cleave","Sever Soul+1"],"picked":"SKIP","floor":44},{"not_picked":["True Grit","Armaments+1","Whirlwind+1"],"picked":"SKIP","floor":45},{"not_picked":["True Grit","Whirlwind+1"],"picked":"Armaments+1","floor":45},{"not_picked":["Fiend Fire","Havoc+1"],"picked":"Perfected Strike","floor":46},{"not_picked":["Clash","Clothesline"],"picked":"Double Tap","floor":54}],"player_experience":215065,"relics_obtained":[{"floor":6.0,"key":"Pear"},{"floor":9.0,"key":"Anchor"},{"floor":10.0,"key":"Bronze Scales"},{"floor":13.0,"key":"Sundial"},{"floor":24.0,"key":"Juzu Bracelet"},{"floor":26.0,"key":"StrikeDummy"},{"floor":31,"key":"CeramicFish"},{"floor":40,"key":"Unceasing Top"},{"floor":44,"key":"Darkstone Periapt"},{"floor":46,"key":"Strawberry"},{"floor":47,"key":"Ice Cream"},{"floor":54,"key":"Bird Faced Urn"}],"event_choices":[{"damage_healed":0.0,"max_hp_gain":0.0,"max_hp_loss":0.0,"gold_gain":0.0,"event_name":"Living Wall","player_choice":"Grow","floor":2.0,"gold_loss":0.0,"damage_taken":0.0,"cards_upgraded":["Perfected Strike"]},{"damage_healed":0.0,"max_hp_gain":5.0,"max_hp_loss":0.0,"gold_gain":0.0,"event_name":"Forgotten Altar","player_choice":"Shed Blood","floor":29.0,"gold_loss":0.0,"damage_taken":25.0},{"damage_healed":0,"gold_gain":0,"player_choice":"Paid","damage_taken":0,"relics_obtained":["Red Mask"],"max_hp_gain":0,"max_hp_loss":0,"event_name":"Tomb of Lord Red Mask","floor":39,"gold_loss":55},{"damage_healed":0,"gold_gain":0,"player_choice":"Fight","damage_taken":0,"max_hp_gain":0,"max_hp_loss":0,"event_name":"Mysterious Sphere","floor":47,"gold_loss":0},{"cards_removed":["Defend_R"],"damage_healed":0,"gold_gain":0,"player_choice":"Removed Skill","damage_taken":0,"max_hp_gain":0,"max_hp_loss":0,"event_name":"Falling","floor":48,"gold_loss":0}],"is_beta":false,"boss_relics":[{"not_picked":["Empty Cage","Pandora\u0027s Box"],"picked":"Snecko Eye"},{"not_picked":["SacredBark","Black Blood"],"picked":"Cursed Key"}],"items_purged_floors":[14],"is_endless":false,"potions_floor_spawned":[4,6,8,19,20,25,30,31,37,38,42,54],"ascension_level":0}}