{"host":"sjj8vlgjxyarc0at","time":1610156551,"event":{"mods":["BaseMod","Colored Powertips","Minty Spire (QoL Compilation)","Replay The Spire","SOS（斯巴达之子）","StSLib","The Administrix","The Construct","The Servant 0.9.4","【功能Mod】聪明的最终Boss"],"gold_per_floor":[164,231,245,73,73,125,125,171,171,171,151,197,197,217,217,351,351,386,386,386,417,457,457,407,472,472,513,35,35,61,76,76,189,189,208,208,271,283,49,49,34,34],"floor_reached":41,"playtime":3858,"items_purged":[],"score":539,"play_id":"595b6aa7-82b2-41da-ac5d-c48fb3dced8e","local_time":"20210109094231","is_ascension_mode":true,"campfire_choices":[{"data":"Straight","floor":7,"key":"SMITH"},{"data":"Swordcombo","floor":10,"key":"SMITH"},{"data":"LucifercomboB","floor":13,"key":"SMITH"},{"data":"Lucifer","floor":15,"key":"SMITH"},{"data":"Kick13","floor":23,"key":"SMITH"},{"data":"Stinger","floor":29,"key":"SMITH"},{"data":"Rebellion","floor":32,"key":"SMITH"},{"data":"Straight","floor":40,"key":"SMITH"}],"circlet_count":0,"master_deck":["Attack_a+1","Attack_a+1","Attack_b","Shoot","Shoot","Provocation+1","Defend_Dante","Defend_Dante","Defend_Dante","Defend_Dante","Redorb","LucifercomboB+1","Gunstinger+1","Lucifer+1","Royaldefend","Swordcombo+1","Straight+1","Chargeshoot","Greenorb+1","Airhike+1","Demonreform+1","LucifercomboC","Weaponchange+1","SSScard+1","Kick13+1","Greenorb+1","Stinger+1","Rebellion+1","Swordcombo","BeastUppercut","Greenorb+1","DevilstarL+1","Dash2+1","VitalstarS+1","Hightime+1","Swordcombo","Panache","Greenorb+1","Swordmaster+1","Kick13+1","Whiteorb+1","Straight+1"],"relics":["SSS","Combocheck","Replay:Bottled Snecko","Ice Cream","Letter Opener","Toxic Egg 2","Sozu","Eternal Feather","Iron Hammer","Replay:Bottled Steam","Membership Card","Replay:Bottled Eggs","Coffee Dripper","Orrery"],"acts_visited":["Exordium","TheCity","TheBeyond"],"potions_floor_usage":[],"damage_taken":[{"damage":0,"enemies":"Cultist","floor":1,"turns":3},{"damage":1,"enemies":"Jaw Worm","floor":2,"turns":6},{"damage":1,"enemies":"2 Louse","floor":3,"turns":3},{"damage":6,"enemies":"Gremlin Nob","floor":6,"turns":3},{"damage":18,"enemies":"3 Sentries","floor":8,"turns":5},{"damage":0,"enemies":"Gremlin Gang","floor":12,"turns":2},{"damage":0,"enemies":"Blue Slaver","floor":14,"turns":2},{"damage":22,"enemies":"The Guardian","floor":16,"turns":11},{"damage":11,"enemies":"2 Thieves","floor":18,"turns":4},{"damage":7,"enemies":"Shell Parasite","floor":21,"turns":3},{"damage":1,"enemies":"Cultist and Chosen","floor":22,"turns":4},{"damage":28,"enemies":"Slavers","floor":25,"turns":4},{"damage":0,"enemies":"Gremlin Leader","floor":27,"turns":2},{"damage":0,"enemies":"Chosen and Byrds","floor":30,"turns":3},{"damage":0,"enemies":"Snecko","floor":31,"turns":2},{"damage":11,"enemies":"Champ","floor":33,"turns":4},{"damage":6,"enemies":"Orb Walker","floor":35,"turns":3},{"damage":52,"enemies":"3 Shapes","floor":37,"turns":3},{"damage":58,"enemies":"3 Darklings","floor":38,"turns":6},{"damage":42,"enemies":"Nemesis","floor":41,"turns":2}],"seed_played":"-4564408347693317400","potions_obtained":[{"floor":1,"key":"SneckoOil"},{"floor":6,"key":"FearPotion"},{"floor":11,"key":"SteroidPotion"},{"floor":16,"key":"LiquidMemories"}],"is_trial":false,"path_per_floor":["M","M","M","$","T","E","R","E","T","R","?","M","R","M","R","B",null,"M","?","?","M","M","R","?","E","T","E","$","R","M","M","R","B",null,"M","?","M","M","$","R","E"],"character_chosen":"DANTE","items_purchased":["Royaldefend","Swordcombo","Rebellion","Swordcombo","Membership Card","Replay:Bottled Eggs","Swordcombo","Panache","Orrery"],"campfire_rested":0,"item_purchase_floors":[4,4,28,28,28,28,39,39,39],"current_hp_per_floor":[80,79,78,78,78,72,72,54,54,54,54,54,54,54,54,34,80,80,80,80,80,80,80,80,60,60,71,71,80,80,80,80,80,80,80,80,44,11,11,35,0,0],"gold":34,"neow_bonus":"UPGRADE_CARD","is_daily":false,"chose_seed":false,"campfire_upgraded":8,"win_rate":0.0,"timestamp":1610156551,"path_taken":["M","?","M","$","?","E","R","E","T","R","?","M","R","?","R","BOSS","M","?","?","?","M","R","?","E","T","E","$","R","M","?","R","BOSS","M","?","M","M","$","R","E"],"items_purchased_type":["Card","Card","Card","Card","Relic","Relic","Card","Card","Relic"],"build_version":"2020-12-22","purchased_purges":0,"victory":false,"max_hp_per_floor":[80,80,80,80,80,80,80,80,80,80,80,80,80,80,80,80,80,80,80,80,80,80,80,80,80,80,80,80,80,80,80,80,80,80,80,80,80,80,80,80,80,80],"card_choices":[{"not_picked":["DevilstarS","GilgameshcomboA"],"picked":"LucifercomboB","floor":1},{"not_picked":["Dash1","Millionkick"],"picked":"Gunstinger","floor":2},{"not_picked":["SSScard","LucifercomboB"],"picked":"Lucifer","floor":3},{"not_picked":["EbonyIvory","Splesh"],"picked":"Straight","floor":6},{"not_picked":["Fullhouse","Royalguard"],"picked":"Chargeshoot","floor":8},{"not_picked":["LucifercomboC","Honeycombofire+1"],"picked":"Greenorb+1","floor":12},{"not_picked":["Splesh","Holywater+1"],"picked":"Airhike+1","floor":14},{"not_picked":["Airtrick+1","VitalstarL+1"],"picked":"Demonreform+1","floor":16},{"not_picked":["Dash1+1","Stinger+1"],"picked":"LucifercomboC","floor":18},{"not_picked":["Swordmaster+1","LucifercomboD"],"picked":"SSScard+1","floor":21},{"not_picked":["Chargeshoot2","Ecstasy+1"],"picked":"Kick13","floor":22},{"not_picked":["Demonreform+1","Millionkick"],"picked":"Greenorb+1","floor":25},{"not_picked":["Unrisingdragon","Gunstinger"],"picked":"Stinger","floor":27},{"not_picked":["EbonyIvory+1","Dash1+1"],"picked":"BeastUppercut","floor":30},{"not_picked":["BeastUppercut","Chargeshoot"],"picked":"Greenorb+1","floor":31},{"not_picked":["VitalstarL+1","Demonreform+1"],"picked":"DevilstarL+1","floor":33},{"not_picked":["Rebellion+1","Holywater+1"],"picked":"Dash2+1","floor":35},{"not_picked":["Rebellion","Pandora"],"picked":"VitalstarS+1","floor":37},{"not_picked":["Kick13+1","Shock"],"picked":"Hightime+1","floor":38},{"not_picked":["EbonyIvory","Weaponchange+1"],"picked":"Greenorb+1","floor":39},{"not_picked":["Hightime+1","Weaponchange+1"],"picked":"Swordmaster+1","floor":39},{"not_picked":["DT+1","LucifercomboA+1"],"picked":"Kick13+1","floor":39},{"not_picked":["VitalstarS+1","EbonyIvory+1"],"picked":"Whiteorb+1","floor":39},{"not_picked":["Weaponupgrade+1","Honeycombofire+1"],"picked":"Straight","floor":39}],"player_experience":27643,"relics_obtained":[{"floor":5,"key":"Replay:Bottled Snecko"},{"floor":6,"key":"Ice Cream"},{"floor":8,"key":"Letter Opener"},{"floor":9,"key":"Toxic Egg 2"},{"floor":25,"key":"Eternal Feather"},{"floor":26,"key":"Iron Hammer"},{"floor":27,"key":"Replay:Bottled Steam"}],"event_choices":[{"damage_healed":0,"gold_gain":0,"player_choice":"Bought 1 Potion","damage_taken":0,"max_hp_gain":0,"max_hp_loss":0,"event_name":"The Woman in Blue","floor":11,"gold_loss":0},{"damage_healed":0,"gold_gain":0,"player_choice":"Read","damage_taken":0,"max_hp_gain":0,"max_hp_loss":0,"event_name":"The Library","floor":19,"gold_loss":0,"cards_obtained":["Weaponchange"]},{"damage_healed":0,"gold_gain":0,"player_choice":"Forge","damage_taken":0,"max_hp_gain":0,"max_hp_loss":0,"event_name":"Accursed Blacksmith","floor":20,"gold_loss":0,"cards_upgraded":["Gunstinger"]},{"damage_healed":0,"gold_gain":0,"player_choice":"Bet on Murderer","damage_taken":0,"max_hp_gain":0,"max_hp_loss":0,"event_name":"The Joust","floor":24,"gold_loss":50},{"damage_healed":0,"gold_gain":0,"player_choice":"Ignored","damage_taken":0,"max_hp_gain":0,"max_hp_loss":0,"event_name":"Tomb of Lord Red Mask","floor":36,"gold_loss":0}],"is_beta":false,"boss_relics":[{"not_picked":["Replay:Grab Bag","Honey Jar"],"picked":"Sozu"},{"not_picked":["Astrolabe","Replay:Wanted Poster"],"picked":"Coffee Dripper"}],"items_purged_floors":[],"is_endless":false,"potions_floor_spawned":[1,6,14,16,21,25,33,35,38],"killed_by":"Nemesis","ascension_level":1}}