{"host":"0kliq79v4h130vq5","time":1610206143,"event":{"mods":["ATMod(∞¢Ë™Mod)","BaseMod","Minty Spire (QoL Compilation)","Quick Restart","Remilia£®¿Ÿ√◊¿Ú—«£©","StSLib","The Servant 0.9.4","Youmu£®ªÍ∆«—˝√Œ£©","°æ“≈ŒÔø®≈∆°øREMEMod"],"gold_per_floor":[138,63,63,83,83,123,143,143,193,50,90,105,146,162,162,283,283,304,329,428,444,487,523,613,626,626,526,602,602,637,365,365,488,488,509,509,61,61,85,116,116,184,252,272,272,285,305,130,130,160],"floor_reached":51,"playtime":12231,"items_purged":["Strike_S","Strike_S","Strike_S","Strike_S","Defend_S"],"score":1060,"play_id":"00e6a926-da85-4df7-a7b2-d23498c0d0c1","local_time":"20210109232903","is_ascension_mode":true,"campfire_choices":[{"data":"VoidnessSword","floor":8.0,"key":"SMITH"},{"floor":15.0,"key":"REST"},{"data":"Meteor Strike","floor":29.0,"key":"SMITH"},{"data":"Duplication","floor":32.0,"key":"SMITH"},{"data":"AT_FamilyPortrait","floor":41.0,"key":"SMITH"},{"data":"Rearm","floor":49.0,"key":"SMITH"}],"circlet_count":0,"master_deck":["Defend_S","Defend_S","Defend_S","KidneyShot","Exchange","VoidnessSword+1","AT_FamilyPortrait+1","Read","FloweringNight","Rearm+1","REME_MagicPocketWatch","Meteor Strike+1","AT_ThreeBodyProblem","Sanctity","REME_MagicPocketWatch","Duplication+1","Reaper","Apotheosis","Fasting2+1"],"relics":["Uniform","AT_ATBox","REME_ComplimentaryCards","NeowsBlessing","Golden Idol","Tiny Chest","Bag of Preparation","PrismaticShard","White Beast Statue","Orichalcum","AT_BellDemon","AT_TrinityForce","Red Mask","Shuriken","InkBottle","Sundial","Singing Bowl","REME_LowDesire","Bronze Scales","Centennial Puzzle","Juzu Bracelet","ClockworkSouvenir","AT_RedTearstoneRing","AT_DeathDance","REME_HourglassOfDeath"],"acts_visited":["Exordium","TheCity","TheBeyond"],"potions_floor_usage":[50,50],"damage_taken":[{"damage":0.0,"enemies":"Small Slimes","floor":1.0,"turns":1.0},{"damage":0.0,"enemies":"Jaw Worm","floor":4.0,"turns":1.0},{"damage":0.0,"enemies":"Gremlin Nob","floor":6.0,"turns":1.0},{"damage":7.0,"enemies":"2 Louse","floor":7.0,"turns":3.0},{"damage":0.0,"enemies":"Lagavulin","floor":11.0,"turns":5.0},{"damage":30.0,"enemies":"Gremlin Gang","floor":12.0,"turns":5.0},{"damage":17.0,"enemies":"Gremlin Nob","floor":13.0,"turns":5.0},{"damage":4.0,"enemies":"Looter","floor":14.0,"turns":3.0},{"damage":0.0,"enemies":"Hexaghost","floor":16.0,"turns":11.0},{"damage":0.0,"enemies":"Chosen","floor":18.0,"turns":2.0},{"damage":0.0,"enemies":"3 Byrds","floor":19.0,"turns":3.0},{"damage":8.0,"enemies":"Centurion and Healer","floor":21.0,"turns":2.0},{"damage":0.0,"enemies":"Masked Bandits","floor":22.0,"turns":3.0},{"damage":6.0,"enemies":"Book of Stabbing","floor":23.0,"turns":4.0},{"damage":2.0,"enemies":"Shelled Parasite and Fungi","floor":25.0,"turns":2.0},{"damage":5.0,"enemies":"Slavers","floor":30.0,"turns":3.0},{"damage":0.0,"enemies":"Automaton","floor":33.0,"turns":2.0},{"damage":0.0,"enemies":"3 Shapes","floor":35.0,"turns":2.0},{"damage":1.0,"enemies":"3 Darklings","floor":39.0,"turns":3.0},{"damage":0.0,"enemies":"Reptomancer","floor":40.0,"turns":2.0},{"damage":0.0,"enemies":"Giant Head","floor":42.0,"turns":3.0},{"damage":0.0,"enemies":"Transient","floor":44.0,"turns":3.0},{"damage":0.0,"enemies":"Maw","floor":46.0,"turns":2.0},{"damage":0.0,"enemies":"Sphere and 2 Shapes","floor":47.0,"turns":3.0},{"damage":13,"enemies":"Time Eater","floor":50,"turns":2}],"seed_played":"7538891868362179583","potions_obtained":[{"floor":6.0,"key":"FairyPotion"},{"floor":7.0,"key":"FearPotion"},{"floor":12.0,"key":"SpeedPotion"},{"floor":13.0,"key":"ColorlessPotion"},{"floor":14.0,"key":"DistilledChaos"},{"floor":16.0,"key":"Strength Potion"},{"floor":22.0,"key":"Energy Potion"},{"floor":23.0,"key":"LiquidMemories"},{"floor":25.0,"key":"SneckoOil"},{"floor":30.0,"key":"SkillPotion"},{"floor":33.0,"key":"Swift Potion"},{"floor":35.0,"key":"ColorlessPotion"},{"floor":40.0,"key":"Fire Potion"},{"floor":42.0,"key":"REME_GoldPotion"},{"floor":44.0,"key":"AttackPotion"}],"is_trial":false,"path_per_floor":["M","$","?","M","?","E","M","R","T","$","E","M","E","M","R","B",null,"M","M","?","M","?","E","?","M","T","$","T","R","E","$","R","B",null,"M","?","$","?","M","E","R","E","T","M","T","M","M","$","R","B",null],"character_chosen":"THE_SERVANT","items_purchased":["PrismaticShard","Duplication","Juzu Bracelet","ClockworkSouvenir"],"campfire_rested":1,"item_purchase_floors":[10,31,37,37],"current_hp_per_floor":[65,65,65,65,49,49,42,42,42,42,42,12,18,14,33,33,65,65,65,65,57,57,51,39,37,37,37,37,37,34,34,34,34,67,67,64,64,64,64,66,66,68,68,70,70,72,74,74,74,61],"gold":160,"neow_bonus":"THREE_ENEMY_KILL","is_daily":false,"chose_seed":false,"campfire_upgraded":5,"win_rate":0.0,"timestamp":1610206143,"path_taken":["M","$","?","M","?","E","M","R","T","$","E","M","E","M","R","BOSS","M","M","?","M","?","E","?","M","T","$","?","R","E","?","R","BOSS","M","?","$","?","M","E","R","E","T","M","?","M","M","$","R","BOSS"],"items_purchased_type":["Relic","Card","Relic","Relic"],"build_version":"2020-12-22","purchased_purges":5,"victory":true,"max_hp_per_floor":[65,65,65,65,65,65,65,65,65,65,65,65,65,65,65,65,65,65,65,65,65,65,65,65,65,65,65,65,65,67,67,67,67,67,67,64,64,64,64,66,66,68,68,70,70,72,74,74,74,74],"card_choices":[{"not_picked":["Ricochet","Rewind","Potential"],"picked":"SKIP","floor":1.0},{"not_picked":["FastForward","Rearm"],"picked":"Read","floor":4.0},{"not_picked":["Potential","Rearm"],"picked":"FloweringNight","floor":6.0},{"not_picked":["Unruled","Revamp"],"picked":"Rearm","floor":7.0},{"not_picked":["Quick Slash","Flex","Ricochet"],"picked":"SKIP","floor":11.0},{"not_picked":["DevilSight","AT_SoftenMuscles"],"picked":"REME_MagicPocketWatch","floor":12.0},{"not_picked":["AT_DarkMatter","Consecrate","Headbutt"],"picked":"SKIP","floor":13.0},{"not_picked":["ScarletImprint","SpiderLilyBurial","AT_WarpDrive"],"picked":"SKIP","floor":14.0},{"not_picked":["Feed","SlashOfSaigyouSpringWind"],"picked":"Meteor Strike","floor":16.0},{"not_picked":["Spin","DoubleWheelOfPain","Bane"],"picked":"SKIP","floor":18.0},{"not_picked":["FlashingScatteredFlowers","Deep Breath"],"picked":"AT_ThreeBodyProblem","floor":19.0},{"not_picked":["FastForward","Reflex"],"picked":"Sanctity","floor":21.0},{"not_picked":["FavorOfDestiny","Rewind","AT_EmpoweredMortalDraw"],"picked":"SKIP","floor":23.0},{"not_picked":["BlasphemousPunishment","Unruled"],"picked":"REME_MagicPocketWatch","floor":25.0},{"not_picked":["REME_EmptyShield","Sweeping Beam","Stack+1"],"picked":"Singing Bowl","floor":30.0},{"not_picked":["Die Die Die","REME_TheLastStrike"],"picked":"Reaper","floor":33.0},{"not_picked":["FavorOfDestiny+1","CrushJoints+1","Ricochet"],"picked":"Apotheosis","floor":35.0},{"not_picked":["Melter","Cleave","Madness"],"picked":"Fasting2+1","floor":39.0},{"not_picked":["Wild Strike+1","Skewer","ThreeKonsSevenHakus+1","Violence"],"picked":"Singing Bowl","floor":40.0},{"not_picked":["ReachHeaven","ClearTheMind+1","Stack+1","Trip"],"picked":"Singing Bowl","floor":42.0},{"not_picked":["Gash","Conserve Battery","Catalyst","Mind Blast+1"],"picked":"Singing Bowl","floor":44.0},{"not_picked":["AT_ChampionKick","Prostrate","ThreeKonsSevenHakus","REME_MawOfCthun"],"picked":"Singing Bowl","floor":46.0},{"not_picked":["Prepared","REME_Repentance+1","Ball Lightning","Metamorphosis"],"picked":"Singing Bowl","floor":47.0}],"player_experience":97879,"relics_obtained":[{"floor":6.0,"key":"Tiny Chest"},{"floor":9.0,"key":"Bag of Preparation"},{"floor":11.0,"key":"White Beast Statue"},{"floor":13.0,"key":"Orichalcum"},{"floor":22.0,"key":"Red Mask"},{"floor":23.0,"key":"Shuriken"},{"floor":26.0,"key":"InkBottle"},{"floor":28.0,"key":"Sundial"},{"floor":30.0,"key":"Singing Bowl"},{"floor":34.0,"key":"Bronze Scales"},{"floor":34.0,"key":"Centennial Puzzle"},{"floor":40.0,"key":"AT_RedTearstoneRing"},{"floor":42.0,"key":"AT_DeathDance"},{"floor":43.0,"key":"REME_HourglassOfDeath"}],"event_choices":[{"damage_healed":0.0,"max_hp_gain":0.0,"max_hp_loss":0.0,"gold_gain":0.0,"event_name":"Liars Game","player_choice":"Ignored","floor":3.0,"gold_loss":0.0,"damage_taken":0.0},{"damage_healed":0.0,"max_hp_gain":0.0,"max_hp_loss":0.0,"gold_gain":0.0,"event_name":"Golden Idol","player_choice":"Take Damage","floor":5.0,"gold_loss":0.0,"damage_taken":16.0,"relics_obtained":["Golden Idol"]},{"damage_healed":0.0,"max_hp_gain":0.0,"max_hp_loss":0.0,"gold_gain":99.0,"event_name":"Nest","player_choice":"Stole From Cult","floor":20.0,"gold_loss":0.0,"damage_taken":0.0},{"damage_healed":0.0,"max_hp_gain":0.0,"max_hp_loss":0.0,"gold_gain":0.0,"event_name":"Masked Bandits","player_choice":"Fought Bandits","floor":22.0,"gold_loss":0.0,"damage_taken":0.0},{"damage_healed":0.0,"max_hp_gain":0.0,"max_hp_loss":0.0,"gold_gain":90.0,"event_name":"Knowing Skull","player_choice":"GOLD ","floor":24.0,"potions_obtained":[],"gold_loss":0.0,"damage_taken":12.0,"cards_obtained":[]},{"damage_healed":0.0,"max_hp_gain":0.0,"max_hp_loss":3.0,"gold_gain":0.0,"event_name":"Winding Halls","player_choice":"Max HP","floor":36.0,"gold_loss":0.0,"damage_taken":0.0},{"damage_healed":0.0,"max_hp_gain":0.0,"max_hp_loss":0.0,"gold_gain":0.0,"event_name":"The Woman in Blue","player_choice":"Bought 0 Potions","floor":38.0,"gold_loss":0.0,"damage_taken":0.0}],"is_beta":false,"boss_relics":[{"not_picked":["Black Star","Cursed Key"],"picked":"AT_TrinityForce"},{"not_picked":["SlaversCollar","Busted Crown"],"picked":"REME_LowDesire"}],"items_purged_floors":[2,27,31,37,48],"is_endless":false,"potions_floor_spawned":[6,7,12,13,14,16,18,19,21,22,23,25,30,33,35,39,40,42,44,46,47],"ascension_level":1}}