{"host":"jm9833yuloeli2yd","time":1610157666,"event":{"mods":["BaseMod","Better Altar","Better Match","Better Note","Better Sensory Stone","Better Skull","Better Third Choice","Better Vampires","BetterRewards","Colored Map","Colored Powertips","DeckTracker","Minty Spire (QoL Compilation)","Permanent Neow","Quick Restart","Slay-I","StSLib","SuperFastMode"],"gold_per_floor":[117,117,5,22,42,74,134,134,158,158,158,184,196,228,228,301,301,321,321,321,332,44,78,78,78],"floor_reached":24,"playtime":862,"items_purged":["Dagger Spray"],"score":464,"play_id":"6d51d7b9-ddc1-4c6a-9c98-f15b2edcb91d","local_time":"20210108210106","is_ascension_mode":true,"campfire_choices":[{"floor":8,"key":"REST"},{"data":"Footwork","floor":15,"key":"SMITH"}],"circlet_count":0,"master_deck":["AscendersBane","Survivor+1","Neutralize+1","Noxious Fumes","Blade Dance","Dagger Throw","Footwork+1","Masterful Stab","Malaise","Catalyst","Crippling Poison","Dagger Throw","Eviscerate","Tools of the Trade","A Thousand Cuts","Dodge and Roll","Endless Agony","Infinite Blades","Leg Sweep+1","Infinite Blades","Ghostly","Ghostly","Ghostly","Cloak And Dagger","Well Laid Plans","All Out Attack+1"],"relics":["Ring of the Snake","Omamori","WarpedTongs","Bag of Marbles","Du-Vu Doll","Juzu Bracelet","StoneCalendar","War Paint","Regal Pillow","Pandora\u0027s Box","ClockworkSouvenir","Smiling Mask"],"acts_visited":["Exordium","TheCity"],"potions_floor_usage":[6,13,14,21,23,23],"damage_taken":[{"damage":10,"enemies":"Small Slimes","floor":1,"turns":6},{"damage":4,"enemies":"Cultist","floor":4,"turns":5},{"damage":0,"enemies":"2 Louse","floor":5,"turns":3},{"damage":6,"enemies":"Lagavulin","floor":6,"turns":7},{"damage":24,"enemies":"Gremlin Nob","floor":7,"turns":4},{"damage":6,"enemies":"Gremlin Nob","floor":12,"turns":3},{"damage":3,"enemies":"Exordium Thugs","floor":13,"turns":2},{"damage":3,"enemies":"3 Sentries","floor":14,"turns":5},{"damage":8,"enemies":"Hexaghost","floor":16,"turns":8},{"damage":5,"enemies":"3 Byrds","floor":18,"turns":5},{"damage":1,"enemies":"Spheric Guardian","floor":21,"turns":6},{"damage":36,"enemies":"Book of Stabbing","floor":23,"turns":7},{"damage":16,"enemies":"Snecko","floor":24,"turns":4}],"seed_played":"1751011755598835229","potions_obtained":[{"floor":1,"key":"Energy Potion"},{"floor":7,"key":"SkillPotion"},{"floor":12,"key":"GhostInAJar"},{"floor":16,"key":"Explosive Potion"},{"floor":18,"key":"Block Potion"},{"floor":21,"key":"Fruit Juice"}],"is_trial":false,"path_per_floor":["M","?","$","M","M","E","?","R","T","?","?","E","M","E","R","B",null,"M","?","?","M","$","E","M"],"character_chosen":"THE_SILENT","items_purchased":["CultistPotion","ClockworkSouvenir","Well Laid Plans"],"campfire_rested":1,"item_purchase_floors":[3,22,22],"current_hp_per_floor":[49,49,49,45,45,39,15,34,34,34,34,28,25,22,22,14,53,48,48,33,32,32,1,0,0],"gold":78,"neow_bonus":"RANDOM_COMMON_RELIC","is_daily":false,"chose_seed":false,"campfire_upgraded":1,"win_rate":0.0,"timestamp":1610157666,"path_taken":["M","?","?","M","?","E","?","R","T","?","?","E","M","E","R","BOSS","M","?","?","M","$","E","M"],"items_purchased_type":["Potion","Relic","Card"],"build_version":"2020-12-22","purchased_purges":1,"victory":false,"max_hp_per_floor":[66,66,66,66,66,66,66,66,66,66,66,66,66,66,66,66,66,66,66,33,33,33,38,38,38],"card_choices":[{"not_picked":["Acrobatics","Setup"],"picked":"Noxious Fumes","floor":1},{"not_picked":["Reflex","Deflect"],"picked":"Blade Dance","floor":4},{"not_picked":["Deflect","Outmaneuver"],"picked":"Dagger Spray","floor":5},{"not_picked":["Dagger Spray","Deadly Poison"],"picked":"Dagger Throw","floor":6},{"not_picked":["Dagger Spray","Quick Slash"],"picked":"Footwork","floor":12},{"not_picked":["Quick Slash","Sucker Punch","Eviscerate"],"picked":"SKIP","floor":13},{"not_picked":["Slice","Sucker Punch"],"picked":"Masterful Stab","floor":14},{"not_picked":["Bullet Time","Storm of Steel"],"picked":"Malaise","floor":16},{"not_picked":["Dash","Footwork"],"picked":"Leg Sweep+1","floor":18},{"not_picked":["Sucker Punch","Flying Knee"],"picked":"Cloak And Dagger","floor":21},{"not_picked":["Heel Hook","Riddle With Holes"],"picked":"All Out Attack+1","floor":23}],"player_experience":1286923,"relics_obtained":[{"floor":6,"key":"Bag of Marbles"},{"floor":7,"key":"Du-Vu Doll"},{"floor":9,"key":"Juzu Bracelet"},{"floor":12,"key":"War Paint"},{"floor":14,"key":"Regal Pillow"},{"floor":23,"key":"Smiling Mask"}],"event_choices":[{"damage_healed":0,"gold_gain":0,"player_choice":"Rummage","damage_taken":0,"relics_obtained":["WarpedTongs"],"max_hp_gain":0,"max_hp_loss":0,"event_name":"Accursed Blacksmith","floor":2,"gold_loss":0,"cards_obtained":["Pain"]},{"damage_healed":0,"gold_gain":0,"player_choice":"Searched \u00271\u0027 times","damage_taken":0,"max_hp_gain":0,"max_hp_loss":0,"event_name":"Dead Adventurer","floor":7,"gold_loss":0},{"damage_healed":0,"gold_gain":0,"player_choice":"Grow","damage_taken":0,"max_hp_gain":0,"max_hp_loss":0,"event_name":"Living Wall","floor":10,"gold_loss":0,"cards_upgraded":["Neutralize"]},{"damage_healed":0,"gold_gain":0,"player_choice":"Gave Potion","damage_taken":0,"relics_obtained":["StoneCalendar"],"max_hp_gain":0,"max_hp_loss":0,"event_name":"WeMeetAgain","floor":11,"gold_loss":0},{"damage_healed":0,"gold_gain":0,"cards_transformed":["Setup"],"player_choice":"Transformed","damage_taken":0,"max_hp_gain":0,"max_hp_loss":0,"event_name":"Transmorgrifier","floor":19,"gold_loss":0,"cards_obtained":["Infinite Blades"]},{"damage_healed":0,"gold_gain":0,"player_choice":"Became a Ghost","damage_taken":0,"max_hp_gain":0,"max_hp_loss":33,"event_name":"Ghosts","floor":20,"gold_loss":0,"cards_obtained":["Ghostly","Ghostly","Ghostly"]}],"is_beta":false,"boss_relics":[{"not_picked":["Tiny House","Runic Dome"],"picked":"Pandora\u0027s Box"}],"items_purged_floors":[22],"is_endless":false,"potions_floor_spawned":[1,7,12,16,18,21],"killed_by":"Snecko","ascension_level":20}}