{"host":"2i0myh7fqij2ti1z","time":1610200993,"event":{"mods":["Aspiration","BaseMod","Better Third Choice","Colored Powertips","FoggyMod","GifTheSpireLib","Highlight Path","Minty Spire (QoL Compilation)","Permanent Neow","Quick Restart","Random Character Button","Random Character Mod","Relic Sorter","Replay The Spire","Shop Mod","Spicy Shops","StSLib","Stuff the Spire","Transform Curses","Wandering Minibosses","vexMod"],"gold_per_floor":[99,8901,8917,7345,7361,7393,6321,6354,6400,6428,6461,6471,6471,6505,6505,6609,6609,6620,6634,6634,6704,5599,5627,5652,5652,5678,4539,4565,4595,4624,3321,3321,3419,3419,3437,3437,3437,3455,3480,3512,2567,2595,2663,2695,2725,2757,972,20,20,123,223,241,241,254,229,255,289,302,332,359,388,9001,9030,7703,7730,7730,7826,7826,7836,6905,6097,6097,5629,5654,5696,5740,5752,5764,5776,5065,5065,4738,4738,4843,4843,4865,4865,4912,4430,4369,4401,3883,3883,3883,3919,3013,3035,2406,2422,2422,2527,2527,2527],"floor_reached":102,"playtime":5790,"items_purged":["Redo","Go for the Eyes","StuffTheSpire:Plugnplay","Redo","StuffTheSpire:Snapshot","BootSequence","Thunder Strike+1","StuffTheSpire:SnapShoot","StuffTheSpire:Snapshot","Rainbow+1","Rainbow+1","StuffTheSpire:Plugnplay+1","Double Energy+1","Injury","Hologram+1","ReplayTheSpireMod:Calculation Training+1","Redo+1","Pain","Chaos+1","Fusion+1","All For One+1","Hologram+1"],"score":2991,"play_id":"bec8fdfa-8adb-46eb-99ab-b34c7fd303cd","local_time":"20210109220313","daily_mods":["SealedDeck","Specialized","Heirloom","Flight","DeadlyEvents","Elite Swarm"],"is_ascension_mode":true,"campfire_choices":[{"data":"Defragment","floor":13.0,"key":"SMITH"},{"data":"Loop","floor":15.0,"key":"SMITH"},{"data":"White Noise","floor":32.0,"key":"SMITH"},{"data":"Chaos","floor":49.0,"key":"SMITH"},{"data":"Defragment+1","floor":66.0,"key":"PURGE"},{"floor":93,"key":"REST"},{"data":"1","floor":100,"key":"LIFT"}],"circlet_count":0,"master_deck":["Redo+1","Redo+1","aspiration:Polymerization+1","White Noise+1","FIFO Queue+1","Ball Lightning+1","Loop+1","Echo Form+1","Electrodynamics+1","Buffer+1","wanderingMiniBosses:FinaleOfPromise+1","Echo Form+1","aspiration:Polymerization+1","Seek+1","Machine Learning+1","Echo Form+1","Double Energy+1","aspiration:Polymerization+1","Apotheosis+1","White Noise+1","Chaos+1","ReplayUltimateDefense+1","StuffTheSpire:Recharge+1","Defragment+1","StuffTheSpire:Harmony+1","Hologram+1","Loop+1","Panacea+1","StuffTheSpire:Harmony+1","Seek+1","DevaForm+1","Night Terror+1","Chaos+1","Ragnarok+1"],"relics":["Cracked Core","Ring of Chaos","Replay:Towering Pillar of Hats","Sling","StuffTheSpire:Rhapsscallions","StuffTheSpire:Wildfire","aspiration:Lifesprig","Replay:Wax Seal","Matryoshka","aspiration:MysteriousAuxiliaryCore","Divine Protection","DataDisk","vexMod:Spyglass","StuffTheSpire:BottledEssence","MealTicket","Raider\u0027s Mask","Gremlin Food","Strange Spoon","Omamori","Golden Egg","vexMod:FocusSash","Prayer Wheel","Molten Egg 2","Replay:Mystery Machine","StuffTheSpire:GrapeVine","StuffTheSpire:DarkSteelAnvil","Bottled Flame","Sozu","wanderingMiniBosses:Blackblade","Nilry\u0027s Codex","Bag of Preparation","aspiration:StickyExplosives_weak","Ornamental Fan","StuffTheSpire:Barrel","vexMod:PaidLearning","vexMod:RedPlottingStone","Thread and Needle","Ancient Tea Set","BargainBundle","ClockworkSouvenir","Emotion Chip","Dream Catcher","Solar Panel","Turnip","StuffTheSpire:Gunfinga","Replay:PocketPolymizer","StuffTheSpire:Experiment12","aspiration:Nostalgia","Iron Core","OrangePellets","aspiration:ArtOfWarUpgrade","aspiration:HummingbirdHeart","Pear","Runic Dome","Lantern","Peace Pipe","aspiration:EnhancedActuators","Replay:Baseball","ReplayTheSpireMod:Lightbulb","Singing Bowl","vexMod:HeadHunter","Iron Hammer","Potion Belt","Cables","Blue Candle","Runic Capacitor","ReplayFunnel","aspiration:FaultyCoupler","Kunai","Bag of Marbles","Cauldron","Frozen Egg 2","Chemical X","Eternal Feather","Orrery","Replay:Wanted Poster","Pen Nib","War Paint","Pondfish Scales","Smiling Mask","Geode","HandDrill","Quantum Egg","vexMod:CardConverter","Pocketwatch","Replay:Kaleidoscope","Oddly Smooth Stone","Blood Vial","Darkstone Periapt","StrikeDummy","Medical Kit","FossilizedHelix","Regal Pillow","Philosopher\u0027s Stone","Orichalcum","StuffTheSpire:Saxophone","StuffTheSpire:CocoNut","Blue Doll","Meat on the Bone","ReplayTheSpireMod:ShopPack","Membership Card","Toxic Egg 2","Replay:WaspNest","StuffTheSpire:PointBlank","Bottled Tornado","vexMod:ScavengeHelm","StuffTheSpire:ForceGauntlet","Magic Flower","Guide Book","Whetstone","MawBank","Chameleon Ring","StuffTheSpire:ColdMirror","ReplayTheSpireMod:Ninjato","PrismaticShard","Frozen Eye","Mirror","StuffTheSpire:EmeraldSignet","aspiration:FetidBarrel","Replay:Bandana","Toolbox","Ginger","Question Card","StuffTheSpire:HeavyRock","vexMod:Cooldron","Black Star","StuffTheSpire:Nightcore","Replay:Frozen Program","TheAbacus","Happy Flower","ReplayTheSpireMod:TigerMarble","Tiny Chest","Mercury Hourglass","Replay:Bottled Steam","Sundial","vexMod:BarristanHead","Shuriken","Letter Opener","Snack Pack","vexMod:MemoryStick","Lee\u0027s Waffle","BranchBurnRelic","Replay:Bottled Flurry","Mummified Hand","Pet Ghost","HornCleat","Bird Faced Urn","StuffTheSpire:SapphireSignet","Girya","Replay:Ringing Soul","Replay:Bottled Snecko","StuffTheSpire:Tea","Vajra","Centennial Puzzle","Gremlin Horn","aspiration:FrozenJewel","aspiration:RunicSpoon"],"acts_visited":["Exordium","TheCity","TheBeyond","Exordium","TheCity","TheBeyond","Exordium"],"potions_floor_usage":[],"damage_taken":[{"damage":6.0,"enemies":"Cultist","floor":3.0,"turns":3.0},{"damage":0.0,"enemies":"2 Louse","floor":5.0,"turns":2.0},{"damage":10.0,"enemies":"3 Sentries","floor":6.0,"turns":4.0},{"damage":7.0,"enemies":"Lagavulin","floor":8.0,"turns":4.0},{"damage":26.0,"enemies":"Gremlin Nob","floor":10.0,"turns":4.0},{"damage":10.0,"enemies":"Lagavulin","floor":11.0,"turns":5.0},{"damage":0.0,"enemies":"Small Slimes","floor":12.0,"turns":3.0},{"damage":0.0,"enemies":"3 Sentries","floor":14.0,"turns":2.0},{"damage":7.0,"enemies":"Hexaghost","floor":16.0,"turns":5.0},{"damage":19.0,"enemies":"2 Thieves","floor":18.0,"turns":3.0},{"damage":20.0,"enemies":"Shell Parasite","floor":19.0,"turns":5.0},{"damage":13.0,"enemies":"Slavers","floor":23.0,"turns":3.0},{"damage":0.0,"enemies":"Gremlin Leader","floor":24.0,"turns":3.0},{"damage":6.0,"enemies":"Book of Stabbing","floor":28.0,"turns":5.0},{"damage":5.0,"enemies":"Slavers","floor":29.0,"turns":2.0},{"damage":6.0,"enemies":"Book of Stabbing","floor":30.0,"turns":3.0},{"damage":0.0,"enemies":"Collector","floor":33.0,"turns":4.0},{"damage":0.0,"enemies":"3 Darklings","floor":35.0,"turns":3.0},{"damage":0.0,"enemies":"3 Shapes","floor":38.0,"turns":1.0},{"damage":8.0,"enemies":"R_Hoarder","floor":40.0,"turns":5.0},{"damage":7.0,"enemies":"Nemesis","floor":42.0,"turns":3.0},{"damage":0.0,"enemies":"Reptomancer","floor":44.0,"turns":3.0},{"damage":0.0,"enemies":"R_Hoarder","floor":45.0,"turns":4.0},{"damage":0.0,"enemies":"Nemesis","floor":46.0,"turns":3.0},{"damage":0.0,"enemies":"Time Eater","floor":50.0,"turns":3.0},{"damage":0.0,"enemies":"Cultist","floor":52.0,"turns":3.0},{"damage":0.0,"enemies":"Small Slimes","floor":54.0,"turns":2.0},{"damage":0.0,"enemies":"3 Sentries","floor":57.0,"turns":2.0},{"damage":0.0,"enemies":"2 Louse","floor":58.0,"turns":1.0},{"damage":0.0,"enemies":"Lagavulin","floor":59.0,"turns":2.0},{"damage":0.0,"enemies":"Gremlin Nob","floor":61.0,"turns":2.0},{"damage":0.0,"enemies":"3 Sentries","floor":63.0,"turns":2.0},{"damage":0.0,"enemies":"Gremlin Nob","floor":65.0,"turns":2.0},{"damage":0.0,"enemies":"Hexaghost","floor":67.0,"turns":4.0},{"damage":0,"enemies":"2 Thieves","floor":69,"turns":3},{"damage":0,"enemies":"Gremlin Leader","floor":74,"turns":3},{"damage":0,"enemies":"Slavers","floor":75,"turns":2},{"damage":0,"enemies":"Gremlin Leader","floor":76,"turns":3},{"damage":0,"enemies":"Automaton","floor":84,"turns":3},{"damage":0,"enemies":"3 Shapes","floor":86,"turns":2},{"damage":0,"enemies":"2 Orb Walkers","floor":88,"turns":2},{"damage":0,"enemies":"R_Hoarder","floor":91,"turns":2},{"damage":0,"enemies":"Giant Head","floor":95,"turns":3},{"damage":0,"enemies":"3 Darklings","floor":97,"turns":1},{"damage":0,"enemies":"4 Shapes","floor":99,"turns":1},{"damage":0,"enemies":"Time Eater","floor":101,"turns":3}],"seed_played":"4658398658770881746","potions_obtained":[{"floor":3.0,"key":"Cursed Concoction"},{"floor":5.0,"key":"Dexterity Potion"},{"floor":8.0,"key":"Explosive Potion"}],"is_trial":true,"path_per_floor":["?","$","M","$","M","E","$","E","T","E","E","M","R","E","R","B",null,"M","M","?","T","$","E","E","?","T","$","E","E","E","$","R","B",null,"M","?","M","M","T","E","$","E","T","E","E","E","$","$","R","B",null,"M","?","M","?","T","E","M","E","T","E","$","E","$","E","R","B",null,"M","$","$","?","$","E","E","E","T","?","?","$","R","$","R","B",null,"M","?","?","$","?","E","$","R","T","E","$","M","$","M","R","B",null],"character_chosen":"DEFECT","items_purchased":["FIFO Queue","Sling","StuffTheSpire:Rhapsscallions","StuffTheSpire:Wildfire","aspiration:Lifesprig","Replay:Wax Seal","Loop","Matryoshka","aspiration:MysteriousAuxiliaryCore","Divine Protection","DataDisk","vexMod:Spyglass","StuffTheSpire:BottledEssence","ReplayTheSpireMod:Calculation Training","Raider\u0027s Mask","Gremlin Food","Strange Spoon","Omamori","Golden Egg","vexMod:FocusSash","Ornamental Fan","StuffTheSpire:Barrel","vexMod:BerryBomb","Dead Branch","vexMod:PaidLearning","BargainBundle","ClockworkSouvenir","Emotion Chip","Dream Catcher","Solar Panel","Turnip","aspiration:Polymerization","aspiration:Nostalgia","OrangePellets","Art of War","aspiration:HummingbirdHeart","Pear","Double Energy","aspiration:EnhancedActuators","Replay:Baseball","ReplayTheSpireMod:Lightbulb","Singing Bowl","Runic Capacitor","ReplayFunnel","aspiration:FaultyCoupler","Kunai","Bag of Marbles","Cauldron","Apotheosis","Frozen Egg 2","Chemical X","Eternal Feather","Orrery","HandDrill","Quantum Egg","vexMod:CardConverter","Pocketwatch","Replay:Kaleidoscope","Chaos","Blood Vial","Darkstone Periapt","StrikeDummy","Medical Kit","FossilizedHelix","ReplayUltimateDefense+1","Orichalcum","StuffTheSpire:Saxophone","StuffTheSpire:CocoNut","Blue Doll","Meat on the Bone","ReplayTheSpireMod:ShopPack","Membership Card","Toxic Egg 2","Replay:WaspNest","StuffTheSpire:PointBlank","Defragment+1","Bottled Tornado","vexMod:BerryBomb","StuffTheSpire:ForceGauntlet","Magic Flower","Guide Book","Whetstone","Frozen Eye","Mirror","StuffTheSpire:EmeraldSignet","aspiration:FetidBarrel","Replay:Bandana","Toolbox","Hologram+1","Ginger","Question Card","StuffTheSpire:HeavyRock","vexMod:Cooldron","Loop+1","Replay:Frozen Program","TheAbacus","Happy Flower","ReplayTheSpireMod:TigerMarble","Tiny Chest","Mercury Hourglass","Shuriken","Letter Opener","Snack Pack","vexMod:MemoryStick","Lee\u0027s Waffle","HornCleat","Bird Faced Urn","StuffTheSpire:SapphireSignet","Girya","Replay:Ringing Soul","Chaos+1","Replay:Bottled Snecko","StuffTheSpire:Tea","Vajra","Centennial Puzzle","Gremlin Horn","aspiration:FrozenJewel"],"campfire_rested":1,"item_purchase_floors":[2,2,2,2,2,2,4,4,4,4,4,4,4,4,7,7,7,7,7,7,22,22,22,22,22,27,27,27,27,27,27,27,31,31,31,31,31,31,41,41,41,41,47,47,47,47,47,47,47,48,48,48,48,62,62,62,62,62,62,64,64,64,64,64,64,70,70,70,70,70,70,71,71,71,71,71,71,73,73,73,73,73,80,80,80,80,80,80,80,82,82,82,82,82,89,89,89,89,89,89,92,92,92,92,92,96,96,96,96,96,96,96,98,98,98,98,98],"current_hp_per_floor":[75,79,73,73,73,63,78,71,71,45,35,35,35,35,35,28,79,60,40,24,24,45,32,32,32,32,47,47,54,50,75,75,79,95,95,95,95,95,95,87,95,90,90,92,96,100,107,115,115,117,117,121,121,125,125,125,125,129,133,133,137,139,143,145,149,149,151,151,155,168,170,170,186,190,194,198,198,198,192,204,204,206,206,208,208,212,208,220,230,230,234,241,243,243,247,252,256,256,260,260,265,265,265],"gold":2527,"neow_bonus":"","is_daily":false,"chose_seed":false,"campfire_upgraded":4,"win_rate":0.0,"timestamp":1610200993,"path_taken":["?","$","?","$","?","E","$","E","T","E","E","?","R","E","R","BOSS","M","?","?","?","$","E","E","?","T","$","E","E","E","$","R","BOSS","M","?","?","?","?","E","$","E","T","E","E","E","$","$","R","BOSS","M","?","?","?","?","E","?","E","T","E","$","E","$","E","R","BOSS","M","$","$","?","?","E","E","E","T","?","?","?","R","$","R","BOSS","M","?","?","$","?","E","$","R","T","E","?","?","$","?","R","BOSS"],"items_purchased_type":["Card","Relic","Relic","Relic","Relic","Relic","Card","Relic","Relic","Relic","Relic","Relic","Relic","Card","Relic","Relic","Relic","Relic","Relic","Relic","Relic","Relic","Relic","Relic","Relic","Relic","Relic","Relic","Relic","Relic","Relic","Card","Relic","Relic","Relic","Relic","Relic","Card","Relic","Relic","Relic","Relic","Relic","Relic","Relic","Relic","Relic","Relic","Card","Relic","Relic","Relic","Relic","Relic","Relic","Relic","Relic","Relic","Card","Relic","Relic","Relic","Relic","Relic","Card","Relic","Relic","Relic","Relic","Relic","Relic","Relic","Relic","Relic","Relic","Card","Relic","Relic","Relic","Relic","Relic","Relic","Relic","Relic","Relic","Relic","Relic","Relic","Card","Relic","Relic","Relic","Relic","Card","Relic","Relic","Relic","Relic","Relic","Relic","Relic","Relic","Relic","Relic","Relic","Relic","Relic","Relic","Relic","Relic","Card","Relic","Relic","Relic","Relic","Relic","Relic"],"build_version":"2020-12-22","purchased_purges":22,"victory":false,"max_hp_per_floor":[75,79,79,79,79,79,79,79,79,79,79,79,79,79,79,79,79,79,79,79,79,85,85,85,85,85,85,85,85,85,95,95,95,95,95,95,95,95,95,95,95,97,97,99,103,107,107,115,115,117,117,121,121,125,125,125,125,129,133,133,137,139,143,145,149,149,151,151,155,168,170,170,186,190,194,198,198,198,200,204,204,206,206,208,208,212,218,220,230,230,234,241,243,243,247,252,256,256,260,260,265,265,265],"card_choices":[{"not_picked":["StuffTheSpire:Coldhearted","Stack"],"picked":"Ball Lightning","floor":3.0},{"not_picked":["FTL","FIFO Queue"],"picked":"BootSequence","floor":5.0},{"not_picked":["Reboot","All For One"],"picked":"ReplayTheSpireMod:Fabricate Wheel","floor":6.0},{"not_picked":["Biased Cognition","Meteor Strike+1"],"picked":"Echo Form","floor":8.0},{"not_picked":["ReplayTheSpireMod:Fabricate Wheel","StuffTheSpire:EventHorizon"],"picked":"Electrodynamics","floor":10.0},{"not_picked":["ReplayTheSpireMod:Omega Cannon+1","Electrodynamics","Fission"],"picked":"SKIP","floor":11.0},{"not_picked":["Hologram","Go for the Eyes+1"],"picked":"Defragment","floor":12.0},{"not_picked":["Go for the Eyes+1","Crystallizer","Panic Button"],"picked":"SKIP","floor":12.0},{"not_picked":["StuffTheSpire:LaunchingStrike+1","Multi-Cast"],"picked":"Buffer","floor":14.0},{"not_picked":["Rebound+1","Conserve Battery","ReplaySolidLightProjector"],"picked":"SKIP","floor":18.0},{"not_picked":["StuffTheSpire:LoadUp","Sweeping Beam+1","Self Repair"],"picked":"SKIP","floor":18.0},{"not_picked":[],"picked":"wanderingMiniBosses:FinaleOfPromise","floor":19.0},{"not_picked":["Coolheaded","Cold Snap+1","ReplaySolidLightProjector"],"picked":"SKIP","floor":19.0},{"not_picked":["Coolheaded+1","BasicCrystalCard","Ball Lightning+1"],"picked":"SKIP","floor":19.0},{"not_picked":["Reboot","Thunder Strike+1"],"picked":"Echo Form","floor":23.0},{"not_picked":["Hyperbeam+1","StuffTheSpire:EventHorizon","Buffer"],"picked":"SKIP","floor":24.0},{"not_picked":["Thunder Strike+1","Mirror Shield"],"picked":"Seek","floor":28.0},{"not_picked":["Creative AI","Rainbow"],"picked":"Machine Learning","floor":29.0},{"not_picked":["ReplayTheSpireMod:Fabricate Wheel","Biased Cognition"],"picked":"Echo Form","floor":30.0},{"not_picked":["ReplaySolidLightProjector+1","Turbo"],"picked":"aspiration:Polymerization","floor":35.0},{"not_picked":["Rip and Tear+1","StuffTheSpire:GlassShard+1","Compile Driver+1"],"picked":"SKIP","floor":35.0},{"not_picked":["Anger+1","WeaponsOverheat"],"picked":"Fusion+1","floor":38.0},{"not_picked":["Cold Snap+1","Stack","Rebound+1"],"picked":"SKIP","floor":38.0},{"not_picked":["Mirror Shield","Juggernaut","Meteor Strike+1"],"picked":"SKIP","floor":40.0},{"not_picked":["Electrodynamics","StuffTheSpire:Purify","Limit Break"],"picked":"Singing Bowl","floor":42.0},{"not_picked":["All For One","Echo Form"],"picked":"Thunder Strike","floor":44.0},{"not_picked":["Echo Form","Thunder Strike+1","Hyperbeam+1"],"picked":"Singing Bowl","floor":44.0},{"not_picked":["ReplayTheSpireMod:Omega Cannon","Creative AI","StuffTheSpire:EventHorizon"],"picked":"Singing Bowl","floor":45.0},{"not_picked":["Limit Break","Juggernaut","Hyperbeam+1"],"picked":"Singing Bowl","floor":45.0},{"not_picked":["StuffTheSpire:Purify","Echo Form","Buffer"],"picked":"Singing Bowl","floor":46.0},{"not_picked":["Mirror Shield","Limit Break","Reaper+1"],"picked":"Singing Bowl","floor":46.0},{"not_picked":["Whirlwind+1","Tempest","Scorching Beam+1"],"picked":"Singing Bowl","floor":48.0},{"not_picked":["Whirlwind+1","Headbutt+1","Seeing Red+1"],"picked":"Singing Bowl","floor":48.0},{"not_picked":["Coolheaded","Flex","Reinforced Body"],"picked":"Singing Bowl","floor":48.0},{"not_picked":["Warcry+1","Coolheaded+1"],"picked":"White Noise+1","floor":48.0},{"not_picked":["Clash+1","Flex+1","Heavy Blade+1"],"picked":"Singing Bowl","floor":48.0},{"not_picked":["Echo Form+1","Double Tap","Rainbow"],"picked":"Singing Bowl","floor":50.0},{"not_picked":["Coolheaded","Steam","ReplayTheSpireMod:Calculation Training"],"picked":"Singing Bowl","floor":52.0},{"not_picked":["Tempest","Chill","Hologram"],"picked":"Singing Bowl","floor":52.0},{"not_picked":["StuffTheSpire:Brawn","StuffTheSpire:CelestialWarden"],"picked":"StuffTheSpire:Perfection","floor":53.0},{"not_picked":["Blizzard+1","Force Field","Redo"],"picked":"Singing Bowl","floor":54.0},{"not_picked":["Sweeping Beam+1","StuffTheSpire:LoadUp","StuffTheSpire:Plugnplay"],"picked":"Singing Bowl","floor":54.0},{"not_picked":["Seek","Reboot"],"picked":"Rainbow","floor":57.0},{"not_picked":["Fission","ReplayTheSpireMod:Fabricate Wheel"],"picked":"Rainbow","floor":57.0},{"not_picked":["BasicCrystalCard","Beam Cell+1","Compile Driver+1"],"picked":"Singing Bowl","floor":58.0},{"not_picked":["Darkness","Rip and Tear+1","Barrage+1"],"picked":"Singing Bowl","floor":58.0},{"not_picked":["Rainbow","Creative AI","Hyperbeam"],"picked":"Singing Bowl","floor":59.0},{"not_picked":["Electrodynamics+1","StuffTheSpire:Purify","ReplayTheSpireMod:Omega Cannon+1"],"picked":"Singing Bowl","floor":59.0},{"not_picked":["Multi-Cast","Buffer","Hyperbeam"],"picked":"Singing Bowl","floor":61.0},{"not_picked":["All For One+1","Multi-Cast","Biased Cognition+1"],"picked":"Singing Bowl","floor":61.0},{"not_picked":["StuffTheSpire:Purify","Mirror Shield","Fission"],"picked":"Singing Bowl","floor":63.0},{"not_picked":["Machine Learning+1","Fission","StuffTheSpire:LaunchingStrike+1"],"picked":"Singing Bowl","floor":63.0},{"not_picked":["ReplayTheSpireMod:Omega Cannon","Hyperbeam","Machine Learning"],"picked":"Singing Bowl","floor":65.0},{"not_picked":["All For One+1","StuffTheSpire:LaunchingStrike+1","ReplayRNGCard"],"picked":"Singing Bowl","floor":65.0},{"not_picked":["StuffTheSpire:Purify","Creative AI+1","Multi-Cast"],"picked":"Singing Bowl","floor":67.0},{"not_picked":["Rebound+1","Seeing Red","Consume"],"picked":"Singing Bowl","floor":69},{"not_picked":["ReplayTheSpireMod:System Scan","Fire Breathing+1","Recycle"],"picked":"Singing Bowl","floor":69},{"not_picked":["ReplayTheSpireMod:Brewmster","vexMod:StairwayStrike"],"picked":"StuffTheSpire:Recharge","floor":70},{"not_picked":["Madness","Finesse","ReplayTheSpireMod:Uncanny Aura"],"picked":"Singing Bowl","floor":70},{"not_picked":["Jack Of All Trades","Poisoned Strike","Madness"],"picked":"Singing Bowl","floor":70},{"not_picked":["All For One","Core Surge","Mirror Shield"],"picked":"Singing Bowl","floor":74},{"not_picked":["StuffTheSpire:LaunchingStrike+1","StuffTheSpire:EventHorizon+1","StuffTheSpire:Purify+1"],"picked":"Singing Bowl","floor":74},{"not_picked":["All For One","Biased Cognition","Seek"],"picked":"Singing Bowl","floor":75},{"not_picked":["Meteor Strike+1","Creative AI+1","Juggernaut+1"],"picked":"Singing Bowl","floor":75},{"not_picked":["Machine Learning","Reboot","StuffTheSpire:EventHorizon"],"picked":"Singing Bowl","floor":76},{"not_picked":["Firewall+1","All For One+1","StuffTheSpire:Purify+1"],"picked":"Singing Bowl","floor":76},{"not_picked":["Hologram+1","Seeing Red+1","Panic Button+1"],"picked":"Singing Bowl","floor":79},{"not_picked":["Judgement+1","Metamorphosis+1","ReplayTheSpireMod:From All Sides+1","Unload+1"],"picked":"Singing Bowl","floor":84},{"not_picked":["Conserve Battery+1","Static Discharge+1","StuffTheSpire:Slingshot+1","Flash of Steel+1"],"picked":"Singing Bowl","floor":86},{"not_picked":["Blade Dance+1","Wild Strike+1","StuffTheSpire:PlasmaPulse+1","StuffTheSpire:BloodClot+1"],"picked":"Singing Bowl","floor":86},{"not_picked":["StuffTheSpire:FreeRealEstate+1","Thinking Ahead+1","Replay:BasicMightCard+1","Purity+1"],"picked":"Singing Bowl","floor":87},{"not_picked":["Enlightenment+1","vexMod:EmailVexCard+1","Trip+1"],"picked":"Panacea+1","floor":87},{"not_picked":["Master of Strategy+1","Replay:Sssssssssshield+1","StuffTheSpire:FreeRealEstate+1","Jack Of All Trades+1"],"picked":"Singing Bowl","floor":87},{"not_picked":["Outmaneuver+1","Wild Strike+1","JustLucky+1","Dagger Throw+1"],"picked":"Singing Bowl","floor":88},{"not_picked":["Creative AI","Multi-Cast","Buffer"],"picked":"Seek","floor":91},{"not_picked":["HandOfGreed+1","ReplayTheSpireMod:Necrosis+1","MasterReality+1"],"picked":"DevaForm+1","floor":91},{"not_picked":["StuffTheSpire:Pyroclast+1","ReplayTheSpireMod:LeadingStrike+1","Pommel Strike+1","ReplayTheSpireMod:Strike From Hell+1"],"picked":"Singing Bowl","floor":93},{"not_picked":["Amplify","Fission","ReplayRNGCard"],"picked":"All For One","floor":95},{"not_picked":["Metamorphosis+1","Rainbow+1","Glass Knife+1"],"picked":"Night Terror+1","floor":95},{"not_picked":["StuffTheSpire:Python+1","StuffTheSpire:BrimstoneBlast+1","Replay:BluntJabs+1","Streamline+1"],"picked":"Singing Bowl","floor":97},{"not_picked":["StuffTheSpire:Injection+1","Turbo+1","Finisher+1","StuffTheSpire:Sprint+1"],"picked":"Singing Bowl","floor":97},{"not_picked":["Quick Slash+1","Warcry+1","ReachHeaven+1","Good Instincts+1"],"picked":"Singing Bowl","floor":99},{"not_picked":["Replay:Poison Smokescreen+1","Iron Wave+1","Replay:ManipulateFuture+1","Ball Lightning+1"],"picked":"Singing Bowl","floor":99},{"not_picked":["Venomology+1","Electrodynamics+1","Meteor Strike+1"],"picked":"Ragnarok+1","floor":101}],"player_experience":219572,"relics_obtained":[{"floor":6.0,"key":"MealTicket"},{"floor":8.0,"key":"Molten Egg 2"},{"floor":9.0,"key":"Akabeko"},{"floor":9.0,"key":"Replay:Mystery Machine"},{"floor":10.0,"key":"StuffTheSpire:GrapeVine"},{"floor":11.0,"key":"StuffTheSpire:DarkSteelAnvil"},{"floor":14.0,"key":"Bottled Flame"},{"floor":19.0,"key":"wanderingMiniBosses:Blackblade"},{"floor":20.0,"key":"Nilry\u0027s Codex"},{"floor":21.0,"key":"Bag of Preparation"},{"floor":21.0,"key":"aspiration:StickyExplosives_weak"},{"floor":23.0,"key":"vexMod:RedPlottingStone"},{"floor":24.0,"key":"Thread and Needle"},{"floor":26.0,"key":"Ancient Tea Set"},{"floor":28.0,"key":"StuffTheSpire:Gunfinga"},{"floor":29.0,"key":"Replay:PocketPolymizer"},{"floor":30.0,"key":"StuffTheSpire:Experiment12"},{"floor":39.0,"key":"Lantern"},{"floor":40.0,"key":"Peace Pipe"},{"floor":42.0,"key":"vexMod:HeadHunter"},{"floor":43.0,"key":"Iron Hammer"},{"floor":44.0,"key":"Potion Belt"},{"floor":45.0,"key":"Cables"},{"floor":46.0,"key":"Blue Candle"},{"floor":56.0,"key":"Pen Nib"},{"floor":57.0,"key":"War Paint"},{"floor":59.0,"key":"Pondfish Scales"},{"floor":60.0,"key":"Smiling Mask"},{"floor":61.0,"key":"Geode"},{"floor":63.0,"key":"Oddly Smooth Stone"},{"floor":65.0,"key":"Regal Pillow"},{"floor":74,"key":"MawBank"},{"floor":75,"key":"Chameleon Ring"},{"floor":76,"key":"StuffTheSpire:ColdMirror"},{"floor":77,"key":"ReplayTheSpireMod:Ninjato"},{"floor":79,"key":"PrismaticShard"},{"floor":88,"key":"StuffTheSpire:Nightcore"},{"floor":91,"key":"Sundial"},{"floor":91,"key":"vexMod:BarristanHead"},{"floor":94,"key":"Replay:Bottled Flurry"},{"floor":95,"key":"Mummified Hand"},{"floor":95,"key":"Pet Ghost"}],"event_choices":[{"damage_healed":0.0,"max_hp_gain":0.0,"max_hp_loss":0.0,"gold_gain":0.0,"event_name":"Cursed Tome","player_choice":"Obtained Book","floor":20.0,"gold_loss":0.0,"damage_taken":16.0},{"cards_removed":["Redo"],"damage_healed":0.0,"max_hp_gain":0.0,"max_hp_loss":0.0,"gold_gain":0.0,"event_name":"Purifier","player_choice":"Purged","floor":25.0,"gold_loss":0.0,"damage_taken":0.0},{"cards_removed":["StuffTheSpire:Snapshot"],"damage_healed":0.0,"max_hp_gain":0.0,"max_hp_loss":0.0,"gold_gain":0.0,"event_name":"Purifier","player_choice":"Purged","floor":36.0,"gold_loss":0.0,"damage_taken":0.0},{"damage_healed":0,"gold_gain":0,"player_choice":"Got Potions","damage_taken":0,"max_hp_gain":0,"max_hp_loss":0,"event_name":"Lab","floor":78,"gold_loss":0},{"damage_healed":0,"gold_gain":0,"player_choice":"Memory 3","damage_taken":10,"max_hp_gain":0,"max_hp_loss":0,"event_name":"SensoryStone","floor":87,"gold_loss":0},{"damage_healed":0,"gold_gain":0,"player_choice":"Fight","damage_taken":0,"max_hp_gain":0,"max_hp_loss":0,"event_name":"Mysterious Sphere","floor":88,"gold_loss":0},{"damage_healed":0,"gold_gain":0,"player_choice":"Paid Gold","damage_taken":0,"relics_obtained":["Replay:Bottled Steam"],"max_hp_gain":0,"max_hp_loss":0,"event_name":"WeMeetAgain","floor":90,"gold_loss":61}],"is_beta":false,"boss_relics":[{"not_picked":["StuffTheSpire:RunicConfusion","Inserter"],"picked":"Sozu"},{"not_picked":["StuffTheSpire:ModemDavis","ReplayTheSpireMod:DimensionalGlitch"],"picked":"Runic Dome"},{"not_picked":["Honey Jar","FrozenCore"],"picked":"Replay:Wanted Poster"},{"not_picked":["vexMod:ImprovementManual","Fusion Hammer"],"picked":"Philosopher\u0027s Stone"},{"not_picked":["FrozenCore","Replay:Ancient Bell"],"picked":"Black Star"},{"not_picked":["ReplayTheSpireMod:DimensionalGlitch","aspiration:SecretTechniqueScroll"],"picked":"aspiration:RunicSpoon"}],"items_purged_floors":[2,4,7,22,31,41,47,47,48,62,64,71,71,73,80,80,82,89,96,96,98,98],"is_endless":true,"potions_floor_spawned":[3,5,8,14,24,28,29,30,44,45,50,58,61,63,65,74,97,99],"ascension_level":1}}