{"host":"h23hlq20ir8sps7h","time":1610218749,"event":{"mods":["Act Like it!","Aspiration","BaseMod","BetterRewards","Colored Map","Conspire","Energized Spire","Friendly Minions","GifTheSpireLib","Halation","Hubris","Ironclad Rager","Minty Spire (QoL Compilation)","Permanent Neow","Prisma Mod","Quarter Circle Forward PUNCH!","Quick Restart","Railgun Mod","Remilia??????","Replay The Spire","SCP261 Mod","Shop Mod","Spikes Relics","StSLib","Stuff the Spire","The Animator","The Hierophant","The Problem Sleuth","The Runesmith","The Sage","Trackpad","Wandering Minibosses","vexMod"],"gold_per_floor":[119,139,150,150,150,177,177,102,154,154,154,154,154,189,189,291,291,307,282,32,52,66,66,79,114,195,228,228,258,258,290,290,415,415,435,435,435,42,61,61,73,73,73,99,99,0,0,30,30,30,30,30,30,65,65],"floor_reached":56,"playtime":5791,"items_purged":["PrismaMod:ChloeCommonDefend","PrismaMod:ChloeCommonDefend"],"score":1369,"play_id":"4e2ad340-e41e-49cc-a1b8-49fbec4c0f85","local_time":"20210109105909","is_ascension_mode":true,"campfire_choices":[{"floor":7,"key":"RECALL"},{"data":"PrismaMod:ChloeAnyPowerTrace","floor":10,"key":"SMITH"},{"data":"PrismaMod:ChloeRitsuka","floor":12,"key":"SMITH"},{"data":"StuffTheSpire:Innocence","floor":15,"key":"SMITH"},{"data":"PrismaMod:ChloeAnySkillTrace","floor":23,"key":"SMITH"},{"data":"PrismaMod:ChloeCheapAttack","floor":28,"key":"SMITH"},{"data":"PrismaMod:ChloeCheapAttack","floor":32,"key":"SMITH"},{"data":"PrismaMod:ChloeCarnivalAttack","floor":40,"key":"SMITH"},{"data":"PrismaMod:ChloeCheapDefend","floor":42,"key":"SMITH"},{"data":"Creative AI","floor":47,"key":"SMITH"},{"floor":49,"key":"DIG"},{"data":"PrismaMod:ChloeCheapDefend","floor":52,"key":"SMITH"}],"circlet_count":0,"master_deck":["PrismaMod:ChloeCommonAttack","PrismaMod:ChloeCommonAttack","PrismaMod:ChloeCommonAttack","PrismaMod:ChloeCommonDefend","PrismaMod:ChloeCommonDefend","PrismaMod:ChloeCheapAttack+1","PrismaMod:ChloeCheapDefend+1","PrismaMod:ChloeRitsuka+1","StuffTheSpire:Innocence+1","PrismaMod:ChloeAnyPowerTrace+1","PrismaMod:ChloeAnySkillTrace+1","PrismaMod:ChloeCheapDefend+1","GremboGang","PrismaMod:ChloeCheapDefend+1","PrismaMod:ChloeCheapDefendTwo","PrismaMod:ChloeCheapAttackTwo+1","PrismaMod:ChloeCheapAttack+1","PrismaMod:ChloeCarnivalAttack+1","Parasite","Creative AI+1","PrismaMod:ChloeDevil","PrismaMod:ChloeRitsuka"],"relics":["PrismaMod:PrismaTraceOnUpgrade","Sundial","halation:StarCompass","Regal Pillow","conspire:SpecialSausage","Replay:WaspNest","StuffTheSpire:PointBlank","sagemod:Singing_Vial","Potion Belt","qcfpunch:Wild_Herbs_Ointment","wanderingMiniBosses:CarrionFlame","ReplayTheSpireMod:Shallot","aspiration:AnachronicSnailShell","The Courier","Prayer Wheel","StuffTheSpire:SapphireSignet","Red Mask","hubris:Reverence","StuffTheSpire:RubySignet","trackpad:WindUpAutoDealer"],"acts_visited":["Exordium","TheCity","TheBeyond","TheEnding"],"potions_floor_usage":[],"damage_taken":[{"damage":0,"enemies":"conspire:RoseBush","floor":1,"turns":3},{"damage":0,"enemies":"2 Louse","floor":2,"turns":4},{"damage":0,"enemies":"Small Slimes","floor":3,"turns":1},{"damage":48,"enemies":"Gremlin Nob","floor":6,"turns":7},{"damage":2,"enemies":"Lagavulin","floor":14,"turns":6},{"damage":2,"enemies":"Slime Boss","floor":16,"turns":11},{"damage":23,"enemies":"3 Byrds","floor":18,"turns":6},{"damage":14,"enemies":"Chosen","floor":21,"turns":7},{"damage":30,"enemies":"Centurion and Healer","floor":22,"turns":6},{"damage":1,"enemies":"conspire:HollyBat","floor":24,"turns":6},{"damage":15,"enemies":"Slavers","floor":25,"turns":7},{"damage":15,"enemies":"conspire:Head Lice","floor":27,"turns":12},{"damage":0,"enemies":"Book of Stabbing","floor":29,"turns":8},{"damage":8,"enemies":"Shelled Parasite and Fungi","floor":31,"turns":6},{"damage":0,"enemies":"Collector","floor":33,"turns":12},{"damage":31,"enemies":"3 Shapes","floor":35,"turns":6},{"damage":3,"enemies":"3 Darklings","floor":39,"turns":6},{"damage":4,"enemies":"Writhing Mass","floor":41,"turns":7},{"damage":12,"enemies":"Giant Head","floor":44,"turns":10},{"damage":6,"enemies":"R_Hoarder","floor":48,"turns":10},{"damage":50,"enemies":"Donu and Deca","floor":50,"turns":12},{"damage":17,"enemies":"Shield and Spear","floor":54,"turns":6},{"damage":60,"enemies":"The Heart","floor":55,"turns":8}],"seed_played":"3512169075194232493","potions_obtained":[{"floor":14,"key":"Strength Potion"},{"floor":16,"key":"LifebloodPotion"},{"floor":24,"key":"Adrenaline Potion"},{"floor":27,"key":"Adrenaline Potion"},{"floor":31,"key":"Weak Potion"},{"floor":41,"key":"SCP261:BostonMolassesPotion"}],"is_trial":false,"path_per_floor":["M","M","M","?","?","E","R","$","T","R","?","R","?","E","R","B",null,"M","?","?","M","M","R","M","E","T","E","R","E","?","M","R","B",null,"M","T","?","$","M","R","M","R","T","E","$","?","R","E","R_BF","B",null,"R","$","E","B",null],"character_chosen":"CHLOE","items_purchased":["aspiration:AnachronicSnailShell"],"campfire_rested":0,"item_purchase_floors":[38],"current_hp_per_floor":[75,75,75,75,68,20,20,20,20,20,20,20,23,21,21,19,78,60,60,60,46,31,31,45,30,30,78,78,80,80,80,80,84,84,57,57,37,37,73,73,79,79,79,88,88,88,88,86,86,46,93,93,93,76,31],"gold":65,"neow_bonus":"REMOVE_CARD","is_daily":false,"chose_seed":false,"campfire_upgraded":10,"win_rate":0.0,"timestamp":1610218749,"path_taken":["M","M","M","?","?","E","R","$","T","R","?","R","?","E","R","BOSS","M","?","?","M","M","R","M","E","T","E","R","E","?","M","R","BOSS","M","?","?","$","M","R","M","R","T","E","$","?","R","E","R_BF","BOSS","R","$","E","BOSS"],"items_purchased_type":["Relic"],"build_version":"2020-12-22","purchased_purges":2,"victory":true,"max_hp_per_floor":[75,75,75,75,75,75,75,75,75,75,75,75,78,78,78,78,78,78,78,78,78,78,78,78,78,78,78,78,80,80,80,80,84,84,88,88,88,88,88,88,88,88,88,88,88,88,88,89,89,93,93,93,93,93,97],"card_choices":[{"not_picked":["PrismaMod:ChloeCheapAttack","PrismaMod:ChloeCheapDefendTwo","PrismaMod:ChloeUncommonAttack"],"picked":"SKIP","floor":1},{"not_picked":["PrismaMod:ChloeCheapDefend","PrismaMod:ChloeEyeOfTheEuryale"],"picked":"PrismaMod:ChloeRitsuka","floor":2},{"not_picked":["PrismaMod:ChloeCheapAttack","PrismaMod:ChloeCommonAOEAttack","PrismaMod:ChloeCheapAttackTwo"],"picked":"SKIP","floor":3},{"not_picked":["PrismaMod:ChloeExhaustOne","PrismaMod:ChloeCheapAttack"],"picked":"PrismaMod:ChloeAnyPowerTrace","floor":6},{"not_picked":["PrismaMod:ChloeCheapAttack","PrismaMod:ChloeGaeBolg","PrismaMod:ChloeCheapDefendTwo"],"picked":"SKIP","floor":14},{"not_picked":["PrismaMod:ChloeAnyPowerTrace","PrismaMod:ChloeCarnivalAOEAttack"],"picked":"PrismaMod:ChloeAnySkillTrace","floor":16},{"not_picked":["PrismaMod:ChloeCommonAOEAttack","PrismaMod:ChloeCheapAttackTwo"],"picked":"PrismaMod:ChloeCheapDefend+1","floor":18},{"not_picked":["PrismaMod:ChloeDiscardRecovery","PrismaMod:ChloeExhaustTwo"],"picked":"PrismaMod:ChloeCheapDefend","floor":21},{"not_picked":["PrismaMod:ChloeDiscardRecovery+1","PrismaMod:ChloeCheapAttackTwo"],"picked":"PrismaMod:ChloeCheapDefendTwo","floor":22},{"not_picked":["PrismaMod:ChloeDiscardRecovery","PrismaMod:ChloeUncommonAOEAttack","PrismaMod:ChloeCheapDefend"],"picked":"SKIP","floor":24},{"not_picked":["PrismaMod:ChloeMaid","PrismaMod:ChloeRitsuka","PrismaMod:ChloeCheapAttackTwo"],"picked":"SKIP","floor":25},{"not_picked":["PrismaMod:ChloeCheapDefend","PrismaMod:ChloeUncommonAttack"],"picked":"PrismaMod:ChloeCheapAttackTwo+1","floor":27},{"not_picked":["PrismaMod:ChloeExhaustOne","PrismaMod:ChloeCheapAttack","PrismaMod:ChloeDiscardRecovery"],"picked":"Singing Bowl","floor":29},{"not_picked":["PrismaMod:ChloeCheapDefendTwo","PrismaMod:ChloeMaid"],"picked":"PrismaMod:ChloeCheapAttack","floor":31},{"not_picked":["PrismaMod:ChloeReshuffleDiscard","PrismaMod:ChloeGreatTracePools"],"picked":"PrismaMod:ChloeCarnivalAttack","floor":33},{"not_picked":["PrismaMod:ChloeRuleBreaker+1","PrismaMod:ChloeExhaustOne","PrismaMod:ChloeCommonAOEAttack+1"],"picked":"Singing Bowl","floor":35},{"not_picked":["PrismaMod:ChloeCheapAttack+1","PrismaMod:ChloeCommonAOEAttack","PrismaMod:ChloeMaid+1"],"picked":"Singing Bowl","floor":39},{"not_picked":["PrismaMod:ChloeDiscardRecovery","PrismaMod:ChloeCheapDefend+1","PrismaMod:ChloeCheapDefendTwo+1"],"picked":"Singing Bowl","floor":41},{"not_picked":["PrismaMod:ChloeExhaustOne+1","PrismaMod:ChloeRuleBreaker+1","PrismaMod:ChloeEyeOfTheEuryale"],"picked":"SKIP","floor":44},{"not_picked":["PrismaMod:ChloeCheapAttackTwo+1","PrismaMod:ChloeExhaustTwo+1"],"picked":"PrismaMod:ChloeDevil","floor":48},{"not_picked":["PrismaMod:ChloeRuleBreaker","PrismaMod:ChloeCheapDefendTwo"],"picked":"PrismaMod:ChloeRitsuka","floor":54}],"player_experience":273408,"relics_obtained":[{"floor":6,"key":"Sundial"},{"floor":14,"key":"Regal Pillow"},{"floor":25,"key":"StuffTheSpire:PointBlank"},{"floor":26,"key":"sagemod:Singing_Vial"},{"floor":27,"key":"Potion Belt"},{"floor":29,"key":"qcfpunch:Wild_Herbs_Ointment"},{"floor":35,"key":"wanderingMiniBosses:CarrionFlame"},{"floor":36,"key":"ReplayTheSpireMod:Shallot"},{"floor":43,"key":"The Courier"},{"floor":44,"key":"StuffTheSpire:SapphireSignet"},{"floor":48,"key":"hubris:Reverence"},{"floor":49,"key":"StuffTheSpire:RubySignet"},{"floor":54,"key":"trackpad:WindUpAutoDealer"}],"event_choices":[{"cards_removed":["PrismaMod:ChloeCommonAttack"],"damage_healed":0,"gold_gain":0,"player_choice":"Forget","damage_taken":0,"max_hp_gain":0,"max_hp_loss":0,"event_name":"Living Wall","floor":4,"gold_loss":0},{"cards_removed":["PrismaMod:ChloeCommonAttack"],"damage_healed":0,"gold_gain":0,"player_choice":"Purged","damage_taken":0,"max_hp_gain":0,"max_hp_loss":0,"event_name":"Purifier","floor":30,"gold_loss":0},{"damage_healed":0,"gold_gain":0,"player_choice":"Paid","damage_taken":0,"relics_obtained":["Red Mask"],"max_hp_gain":0,"max_hp_loss":0,"event_name":"Tomb of Lord Red Mask","floor":46,"gold_loss":99}],"is_beta":false,"boss_relics":[{"not_picked":["halation:ForbiddenBikini","hubris:Stopwatch"],"picked":"conspire:SpecialSausage"},{"not_picked":["halation:PinkAlligatorPlush","halation:PlatinumPhoenix"],"picked":"PrismaMod:PrismaTraceOnUpgrade"}],"items_purged_floors":[8,38],"is_endless":false,"potions_floor_spawned":[14,16,24,27,31,41,44],"ascension_level":1}}