{"host":"u1dfzl6o6mfmauc3","time":1610217461,"event":{"mods":["2.2 Compatiblity","BaseMod","Block Reminder","Hermit","Minty Spire (QoL Compilation)","Relic Stats","StSLib"],"gold_per_floor":[219,233,246,264,22,56,69,69,118,118,43,57,57,82,82,179,179,198,216,216,276,293,293,311,361,385,385,410,460,66,78,78,178,178,189,239,252,262,312,312,362,30,30,43,63,95,145,21,21,21],"floor_reached":51,"playtime":2522,"items_purged":["Parasite","Defend_P","Doubt"],"score":859,"play_id":"04f13834-39b1-4bdd-9dfa-46a7ccedfd0f","local_time":"20210109133741","is_ascension_mode":false,"campfire_choices":[{"floor":10,"key":"REST"},{"data":"SashWhip","floor":13,"key":"SMITH"},{"data":"EmptyFist","floor":15,"key":"SMITH"},{"data":"Vigilance","floor":23,"key":"SMITH"},{"data":"BattleHymn","floor":27,"key":"SMITH"},{"floor":32,"key":"REST"},{"data":"TalkToTheHand","floor":40,"key":"SMITH"},{"data":"Fasting2","floor":49,"key":"SMITH"}],"circlet_count":0,"master_deck":["Strike_P","Strike_P","Defend_P","Defend_P","Defend_P","Eruption","Vigilance+1","Consecrate","SashWhip+1","DevaForm","BattleHymn+1","WheelKick","EmptyFist+1","Adaptation","Vault+1","Omniscience+1","Protect+1","DeceiveReality+1","DeusExMachina+1","FearNoEvil","CutThroughFate+1","EmptyMind+1","Conclude+1","InnerPeace+1","Pray+1","TalkToTheHand+1","Mind Blast","FlurryOfBlows+1","Fasting2+1","EmptyBody+1"],"relics":["PureWater","ClockworkSouvenir","Anchor","Oddly Smooth Stone","Toxic Egg 2","Astrolabe","SsserpentHead","Enchiridion","Smiling Mask","Potion Belt","Cauldron","Bag of Marbles","Black Star","Juzu Bracelet","Lizard Tail","Mango","Toy Ornithopter","Pen Nib"],"acts_visited":["Exordium","TheCity","TheBeyond"],"potions_floor_usage":[6,14,22,28,31,31,31,33,38,44,50,50,50,50,50],"damage_taken":[{"damage":1,"enemies":"Cultist","floor":1,"turns":3},{"damage":0,"enemies":"Small Slimes","floor":2,"turns":2},{"damage":0,"enemies":"2 Louse","floor":3,"turns":2},{"damage":25,"enemies":"Gremlin Gang","floor":4,"turns":5},{"damage":28,"enemies":"3 Sentries","floor":6,"turns":6},{"damage":9,"enemies":"3 Louse","floor":7,"turns":3},{"damage":0,"enemies":"2 Fungi Beasts","floor":12,"turns":2},{"damage":14,"enemies":"Gremlin Nob","floor":14,"turns":4},{"damage":8,"enemies":"Hexaghost","floor":16,"turns":10},{"damage":4,"enemies":"3 Byrds","floor":18,"turns":6},{"damage":0,"enemies":"Spheric Guardian","floor":19,"turns":6},{"damage":5,"enemies":"Snecko","floor":21,"turns":5},{"damage":13,"enemies":"Shelled Parasite and Fungi","floor":22,"turns":5},{"damage":0,"enemies":"Chosen and Byrds","floor":24,"turns":6},{"damage":12,"enemies":"Slavers","floor":28,"turns":5},{"damage":2,"enemies":"Centurion and Healer","floor":31,"turns":4},{"damage":24,"enemies":"Collector","floor":33,"turns":8},{"damage":3,"enemies":"3 Shapes","floor":35,"turns":2},{"damage":36,"enemies":"3 Darklings","floor":37,"turns":7},{"damage":0,"enemies":"Transient","floor":38,"turns":6},{"damage":69,"enemies":"Writhing Mass","floor":44,"turns":6},{"damage":11,"enemies":"3 Darklings","floor":45,"turns":4},{"damage":47,"enemies":"Nemesis","floor":46,"turns":8},{"damage":57,"enemies":"Donu and Deca","floor":50,"turns":7}],"seed_played":"552406302302431475","potions_obtained":[{"floor":2,"key":"GamblersBrew"},{"floor":3,"key":"Strength Potion"},{"floor":6,"key":"Block Potion"},{"floor":16,"key":"Dexterity Potion"},{"floor":21,"key":"Ambrosia"},{"floor":22,"key":"Block Potion"},{"floor":30,"key":"Fire Potion"},{"floor":30,"key":"EntropicBrew"},{"floor":30,"key":"LiquidBronze"},{"floor":33,"key":"Regen Potion"},{"floor":37,"key":"AttackPotion"},{"floor":44,"key":"Ancient Potion"},{"floor":46,"key":"ColorlessPotion"}],"is_trial":false,"path_per_floor":["M","M","M","M","$","E","M","?","T","R","$","M","R","E","R","B",null,"M","M","?","M","M","R","M","?","T","R","E","?","$","M","R","B",null,"M","?","M","M","?","R","T","$","T","M","M","E","?","$","R","B",null],"character_chosen":"WATCHER","items_purchased":["ClockworkSouvenir","BattleHymn","SkillPotion","Cauldron","Bag of Marbles","Pray+1","Fasting2","Lizard Tail","DuplicationPotion"],"campfire_rested":2,"item_purchase_floors":[5,5,5,30,30,30,42,42,48],"current_hp_per_floor":[71,71,71,46,46,18,9,27,27,48,48,48,48,34,34,26,69,65,65,65,60,47,47,47,31,31,31,19,19,19,17,37,13,69,66,66,30,30,30,30,30,30,44,15,4,2,83,83,83,26],"gold":21,"neow_bonus":"HUNDRED_GOLD","is_daily":false,"chose_seed":false,"campfire_upgraded":6,"win_rate":0.0,"timestamp":1610217461,"path_taken":["M","M","?","M","$","E","M","?","T","R","$","M","R","E","R","BOSS","M","M","?","?","M","R","M","?","T","R","E","?","$","M","R","BOSS","M","?","M","M","?","R","?","$","T","M","M","E","?","$","R","BOSS"],"items_purchased_type":["Relic","Card","Potion","Relic","Relic","Card","Card","Relic","Potion"],"build_version":"2020-12-22","purchased_purges":3,"victory":true,"max_hp_per_floor":[72,72,72,72,72,72,72,72,72,72,69,69,69,69,69,69,69,69,69,69,69,69,69,69,69,69,69,69,69,69,69,69,69,69,69,69,69,69,69,69,69,69,83,83,83,83,83,83,83,83],"relic_stats":{"SsserpentHead":350,"Lizard Tail":41,"counters":[24,122],"Astrolabe":["Protect","DeceiveReality","DeusExMachina"],"Pen Nib":[1],"Black Star":1,"Juzu Bracelet":1,"Smiling Mask":125,"obtain_stats":[{"Potion Belt":28,"Astrolabe":17,"Oddly Smooth Stone":9,"Enchiridion":25,"Mango":43,"Pen Nib":46,"Juzu Bracelet":41,"Smiling Mask":26,"ClockworkSouvenir":5,"SsserpentHead":20,"Cauldron":30,"Anchor":6,"Lizard Tail":42,"Bag of Marbles":30,"Black Star":34,"PureWater":0,"Toxic Egg 2":14,"Toy Ornithopter":46},{"Potion Belt":15,"Astrolabe":9,"Oddly Smooth Stone":6,"Enchiridion":14,"Mango":20,"Pen Nib":23,"Juzu Bracelet":20,"Smiling Mask":14,"ClockworkSouvenir":4,"SsserpentHead":11,"Cauldron":15,"Anchor":5,"Lizard Tail":20,"Bag of Marbles":15,"Black Star":17,"PureWater":0,"Toxic Egg 2":8,"Toy Ornithopter":23},{"Potion Belt":70,"Astrolabe":37,"Oddly Smooth Stone":21,"Enchiridion":65,"Mango":97,"Pen Nib":115,"Juzu Bracelet":97,"Smiling Mask":65,"ClockworkSouvenir":12,"SsserpentHead":49,"Cauldron":70,"Anchor":18,"Lizard Tail":97,"Bag of Marbles":70,"Black Star":82,"PureWater":0,"Toxic Egg 2":27,"Toy Ornithopter":115}],"Toy Ornithopter":0},"card_choices":[{"not_picked":["Protect","SignatureMove"],"picked":"Consecrate","floor":1},{"not_picked":["Perseverance","SashWhip"],"picked":"Nirvana","floor":2},{"not_picked":["Worship","Nirvana"],"picked":"SashWhip","floor":3},{"not_picked":["JustLucky","SashWhip"],"picked":"DevaForm","floor":4},{"not_picked":["Consecrate","Meditate"],"picked":"WheelKick","floor":6},{"not_picked":["Protect","PathToVictory"],"picked":"EmptyFist","floor":7},{"not_picked":["Protect","Collect"],"picked":"Adaptation","floor":12},{"not_picked":["SashWhip","FearNoEvil"],"picked":"Vault+1","floor":14},{"not_picked":["Devotion","DeusExMachina+1"],"picked":"Omniscience+1","floor":16},{"not_picked":["Worship+1","PathToVictory+1","Perseverance+1"],"picked":"SKIP","floor":18},{"not_picked":["Protect+1","InnerPeace+1"],"picked":"FearNoEvil","floor":19},{"not_picked":["FlyingSleeves+1","FlurryOfBlows"],"picked":"CutThroughFate+1","floor":21},{"not_picked":["Crescendo+1","PathToVictory+1"],"picked":"EmptyMind+1","floor":22},{"not_picked":["BowlingBash","Evaluate+1"],"picked":"Conclude","floor":24},{"not_picked":["Halt+1","Swivel+1"],"picked":"InnerPeace+1","floor":28},{"not_picked":["Halt+1","BowlingBash","FlyingSleeves"],"picked":"SKIP","floor":31},{"not_picked":["WindmillStrike+1","FlyingSleeves"],"picked":"TalkToTheHand","floor":35},{"not_picked":["HandOfGreed","Bandage Up+1"],"picked":"Mind Blast","floor":36},{"not_picked":["CutThroughFate","Pray+1","ThirdEye+1"],"picked":"SKIP","floor":37},{"not_picked":["Vengeance+1","ThirdEye+1"],"picked":"FlurryOfBlows+1","floor":38},{"not_picked":["Consecrate","Halt+1"],"picked":"EmptyBody+1","floor":44},{"not_picked":["CrushJoints+1","PathToVictory+1","InnerPeace+1"],"picked":"SKIP","floor":45},{"not_picked":["Prostrate+1","ThirdEye+1","Evaluate+1"],"picked":"SKIP","floor":46}],"player_experience":35506,"relics_obtained":[{"floor":6,"key":"Anchor"},{"floor":9,"key":"Oddly Smooth Stone"},{"floor":14,"key":"Toxic Egg 2"},{"floor":25,"key":"Enchiridion"},{"floor":26,"key":"Smiling Mask"},{"floor":28,"key":"Potion Belt"},{"floor":41,"key":"Juzu Bracelet"},{"floor":43,"key":"Mango"},{"floor":46,"key":"Toy Ornithopter"},{"floor":46,"key":"Pen Nib"}],"event_choices":[{"damage_healed":18,"gold_gain":0,"player_choice":"Healed and dodged fight","damage_taken":0,"max_hp_gain":0,"max_hp_loss":0,"event_name":"Mushrooms","floor":8,"gold_loss":0,"cards_obtained":["Parasite"]},{"damage_healed":0,"gold_gain":0,"player_choice":"Trade","damage_taken":0,"relics_obtained":["SsserpentHead"],"max_hp_gain":0,"max_hp_loss":0,"event_name":"FaceTrader","floor":20,"gold_loss":0},{"damage_healed":0,"gold_gain":0,"player_choice":"Obtained Book","damage_taken":16,"max_hp_gain":0,"max_hp_loss":0,"event_name":"Cursed Tome","floor":25,"gold_loss":0},{"damage_healed":0,"gold_gain":0,"player_choice":"Upgraded","damage_taken":0,"max_hp_gain":0,"max_hp_loss":0,"event_name":"Upgrade Shrine","floor":29,"gold_loss":0,"cards_upgraded":["Conclude"]},{"damage_healed":0,"gold_gain":0,"player_choice":"Memory 1","damage_taken":0,"max_hp_gain":0,"max_hp_loss":0,"event_name":"SensoryStone","floor":36,"gold_loss":0},{"damage_healed":0,"gold_gain":0,"player_choice":"Ignored","damage_taken":0,"max_hp_gain":0,"max_hp_loss":0,"event_name":"Mysterious Sphere","floor":39,"gold_loss":0},{"damage_healed":81,"gold_gain":0,"player_choice":"Heal","damage_taken":0,"max_hp_gain":0,"max_hp_loss":0,"event_name":"MindBloom","floor":47,"gold_loss":0,"cards_obtained":["Doubt"]}],"is_beta":false,"boss_relics":[{"not_picked":["Busted Crown","Ectoplasm"],"picked":"Astrolabe"},{"not_picked":["HolyWater","Fusion Hammer"],"picked":"Black Star"}],"items_purged_floors":[11,30,48],"is_endless":false,"potions_floor_spawned":[2,3,6,16,21,22,24,33,37,44,46],"ascension_level":0}}