{"host":"wk46m6kgjezp23jj","time":1610236094,"event":{"mods":["AchievementEnabler","BaseMod","Beaked The Cultist","Bestiary","Colored Map","Colored Powertips","Downfall","Hermit","Minty Spire (QoL Compilation)","Replay The Spire","StSLib","The Bladedancer","The Construct","The Cursed","The Marked","The Servant 0.9.4"],"gold_per_floor":[116,66,15,15,32,32,32,50,100,133,153,179,197,213,213,310,310,310,27,40,40,40,40,68,68,68],"floor_reached":25,"playtime":1123,"items_purged":[],"score":231,"play_id":"a3e57962-5697-4284-9d66-214cb34bd411","local_time":"20210109184814","is_ascension_mode":false,"campfire_choices":[{"data":"Replay:Poison Smokescreen","floor":7,"key":"SMITH"},{"floor":15,"key":"REST"},{"data":"Envenom","floor":23,"key":"SMITH"}],"circlet_count":0,"master_deck":["Strike_G","Strike_G","Strike_G","Strike_G","Defend_G","Defend_G","Defend_G","Defend_G","Defend_G","Survivor","Neutralize","Replay:Poison Smokescreen+1","Replay:Poison Smokescreen","Replay:Poison Smokescreen","Blade Dance+1","Bane","Replay:Bag of Tricks","Finisher","Bane","Bane","Hidden Blade","Envenom+1","Crippling Poison","Footwork","Slimebound:CheckThePlaybook"],"relics":["Ring of the Snake","NeowsBlessing","GremlinMask","MealTicket","Ginger","Bronze Scales","HoveringKite","Strange Spoon","ReplayTheSpireMod:Lightbulb"],"acts_visited":["Exordium","TheCity"],"potions_floor_usage":[16,18,18,24,25,25,25],"damage_taken":[{"damage":0,"enemies":"Small Slimes","floor":1,"turns":1},{"damage":0,"enemies":"Cultist","floor":5,"turns":1},{"damage":0,"enemies":"Jaw Worm","floor":8,"turns":1},{"damage":31,"enemies":"3 Sentries","floor":10,"turns":10},{"damage":0,"enemies":"Exordium Thugs","floor":11,"turns":4},{"damage":28,"enemies":"Gremlin Nob","floor":12,"turns":5},{"damage":1,"enemies":"Blue Slaver","floor":13,"turns":2},{"damage":4,"enemies":"Exordium Wildlife","floor":14,"turns":4},{"damage":10,"enemies":"Hexaghost","floor":16,"turns":8},{"damage":4,"enemies":"Spheric Guardian","floor":18,"turns":3},{"damage":7,"enemies":"Chosen","floor":20,"turns":4},{"damage":45,"enemies":"Slavers","floor":24,"turns":4},{"damage":20,"enemies":"3 Cultists","floor":25,"turns":3}],"seed_played":"4678724425784480820","potions_obtained":[{"floor":1,"key":"SmokeBomb"},{"floor":5,"key":"DistilledChaos"},{"floor":11,"key":"Fire Potion"},{"floor":22,"key":"Explosive Potion"},{"floor":22,"key":"Toxic Potion"},{"floor":22,"key":"SneckoOil"},{"floor":24,"key":"champ:CounterPotion"}],"is_trial":false,"path_per_floor":["M","?","$","?","M","?","R","M","T","E","M","E","M","M","R","B",null,"M","$","M","?","?","R","E","M"],"character_chosen":"THE_SILENT","items_purchased":["Replay:Poison Smokescreen","Strange Spoon","Crippling Poison","Footwork"],"campfire_rested":1,"item_purchase_floors":[3,19,19,19],"current_hp_per_floor":[70,70,70,70,70,70,70,70,70,39,39,11,10,6,27,17,70,66,70,63,63,63,63,18,0,0],"gold":68,"neow_bonus":"THREE_ENEMY_KILL","is_daily":false,"chose_seed":false,"campfire_upgraded":2,"win_rate":0.0,"timestamp":1610236094,"path_taken":["M","?","$","?","?","?","R","M","T","E","M","E","M","M","R","BOSS","M","$","M","?","?","R","E","M"],"items_purchased_type":["Card","Relic","Card","Card"],"build_version":"2020-12-22","purchased_purges":0,"victory":false,"max_hp_per_floor":[70,70,70,70,70,70,70,70,70,70,70,70,70,70,70,70,70,70,70,70,63,63,63,63,63,63],"card_choices":[{"not_picked":["Blade Dance","Tactician"],"picked":"Replay:Poison Smokescreen","floor":1},{"not_picked":["PiercingWail","Dagger Throw"],"picked":"Blade Dance","floor":5},{"not_picked":["Underhanded Strike","Quick Slash"],"picked":"Bane","floor":8},{"not_picked":["Endless Agony","Poisoned Stab"],"picked":"Replay:Bag of Tricks","floor":10},{"not_picked":["Deflect","Dagger Spray"],"picked":"Finisher","floor":11},{"not_picked":["Prepared","Dagger Throw"],"picked":"Bane","floor":12},{"not_picked":["Underhanded Strike","Escape Plan"],"picked":"Bane","floor":13},{"not_picked":["Deadly Poison","Prepared"],"picked":"Hidden Blade","floor":14},{"not_picked":["Malaise","ReplayTheSpireMod:Necrosis"],"picked":"Envenom","floor":16},{"not_picked":["PiercingWail","Backflip+1","Predator"],"picked":"SKIP","floor":20},{"not_picked":["Predator+1","Quick Slash+1","Atom Bomb"],"picked":"SKIP","floor":24}],"player_experience":22053,"relics_obtained":[{"floor":9,"key":"MealTicket"},{"floor":10,"key":"Ginger"},{"floor":12,"key":"Bronze Scales"},{"floor":24,"key":"ReplayTheSpireMod:Lightbulb"}],"event_choices":[{"cards_removed":["Strike_G"],"damage_healed":0,"gold_gain":0,"player_choice":"Card Removal","damage_taken":0,"max_hp_gain":0,"max_hp_loss":0,"event_name":"The Cleric","floor":2,"gold_loss":50},{"damage_healed":0,"gold_gain":0,"player_choice":"Trade","damage_taken":0,"relics_obtained":["GremlinMask"],"max_hp_gain":0,"max_hp_loss":0,"event_name":"FaceTrader","floor":4,"gold_loss":0},{"damage_healed":0,"gold_gain":0,"player_choice":"Forge","damage_taken":0,"max_hp_gain":0,"max_hp_loss":0,"event_name":"Accursed Blacksmith","floor":6,"gold_loss":0,"cards_upgraded":["Blade Dance"]},{"damage_healed":0,"gold_gain":0,"player_choice":"Got Potions","damage_taken":0,"max_hp_gain":0,"max_hp_loss":0,"event_name":"Lab","floor":22,"gold_loss":0}],"is_beta":false,"boss_relics":[{"not_picked":["Runic Pyramid","Replay:Grab Bag"],"picked":"HoveringKite"}],"items_purged_floors":[],"is_endless":false,"potions_floor_spawned":[1,5,11,18,24],"killed_by":"3 Cultists","ascension_level":0}}