{"host":"ig7tc0uedzltt2sr","time":1610232412,"event":{"mods":["BaseMod","Better Twitch Integration","Block Reminder","Colored Map","Colored Powertips","Communication Mod","Current Relic Mod","GifTheSpireLib","HexUI Lib","Minty Spire (QoL Compilation)","Quick Restart","Random Character Button","Rare Cards Sparkle","Relic Sorter","Relic Stats","Slay the Relics Exporter","StSLib","SuperFastMode","Synergy Search","Twitch Decklist","Twitch Utils","everything is the same but u backflip on backflip","slay the spire mod where everything is the same but ironclad has a cowboy hat"],"gold_per_floor":[111,111,25,52,227,253,253,266,266,266,280,299,299,317,317,317,317],"floor_reached":16,"playtime":81,"items_purged":[],"score":125,"play_id":"1ca106e8-ffc3-4eb3-bf78-835024020fb5","local_time":"20210109144652","is_ascension_mode":false,"campfire_choices":[{"data":"Bash","floor":10,"key":"SMITH"},{"floor":15,"key":"RECALL"}],"circlet_count":0,"master_deck":["Strike_R","Strike_R","Strike_R","Strike_R","Strike_R","Defend_R","Defend_R","Defend_R","Defend_R","Bash+1","Pummel","PanicButton","Doubt","Dual Wield","Blood for Blood","Wild Strike","Shrug It Off","Impervious"],"relics":["Burning Blood","NeowsBlessing","Centennial Puzzle","Bag of Marbles","Eternal Feather","PreservedInsect"],"acts_visited":["Exordium"],"potions_floor_usage":[],"damage_taken":[{"damage":0,"enemies":"Small Slimes","floor":1,"turns":3},{"damage":0,"enemies":"Gremlin Nob","floor":6,"turns":1},{"damage":0,"enemies":"Cultist","floor":8,"turns":1},{"damage":0,"enemies":"2 Louse","floor":11,"turns":5},{"damage":12,"enemies":"2 Fungi Beasts","floor":12,"turns":4},{"damage":23,"enemies":"Red Slaver","floor":14,"turns":5},{"damage":69,"enemies":"Hexaghost","floor":16,"turns":13}],"seed_played":"2860792371079169839","potions_obtained":[{"floor":1,"key":"Block Potion"},{"floor":2,"key":"Swift Potion"},{"floor":2,"key":"SkillPotion"}],"is_trial":false,"path_per_floor":["M","?","$","T","?","E","?","M","T","R","M","M","T","M","R","B"],"character_chosen":"IRONCLAD","items_purchased":["PanicButton"],"campfire_rested":0,"item_purchase_floors":[3],"current_hp_per_floor":[80,80,80,80,80,80,80,80,80,80,80,74,74,57,66,0,0],"gold":317,"neow_bonus":"THREE_ENEMY_KILL","is_daily":false,"chose_seed":false,"campfire_upgraded":1,"win_rate":0.0,"timestamp":1610232412,"path_taken":["M","?","$","?","?","E","?","M","T","R","M","?","?","M","R","BOSS"],"items_purchased_type":["Card"],"build_version":"2020-12-22","purchased_purges":0,"victory":false,"max_hp_per_floor":[80,80,80,80,80,80,80,80,80,80,80,80,80,80,80,80,80],"relic_stats":{"Centennial Puzzle":[9],"counters":[7,32],"Eternal Feather":9,"PreservedInsect":0,"obtain_stats":[{"Centennial Puzzle":4,"NeowsBlessing":0,"Eternal Feather":9,"PreservedInsect":13,"Bag of Marbles":6,"Burning Blood":0},{"Centennial Puzzle":1,"NeowsBlessing":0,"Eternal Feather":3,"PreservedInsect":5,"Bag of Marbles":2,"Burning Blood":0},{"Centennial Puzzle":3,"NeowsBlessing":0,"Eternal Feather":5,"PreservedInsect":14,"Bag of Marbles":4,"Burning Blood":0}],"Burning Blood":12},"card_choices":[{"not_picked":["Rampage","Thunderclap"],"picked":"Pummel","floor":1},{"not_picked":["Body Slam","Armaments"],"picked":"Dual Wield","floor":6},{"not_picked":["Evolve","Body Slam"],"picked":"Blood for Blood","floor":8},{"not_picked":["Warcry","Havoc"],"picked":"Wild Strike","floor":11},{"not_picked":["Dual Wield","True Grit"],"picked":"Shrug It Off","floor":12},{"not_picked":["Pummel","Clothesline"],"picked":"Impervious","floor":14}],"player_experience":1472419,"relics_obtained":[{"floor":4,"key":"Centennial Puzzle"},{"floor":6,"key":"Bag of Marbles"},{"floor":9,"key":"Eternal Feather"},{"floor":13,"key":"PreservedInsect"}],"event_choices":[{"damage_healed":0,"gold_gain":0,"player_choice":"Got Potions","damage_taken":0,"max_hp_gain":0,"max_hp_loss":0,"event_name":"Lab","floor":2,"gold_loss":0},{"damage_healed":0,"gold_gain":175,"player_choice":"AGREE","damage_taken":0,"max_hp_gain":0,"max_hp_loss":0,"event_name":"Liars Game","floor":5,"gold_loss":0,"cards_obtained":["Doubt"]},{"damage_healed":0,"gold_gain":0,"player_choice":"Ignored","damage_taken":0,"max_hp_gain":0,"max_hp_loss":0,"event_name":"NoteForYourself","floor":7,"gold_loss":0}],"is_beta":false,"boss_relics":[],"items_purged_floors":[],"is_endless":false,"potions_floor_spawned":[1],"killed_by":"Hexaghost","ascension_level":0}}