{"host":"0t7ytk9pge2ncgeb","time":1610222420,"event":{"mods":["2.2 Compatiblity","Act Like it!","Aspiration","BaseMod","BetterRewards","Conspire","Downfall","Googly Eyes","Hubris","Minty Spire (QoL Compilation)","Relic Stats","Replay The Spire","Shop Mod","Spicy Shops","StSLib","slay the spire mod where everything is the same but ironclad has a cowboy hat"],"gold_per_floor":[115,133,329,329,329,329,348,348,348,348,348,366,390,413,413,538,538,551,569,569,594,554,567,602,602,602],"floor_reached":25,"playtime":1962,"items_purged":[],"score":215,"play_id":"6c8cc4d6-3bbb-40a4-aa19-53f6207086a3","local_time":"20210109150020","is_ascension_mode":false,"campfire_choices":[{"data":"Neutralize","floor":6,"key":"SMITH"},{"data":"Footwork","floor":8,"key":"SMITH"},{"data":"Cloak And Dagger","floor":10,"key":"SMITH"},{"data":"Blade Dance","floor":15,"key":"SMITH"}],"circlet_count":0,"master_deck":["Strike_G","Strike_G+1","Strike_G","Strike_G","Strike_G","Defend_G","Defend_G","Defend_G","Defend_G","Defend_G","Survivor","Neutralize+1","Bane","Cloak And Dagger+1","Poisoned Stab+1","Footwork+1","Blade Dance+1","Dagger Spray","Venomology","Fluid Movement+1","Infinite Blades","ReplayTheSpireMod:Shiv Toss+1","Blade Dance","Backflip"],"relics":["Ring of the Snake","Golden Idol","Frozen Egg 2"],"acts_visited":["Exordium","TheCity"],"potions_floor_usage":[16,19,21,23,25,25],"damage_taken":[{"damage":3,"enemies":"2 Louse","floor":1,"turns":4},{"damage":0,"enemies":"Jaw Worm","floor":2,"turns":4},{"damage":0,"enemies":"conspire:RoseBush","floor":7,"turns":3},{"damage":0,"enemies":"Looter","floor":12,"turns":2},{"damage":0,"enemies":"Large Slime","floor":13,"turns":4},{"damage":2,"enemies":"Exordium Thugs","floor":14,"turns":5},{"damage":33,"enemies":"Slime Boss","floor":16,"turns":13},{"damage":14,"enemies":"Spheric Guardian","floor":18,"turns":6},{"damage":2,"enemies":"Shell Parasite","floor":19,"turns":8},{"damage":7,"enemies":"Snake Plant","floor":21,"turns":8},{"damage":23,"enemies":"Shelled Parasite and Fungi","floor":23,"turns":7},{"damage":17,"enemies":"Replay:Snechameleon","floor":24,"turns":7},{"damage":27,"enemies":"Snecko","floor":25,"turns":4}],"seed_played":"8412760439000732029","potions_obtained":[{"floor":1,"key":"Flashbang"},{"floor":2,"key":"LiquidMemories"},{"floor":7,"key":"Dexterity Potion"},{"floor":24,"key":"hexamod:EctoCoolerPotion"}],"is_trial":false,"path_per_floor":["M","M","?","?","?","R","M","R","T","R","?","M","M","M","R","B",null,"M","M","?","M","?","M","E","M"],"character_chosen":"THE_SILENT","items_purchased":[],"campfire_rested":0,"item_purchase_floors":[],"current_hp_per_floor":[74,74,74,74,55,55,55,55,55,55,55,55,55,53,53,20,77,63,61,61,54,54,31,14,0,0],"gold":602,"neow_bonus":"TEN_PERCENT_HP_BONUS","is_daily":false,"chose_seed":false,"campfire_upgraded":4,"win_rate":0.0,"timestamp":1610222420,"path_taken":["M","M","?","?","?","R","M","R","T","R","?","M","M","?","R","BOSS","M","M","?","M","?","M","E","M"],"items_purchased_type":[],"build_version":"2020-12-22","purchased_purges":0,"victory":false,"max_hp_per_floor":[77,77,77,77,77,77,77,77,77,77,77,77,77,77,77,77,77,77,77,77,77,77,77,77,77,77],"relic_stats":{"counters":[13,75],"Golden Idol":65,"obtain_stats":[{"Golden Idol":5,"Frozen Egg 2":24,"Ring of the Snake":0},{"Golden Idol":2,"Frozen Egg 2":12,"Ring of the Snake":0},{"Golden Idol":8,"Frozen Egg 2":71,"Ring of the Snake":0}],"Ring of the Snake":[26]},"card_choices":[{"not_picked":["Heel Hook","Acrobatics"],"picked":"Bane","floor":1},{"not_picked":["Predator","Dodge and Roll"],"picked":"Cloak And Dagger","floor":2},{"not_picked":["Hidden Blade","Prepared"],"picked":"Poisoned Stab","floor":3},{"not_picked":["Prepared","Acrobatics"],"picked":"Footwork","floor":7},{"not_picked":["Hidden Blade","Slice"],"picked":"Blade Dance","floor":12},{"not_picked":["Concentrate","Dagger Spray","hubris:TrickCloak"],"picked":"SKIP","floor":13},{"not_picked":["Sucker Punch","hubris:TrickCloak"],"picked":"Dagger Spray","floor":14},{"not_picked":["Doppelganger","Malaise"],"picked":"Venomology","floor":16},{"not_picked":["Dagger Spray+1","Tactician"],"picked":"Fluid Movement+1","floor":18},{"not_picked":["Deadly Poison+1","Cloak And Dagger"],"picked":"Infinite Blades","floor":19},{"not_picked":["Escape Plan","Backflip"],"picked":"ReplayTheSpireMod:Shiv Toss","floor":21},{"not_picked":["Slice","ReplayTheSpireMod:The Works"],"picked":"Blade Dance","floor":23},{"not_picked":["Skewer","Flying Knee"],"picked":"Backflip","floor":24}],"player_experience":297355,"relics_obtained":[{"floor":24,"key":"Frozen Egg 2"}],"event_choices":[{"damage_healed":0,"gold_gain":0,"player_choice":"Ignored","damage_taken":0,"max_hp_gain":0,"max_hp_loss":0,"event_name":"Golden Wing","floor":4,"gold_loss":0},{"damage_healed":0,"gold_gain":0,"player_choice":"Take Damage","damage_taken":19,"relics_obtained":["Golden Idol"],"max_hp_gain":0,"max_hp_loss":0,"event_name":"Golden Idol","floor":5,"gold_loss":0},{"damage_healed":0,"gold_gain":0,"player_choice":"Upgraded","damage_taken":0,"max_hp_gain":0,"max_hp_loss":0,"event_name":"Upgrade Shrine","floor":11,"gold_loss":0,"cards_upgraded":["Poisoned Stab"]},{"damage_healed":0,"gold_gain":0,"player_choice":"Ignored","damage_taken":0,"max_hp_gain":0,"max_hp_loss":0,"event_name":"Vampires","floor":20,"gold_loss":0},{"damage_healed":0,"gold_gain":0,"player_choice":"Upgraded Two","damage_taken":0,"max_hp_gain":0,"max_hp_loss":0,"event_name":"Designer","floor":22,"gold_loss":40,"cards_upgraded":["ReplayTheSpireMod:Shiv Toss","Strike_G"]}],"is_beta":false,"boss_relics":[{"not_picked":["aspiration:RitualDagger","Runic Pyramid","ReplayTheSpireMod:DimensionalGlitch"]}],"items_purged_floors":[],"is_endless":false,"potions_floor_spawned":[1,2,7,12,24],"killed_by":"Snecko","ascension_level":0}}