{"host":"662n7794wuevbd4i","time":1610220561,"event":{"mods":["BaseMod","KOR Keyword Fix","Minty Spire (QoL Compilation)","StSLib","The Cursed","The Dragon Tamer","The Hierophant","The Poker Player"],"gold_per_floor":[213,213,165,181,200,200,217,247,298,327,327,338,1,34,34,132,132,143,170,187,112,127,127,127,127],"floor_reached":24,"playtime":697,"items_purged":["Strike_R"],"score":238,"play_id":"350c0ba3-ef71-4037-971f-ff74594a7202","local_time":"20210110042921","is_ascension_mode":true,"campfire_choices":[{"data":"Spot Weakness","floor":6.0,"key":"SMITH"},{"floor":15.0,"key":"REST"},{"floor":23,"key":"REST"}],"circlet_count":0,"master_deck":["Strike_R","Strike_R","Strike_R","Defend_R","Defend_R","Defend_R","Bash","Sword Boomerang","Pommel Strike","Spot Weakness+1","Flex","Pommel Strike","Berserk+1","Heavy Blade","Flex","Whirlwind","Barricade+1","Heavy Blade","Bloodletting","Flex"],"relics":["Black Blood","Frozen Egg 2","Bronze Scales","Centennial Puzzle","Chemical X","InkBottle","Potion Belt"],"acts_visited":["Exordium","TheCity"],"potions_floor_usage":[22],"damage_taken":[{"damage":8.0,"enemies":"Jaw Worm","floor":1.0,"turns":5.0},{"damage":1.0,"enemies":"Cultist","floor":4.0,"turns":3.0},{"damage":0.0,"enemies":"Small Slimes","floor":5.0,"turns":2.0},{"damage":14.0,"enemies":"Red Slaver","floor":7.0,"turns":3.0},{"damage":28.0,"enemies":"Gremlin Nob","floor":8.0,"turns":4.0},{"damage":18.0,"enemies":"Lagavulin","floor":10.0,"turns":5.0},{"damage":13.0,"enemies":"Exordium Wildlife","floor":12.0,"turns":2.0},{"damage":13.0,"enemies":"3 Sentries","floor":14.0,"turns":2.0},{"damage":31.0,"enemies":"Hexaghost","floor":16.0,"turns":7.0},{"damage":25.0,"enemies":"3 Byrds","floor":18.0,"turns":3.0},{"damage":20.0,"enemies":"Chosen","floor":20.0,"turns":3.0},{"damage":52,"enemies":"Shelled Parasite and Fungi","floor":22,"turns":4},{"damage":46,"enemies":"Slavers","floor":24,"turns":2}],"seed_played":"117989586160997282","potions_obtained":[{"floor":2.0,"key":"Explosive Potion"},{"floor":2.0,"key":"Swift Potion"},{"floor":2.0,"key":"BlessingOfTheForge"},{"floor":10.0,"key":"Explosive Potion"},{"floor":12.0,"key":"FearPotion"},{"floor":20.0,"key":"PowerPotion"}],"is_trial":false,"path_per_floor":["M","?","$","M","M","R","M","E","T","E","?","M","$","E","R","B",null,"M","T","M","?","M","R","E"],"character_chosen":"IRONCLAD","items_purchased":["Pommel Strike","Flex","Whirlwind","Chemical X"],"campfire_rested":2,"item_purchase_floors":[3,13,13,13],"current_hp_per_floor":[78,78,78,80,80,80,72,50,50,38,38,31,31,24,48,23,80,67,67,59,59,19,43,0,0],"gold":127,"neow_bonus":"HUNDRED_GOLD","is_daily":false,"chose_seed":false,"campfire_upgraded":1,"win_rate":0.0,"timestamp":1610220561,"path_taken":["M","?","?","M","M","R","M","E","T","E","?","M","$","E","R","BOSS","M","?","M","?","M","R","E"],"items_purchased_type":["Card","Card","Card","Relic"],"build_version":"2020-12-22","purchased_purges":1,"victory":false,"max_hp_per_floor":[80,80,80,80,80,80,80,80,80,80,80,80,80,80,80,80,80,80,80,80,80,80,80,80,80],"card_choices":[{"not_picked":["Iron Wave","Intimidate"],"picked":"Sword Boomerang","floor":1.0},{"not_picked":["Rupture","Anger"],"picked":"Spot Weakness","floor":4.0},{"not_picked":["Evolve","Corruption"],"picked":"Flex","floor":5.0},{"not_picked":["Clothesline","Clash"],"picked":"Pommel Strike","floor":7.0},{"not_picked":["Infernal Blade","Clothesline","Entrench"],"picked":"SKIP","floor":8.0},{"not_picked":["Dark Embrace+1","Wild Strike"],"picked":"Berserk+1","floor":10.0},{"not_picked":["Warcry","Thunderclap"],"picked":"Heavy Blade","floor":12.0},{"not_picked":["Cleave","Dark Embrace+1","Intimidate"],"picked":"SKIP","floor":14.0},{"not_picked":["Bludgeon","Reaper"],"picked":"Barricade+1","floor":16.0},{"not_picked":["Twin Strike","Spot Weakness+1"],"picked":"Heavy Blade","floor":18.0},{"not_picked":["Sword Boomerang","Reckless Charge"],"picked":"Bloodletting","floor":20.0},{"not_picked":["Fire Breathing+1","Clash+1"],"picked":"Flex","floor":22}],"player_experience":140539,"relics_obtained":[{"floor":8.0,"key":"Frozen Egg 2"},{"floor":9.0,"key":"Bronze Scales"},{"floor":10.0,"key":"Centennial Puzzle"},{"floor":14.0,"key":"InkBottle"},{"floor":19.0,"key":"Potion Belt"}],"event_choices":[{"damage_healed":0.0,"max_hp_gain":0.0,"max_hp_loss":0.0,"gold_gain":0.0,"event_name":"Lab","player_choice":"Got Potions","floor":2.0,"gold_loss":0.0,"damage_taken":0.0},{"cards_removed":["Strike_R"],"damage_healed":0.0,"max_hp_gain":0.0,"max_hp_loss":0.0,"gold_gain":0.0,"event_name":"Wheel of Change","player_choice":"Card Removal","floor":11.0,"gold_loss":0.0,"damage_taken":0.0},{"cards_removed":["Defend_R"],"damage_healed":0.0,"max_hp_gain":0.0,"max_hp_loss":0.0,"gold_gain":0.0,"event_name":"Beggar","player_choice":"Gave Gold","floor":21.0,"gold_loss":75.0,"damage_taken":0.0}],"is_beta":false,"boss_relics":[{"not_picked":["Busted Crown","Empty Cage"],"picked":"Black Blood"}],"items_purged_floors":[13],"is_endless":false,"potions_floor_spawned":[4,8,10,12,20],"killed_by":"Slavers","ascension_level":2}}