{"host":"l15sdf2mmi0nobpi","time":1610179454,"event":{"mods":["ATMod(°¢èªMod)","BaseMod","Highlight Path","Minty Spire (QoL Compilation)","Quick Restart","StSLib","¡¾¹¦ÄÜMod¡¿Neow½±Àø"],"gold_per_floor":[118,118,118,43,59,59,97,97,97,110,35,35,35,70,70,168,168,182,182,207,39,39,70,89,89,89,116,128,143,157,182,182,258,258,275,275,291,291,304,330,350,378,378,413,309,362,380,393,393,393,393,393,393,40,74,74],"floor_reached":57,"playtime":2801,"items_purged":["Pain","Strike_B","Strike_B"],"score":2795,"play_id":"7e1f957e-a4e2-4695-951a-8b49987f21e9","local_time":"20210109160414","is_ascension_mode":true,"campfire_choices":[{"data":"AT_ThunderBolt","floor":6.0,"key":"SMITH"},{"data":"Coolheaded","floor":12.0,"key":"SMITH"},{"data":"Dualcast","floor":15.0,"key":"SMITH"},{"floor":25.0,"key":"REST"},{"floor":32.0,"key":"RECALL"},{"floor":49.0,"key":"REST"},{"floor":53.0,"key":"REST"}],"circlet_count":0,"master_deck":["AscendersBane","Strike_B","Defend_B","Defend_B","Defend_B+1","Defend_B","Zap","Dualcast+1","AT_ThunderBolt+1","Thunder Strike","Coolheaded+1","Redo","White Noise","Electrodynamics+1","Buffer+1","Chill","Tempest+1","AT_WaterDrop+1","Core Surge","Echo Form+1","Cold Snap+1","Coolheaded+1","Recycle","Heatsinks+1","Buffer+1","Loop+1","Defragment+1"],"relics":["Cracked Core","AT_ATBox","Bloody Idol","WarpedTongs","Sundial","Frozen Egg 2","AT_BellDemon","Fusion Hammer","ClockworkSouvenir","Strawberry","Cables","Smiling Mask","Shuriken","Runic Dome","AT_SunfireAegis","Bag of Preparation","Calipers","AT_Kusabimaru","War Paint","AT_ArchangelStaff"],"acts_visited":["Exordium","TheCity","TheBeyond","TheEnding"],"potions_floor_usage":[56,56],"damage_taken":[{"damage":0.0,"enemies":"2 Louse","floor":1.0,"turns":3.0},{"damage":0.0,"enemies":"Cultist","floor":5.0,"turns":4.0},{"damage":28.0,"enemies":"3 Sentries","floor":7.0,"turns":6.0},{"damage":4.0,"enemies":"Jaw Worm","floor":10.0,"turns":4.0},{"damage":9.0,"enemies":"Gremlin Nob","floor":14.0,"turns":3.0},{"damage":2.0,"enemies":"Slime Boss","floor":16.0,"turns":6.0},{"damage":0.0,"enemies":"2 Thieves","floor":18.0,"turns":2.0},{"damage":0.0,"enemies":"Chosen","floor":20.0,"turns":5.0},{"damage":5.0,"enemies":"Book of Stabbing","floor":23.0,"turns":6.0},{"damage":14.0,"enemies":"Snake Plant","floor":24.0,"turns":4.0},{"damage":6.0,"enemies":"Slavers","floor":27.0,"turns":4.0},{"damage":6.0,"enemies":"3 Cultists","floor":28.0,"turns":3.0},{"damage":0.0,"enemies":"Centurion and Healer","floor":29.0,"turns":4.0},{"damage":0.0,"enemies":"Chosen and Byrds","floor":30.0,"turns":3.0},{"damage":8.0,"enemies":"Gremlin Leader","floor":31.0,"turns":6.0},{"damage":33.0,"enemies":"Automaton","floor":33.0,"turns":9.0},{"damage":23.0,"enemies":"3 Darklings","floor":35.0,"turns":3.0},{"damage":6.0,"enemies":"Orb Walker","floor":37.0,"turns":4.0},{"damage":0.0,"enemies":"Sphere and 2 Shapes","floor":39.0,"turns":7.0},{"damage":18.0,"enemies":"Reptomancer","floor":40.0,"turns":6.0},{"damage":0.0,"enemies":"Transient","floor":41.0,"turns":6.0},{"damage":0.0,"enemies":"Giant Head","floor":42.0,"turns":6.0},{"damage":22.0,"enemies":"Nemesis","floor":44.0,"turns":7.0},{"damage":40.0,"enemies":"2 Orb Walkers","floor":46.0,"turns":5.0},{"damage":0.0,"enemies":"Maw","floor":47.0,"turns":6.0},{"damage":0.0,"enemies":"3 Darklings","floor":48.0,"turns":4.0},{"damage":8.0,"enemies":"Donu and Deca","floor":50.0,"turns":8.0},{"damage":30.0,"enemies":"Time Eater","floor":51.0,"turns":13.0},{"damage":50,"enemies":"Shield and Spear","floor":55,"turns":7},{"damage":8,"enemies":"The Heart","floor":56,"turns":8}],"seed_played":"-1606854218811595534","potions_obtained":[{"floor":5.0,"key":"Explosive Potion"},{"floor":7.0,"key":"DistilledChaos"},{"floor":18.0,"key":"ColorlessPotion"},{"floor":20.0,"key":"SpeedPotion"},{"floor":31.0,"key":"ColorlessPotion"},{"floor":41.0,"key":"GamblersBrew"},{"floor":42.0,"key":"FairyPotion"},{"floor":47.0,"key":"EssenceOfSteel"},{"floor":48.0,"key":"Explosive Potion"},{"floor":55,"key":"DuplicationPotion"}],"is_trial":false,"path_per_floor":["M","?","?","$","M","R","E","?","T","M","?","R","?","E","R","B",null,"M","?","M","$","?","E","M","R","T","E","M","M","M","E","R","B",null,"M","?","M","?","M","E","M","E","T","E","$","?","M","M","R","B","B",null,"R","$","E","B",null],"character_chosen":"DEFECT","items_purchased":["ClockworkSouvenir","PowerPotion","Defragment+1","FocusPotion","War Paint"],"campfire_rested":3,"item_purchase_floors":[21,45,54,54,54],"current_hp_per_floor":[64,64,64,64,64,64,36,36,36,32,32,32,37,28,28,26,58,58,58,58,58,58,65,56,76,76,75,74,76,76,73,73,45,68,50,50,49,49,54,41,46,51,51,34,34,27,32,37,59,51,21,62,76,76,31,23],"gold":74,"neow_bonus":"ONE_RANDOM_RARE_CARD","is_daily":false,"chose_seed":false,"campfire_upgraded":3,"win_rate":0.0,"timestamp":1610179454,"path_taken":["M","?","?","$","?","R","E","?","T","M","?","R","?","E","R","BOSS","M","?","M","$","?","E","M","R","T","E","M","M","M","E","R","BOSS","M","?","M","?","M","E","?","E","T","E","$","?","M","M","R","BOSS","BOSS","R","$","E","BOSS"],"items_purchased_type":["Relic","Potion","Card","Potion","Relic"],"build_version":"2020-12-22","purchased_purges":3,"victory":true,"max_hp_per_floor":[71,64,64,64,64,64,64,64,64,64,64,64,69,69,69,69,69,69,69,69,69,69,76,76,76,76,76,76,76,76,76,76,76,76,76,76,76,76,76,76,76,76,76,76,76,76,76,76,76,76,76,76,76,76,76,76],"card_choices":[{"not_picked":["Undo","Cold Snap"],"picked":"Coolheaded","floor":1.0},{"not_picked":["Beam Cell","Steam Power","Stack"],"picked":"SKIP","floor":5.0},{"not_picked":["Leap","All For One"],"picked":"Redo","floor":7.0},{"not_picked":["Steam","Go for the Eyes"],"picked":"White Noise","floor":10.0},{"not_picked":["Self Repair+1","Leap"],"picked":"Electrodynamics+1","floor":14.0},{"not_picked":["Meteor Strike","Thunder Strike"],"picked":"Buffer+1","floor":16.0},{"not_picked":["Sweeping Beam","Gash"],"picked":"Chill","floor":18.0},{"not_picked":["Redo","Fusion","Streamline"],"picked":"SKIP","floor":20.0},{"not_picked":["Steam","Tempest","Leap"],"picked":"SKIP","floor":23.0},{"not_picked":["Steam","Tempest","Leap"],"picked":"SKIP","floor":23.0},{"not_picked":["Steam","Tempest","Leap"],"picked":"SKIP","floor":23.0},{"not_picked":["Steam","Leap"],"picked":"Tempest","floor":23.0},{"not_picked":["Go for the Eyes","Gash"],"picked":"AT_WaterDrop+1","floor":24.0},{"not_picked":["Steam Power","Sweeping Beam"],"picked":"Core Surge","floor":27.0},{"not_picked":["Sweeping Beam","Undo","Go for the Eyes"],"picked":"SKIP","floor":28.0},{"not_picked":["Fusion","Sweeping Beam","Darkness"],"picked":"SKIP","floor":29.0},{"not_picked":["Hologram","Rebound","Streamline"],"picked":"SKIP","floor":30.0},{"not_picked":["Stack","Genetic Algorithm","AT_WarpDrive"],"picked":"SKIP","floor":31.0},{"not_picked":["Core Surge","Thunder Strike"],"picked":"Echo Form+1","floor":33.0},{"not_picked":["Steam+1","Conserve Battery","Compile Driver+1"],"picked":"SKIP","floor":35.0},{"not_picked":["Self Repair+1","Hologram"],"picked":"Cold Snap+1","floor":37.0},{"not_picked":["AT_HeatAcrobatics+1","Melter+1"],"picked":"Recycle","floor":39.0},{"not_picked":["Leap","Streamline"],"picked":"Heatsinks+1","floor":40.0},{"not_picked":["Stack","Coolheaded","FTL"],"picked":"SKIP","floor":41.0},{"not_picked":["Doom and Gloom","Coolheaded"],"picked":"Buffer+1","floor":42.0},{"not_picked":["AT_ThreeBodyProblem+1","Stack","Chill"],"picked":"SKIP","floor":44.0},{"not_picked":["Heatsinks+1","Streamline+1"],"picked":"Loop+1","floor":47.0},{"not_picked":["Streamline","Steam","Reprogram"],"picked":"SKIP","floor":48.0},{"not_picked":["Beam Cell","Steam Power","Gash+1"],"picked":"SKIP","floor":55}],"player_experience":436269,"relics_obtained":[{"floor":7.0,"key":"Sundial"},{"floor":9.0,"key":"Frozen Egg 2"},{"floor":14.0,"key":"AT_BellDemon"},{"floor":23.0,"key":"Strawberry"},{"floor":26.0,"key":"Cables"},{"floor":27.0,"key":"Smiling Mask"},{"floor":31.0,"key":"Shuriken"},{"floor":40.0,"key":"AT_SunfireAegis"},{"floor":42.0,"key":"Bag of Preparation"},{"floor":44.0,"key":"Calipers"},{"floor":46.0,"key":"AT_Kusabimaru"},{"floor":55,"key":"AT_ArchangelStaff"}],"event_choices":[{"damage_healed":0.0,"max_hp_gain":0.0,"max_hp_loss":7.0,"gold_gain":0.0,"event_name":"Golden Idol","player_choice":"Lose Max HP","floor":2.0,"gold_loss":0.0,"damage_taken":0.0,"relics_obtained":["Golden Idol"]},{"damage_healed":0.0,"max_hp_gain":0.0,"max_hp_loss":0.0,"gold_gain":0.0,"event_name":"Accursed Blacksmith","player_choice":"Rummage","floor":3.0,"gold_loss":0.0,"damage_taken":0.0,"relics_obtained":["WarpedTongs"],"cards_obtained":["Pain"]},{"damage_healed":0.0,"max_hp_gain":0.0,"max_hp_loss":0.0,"gold_gain":0.0,"event_name":"Scrap Ooze","player_choice":"Fled","floor":8.0,"gold_loss":0.0,"damage_taken":0.0},{"cards_removed":["Strike_B"],"damage_healed":0.0,"max_hp_gain":0.0,"max_hp_loss":0.0,"gold_gain":0.0,"event_name":"The Cleric","player_choice":"Card Removal","floor":11.0,"gold_loss":75.0,"damage_taken":0.0},{"damage_healed":0.0,"max_hp_gain":5.0,"max_hp_loss":0.0,"gold_gain":0.0,"event_name":"Big Fish","player_choice":"Donut","floor":13.0,"gold_loss":0.0,"damage_taken":0.0},{"damage_healed":0.0,"max_hp_gain":0.0,"max_hp_loss":0.0,"gold_gain":0.0,"event_name":"Vampires","player_choice":"Ignored","floor":19.0,"gold_loss":0.0,"damage_taken":0.0},{"damage_healed":0.0,"max_hp_gain":0.0,"max_hp_loss":0.0,"gold_gain":0.0,"event_name":"Forgotten Altar","player_choice":"Gave Idol","floor":22.0,"relics_lost":["Golden Idol"],"gold_loss":0.0,"damage_taken":0.0,"relics_obtained":["Bloody Idol"]},{"damage_healed":0.0,"max_hp_gain":0.0,"max_hp_loss":0.0,"gold_gain":0.0,"event_name":"Tomb of Lord Red Mask","player_choice":"Ignored","floor":36.0,"gold_loss":0.0,"damage_taken":0.0},{"damage_healed":0.0,"max_hp_gain":0.0,"max_hp_loss":0.0,"gold_gain":0.0,"event_name":"Duplicator","player_choice":"Copied","floor":38.0,"gold_loss":0.0,"damage_taken":0.0,"cards_obtained":["Coolheaded"]},{"damage_healed":0.0,"max_hp_gain":0.0,"max_hp_loss":0.0,"gold_gain":0.0,"event_name":"Mysterious Sphere","player_choice":"Fight","floor":46.0,"gold_loss":0.0,"damage_taken":0.0}],"is_beta":false,"boss_relics":[{"not_picked":["SlaversCollar","Runic Pyramid"],"picked":"Fusion Hammer"},{"not_picked":["Philosopher\u0027s Stone","Pandora\u0027s Box"],"picked":"Runic Dome"}],"items_purged_floors":[4,45,54],"is_endless":false,"potions_floor_spawned":[5,7,18,20,27,31,35,41,42,47,48,55],"ascension_level":20}}