{"host":"xm0tf1maiknh0fp9","time":1610222369,"event":{"mods":["BaseMod","Colored Map","Colored Powertips","Googly Eyes","Minty Spire (QoL Compilation)","Replay The Spire","StSLib"],"gold_per_floor":[110,125,50,61,71,71,98,98,98,54,69,87,87,187,187,184,184,95,111,108,22,22,52,52,52,52],"floor_reached":25,"playtime":1583,"items_purged":["Strike_R"],"score":234,"play_id":"4b8f1993-ece8-40ba-912a-595007b4206e","local_time":"20210109145929","is_ascension_mode":true,"campfire_choices":[{"data":"Run Through","floor":6,"key":"SMITH"},{"floor":13,"key":"REST"},{"data":"Rampage","floor":15,"key":"SMITH"},{"data":"Uppercut","floor":24,"key":"SMITH"}],"circlet_count":0,"master_deck":["Strike_R","Strike_R","Strike_R","Defend_R","Defend_R","Defend_R+1","Defend_R+1","Bash","Cleave","Run Through+1","Pummel+1","ReplayTheSpireMod:IOU","Rampage+1","Hemogenesis+1","ReplayTheSpireMod:IOU","ReplayTheSpireMod:IOU","Uppercut+1","J.A.X."],"relics":["Burning Blood","NeowsBlessing","Replay:Wax Seal","TheAbacus","Golden Egg","Mercury Hourglass","War Paint","Replay:Grab Bag","Sozu","Busted Crown","Ring of Chaos","Replay:Baseball","HandDrill","White Beast Statue"],"acts_visited":["Exordium","TheCity"],"potions_floor_usage":[5,16,16,18,25],"damage_taken":[{"damage":0,"enemies":"Cultist","floor":1,"turns":1},{"damage":0,"enemies":"2 Louse","floor":2,"turns":1},{"damage":0,"enemies":"Jaw Worm","floor":4,"turns":1},{"damage":38,"enemies":"Large Slime","floor":5,"turns":7},{"damage":21,"enemies":"3 Sentries","floor":7,"turns":7},{"damage":11,"enemies":"Exordium Wildlife","floor":11,"turns":3},{"damage":8,"enemies":"Lots of Slimes","floor":12,"turns":2},{"damage":22,"enemies":"Fading Forest","floor":16,"turns":11},{"damage":10,"enemies":"Shell Parasite","floor":18,"turns":4},{"damage":18,"enemies":"Spheric Guardian","floor":19,"turns":4},{"damage":30,"enemies":"Snake Plant","floor":21,"turns":5},{"damage":30,"enemies":"Gremlin Leader","floor":23,"turns":7},{"damage":53,"enemies":"Book of Stabbing","floor":25,"turns":6}],"seed_played":"21214127745188418","potions_obtained":[{"floor":2,"key":"DuplicationPotion"},{"floor":4,"key":"Elixir"},{"floor":11,"key":"SpeedPotion"},{"floor":12,"key":"Strength Potion"},{"floor":16,"key":"ColorlessPotion"}],"is_trial":false,"path_per_floor":["M","M","$","M","M","R","E","?","T","$","M","M","R","?","R","B",null,"M","M","$","M","?","E","R","E"],"character_chosen":"IRONCLAD","items_purchased":["Replay:Wax Seal","TheAbacus","War Paint","Replay:Baseball","HandDrill"],"campfire_rested":1,"item_purchase_floors":[3,3,10,20,20],"current_hp_per_floor":[80,80,80,80,48,48,33,33,33,33,28,26,50,50,50,44,80,76,72,72,56,56,40,40,0,0],"gold":52,"neow_bonus":"THREE_ENEMY_KILL","is_daily":false,"chose_seed":false,"campfire_upgraded":3,"win_rate":0.0,"timestamp":1610222369,"path_taken":["M","M","$","?","M","R","E","?","T","$","M","M","R","?","R","BOSS","M","M","$","M","?","E","R","E"],"items_purchased_type":["Relic","Relic","Relic","Relic","Relic"],"build_version":"2020-12-22","purchased_purges":1,"victory":false,"max_hp_per_floor":[80,80,80,80,80,80,80,80,80,80,80,80,80,80,80,80,80,80,80,80,80,80,80,80,80,80],"card_choices":[{"not_picked":["Flex","Headbutt","Life Link"],"picked":"SKIP","floor":1},{"not_picked":["Clash","Clothesline"],"picked":"Cleave","floor":2},{"not_picked":["ReplayTheSpireMod:Strike From Hell","Disarm","Cleave"],"picked":"SKIP","floor":4},{"not_picked":["Armaments","Spot Weakness"],"picked":"Run Through","floor":5},{"not_picked":["Body Slam","Fire Breathing","Armaments"],"picked":"SKIP","floor":7},{"not_picked":["Life Link","Defy Death","ReplayTheSpireMod:Strike From Hell"],"picked":"SKIP","floor":11},{"not_picked":["Berserk","Shrug It Off"],"picked":"Rampage","floor":12},{"not_picked":["Replay:Many Hands","Feed"],"picked":"Hemogenesis","floor":16},{"not_picked":["Heavy Blade"],"picked":"SKIP","floor":18},{"not_picked":["Flex"],"picked":"SKIP","floor":19},{"not_picked":[],"picked":"Uppercut","floor":21},{"not_picked":["Wild Strike+1"],"picked":"SKIP","floor":23}],"player_experience":106927,"relics_obtained":[{"floor":7,"key":"Golden Egg"},{"floor":9,"key":"Mercury Hourglass"},{"floor":23,"key":"White Beast Statue"}],"event_choices":[{"damage_healed":0,"gold_gain":100,"player_choice":"Pray","damage_taken":0,"max_hp_gain":0,"max_hp_loss":0,"event_name":"Golden Shrine","floor":14,"gold_loss":0},{"damage_healed":0,"gold_gain":0,"player_choice":"Obtain J.A.X.","damage_taken":0,"max_hp_gain":0,"max_hp_loss":0,"event_name":"Drug Dealer","floor":22,"gold_loss":0,"cards_obtained":["J.A.X."]}],"is_beta":false,"boss_relics":[{"not_picked":["Replay:Bronze Core","ReplayTheSpireMod:DimensionalGlitch"],"picked":"Replay:Grab Bag"},{"not_picked":["ReplayTheSpireMod:Onyx Gauntlets","Fusion Hammer"],"picked":"Sozu"},{"not_picked":["Runic Dome","Ooze Armor"],"picked":"Busted Crown"},{"not_picked":["Runic Pyramid","Kintsugi"],"picked":"Ring of Chaos"}],"items_purged_floors":[3],"is_endless":false,"potions_floor_spawned":[2,4,11,12,16,21,23],"killed_by":"Book of Stabbing","ascension_level":1}}