{"host":"2yqfi47fogfu1ic4","time":1610176958,"event":{"mods":["AchievementEnabler","BaseMod","Colored Map","Colored Powertips","Highlight Path","Minty Spire (QoL Compilation)","Permanent Neow","Relic Stats","StSLib"],"gold_per_floor":[109,109,127,48,64,64,64,85,85,104,119,153,153,153,153,153,153],"floor_reached":16,"playtime":906,"items_purged":[],"score":204,"play_id":"b164ee06-c006-4927-a371-20fa03a8e417","local_time":"20210109082238","is_ascension_mode":true,"campfire_choices":[{"data":"Catalyst","floor":7,"key":"SMITH"},{"data":"Catalyst","floor":13,"key":"SMITH"},{"floor":15,"key":"REST"}],"circlet_count":0,"master_deck":["AscendersBane","Survivor","Neutralize","Caltrops","Adrenaline","Backflip","Catalyst+1","Reflex","Storm of Steel","Riddle With Holes","Deflect","Flechettes","Catalyst+1","Blade Dance","Noxious Fumes","Poisoned Stab","Adrenaline","Poisoned Stab","Dagger Spray","Crippling Poison"],"relics":["Pandora\u0027s Box","Golden Idol","StrikeDummy","MealTicket","Frozen Egg 2"],"acts_visited":["Exordium"],"potions_floor_usage":[16],"damage_taken":[{"damage":9,"enemies":"Jaw Worm","floor":1,"turns":2},{"damage":0,"enemies":"2 Louse","floor":3,"turns":2},{"damage":0,"enemies":"Cultist","floor":5,"turns":2},{"damage":4,"enemies":"Exordium Thugs","floor":8,"turns":3},{"damage":8,"enemies":"Exordium Wildlife","floor":10,"turns":3},{"damage":4,"enemies":"Large Slime","floor":11,"turns":2},{"damage":27,"enemies":"Lagavulin","floor":12,"turns":4},{"damage":34,"enemies":"Slime Boss","floor":16,"turns":7}],"seed_played":"-8817711222837261743","potions_obtained":[{"floor":8,"key":"Dexterity Potion"},{"floor":10,"key":"SmokeBomb"}],"is_trial":false,"path_per_floor":["M","?","M","$","M","?","R","M","T","M","M","E","R","T","R","B"],"character_chosen":"THE_SILENT","items_purchased":["Noxious Fumes"],"campfire_rested":1,"item_purchase_floors":[4],"current_hp_per_floor":[50,50,50,50,50,50,50,46,46,38,34,7,7,7,25,0,0],"gold":153,"neow_bonus":"BOSS_RELIC","is_daily":false,"chose_seed":false,"campfire_upgraded":2,"win_rate":0.0,"timestamp":1610176958,"path_taken":["M","?","M","$","M","?","R","M","T","?","M","E","R","?","R","BOSS"],"items_purchased_type":["Card"],"build_version":"2020-12-22","purchased_purges":0,"victory":false,"max_hp_per_floor":[66,60,60,60,60,60,60,60,60,60,60,60,60,60,60,60,60],"relic_stats":{"counters":[8,25],"Golden Idol":25,"Pandora\u0027s Box":["Caltrops","Adrenaline","Backflip","Catalyst","Reflex","Storm of Steel","Escape Plan","Riddle With Holes","Deflect","Flechettes"],"MealTicket":0,"obtain_stats":[{"Golden Idol":2,"Pandora\u0027s Box":0,"MealTicket":12,"Frozen Egg 2":14,"StrikeDummy":6,"Ring of the Snake":0},{"Golden Idol":1,"Pandora\u0027s Box":0,"MealTicket":7,"Frozen Egg 2":7,"StrikeDummy":3,"Ring of the Snake":0},{"Golden Idol":2,"Pandora\u0027s Box":0,"MealTicket":18,"Frozen Egg 2":18,"StrikeDummy":6,"Ring of the Snake":0}]},"card_choices":[{"not_picked":["Backflip","Acrobatics"],"picked":"Catalyst","floor":1},{"not_picked":["Flying Knee","Distraction"],"picked":"Blade Dance","floor":3},{"not_picked":["Flechettes","Quick Slash"],"picked":"Poisoned Stab","floor":5},{"not_picked":["Setup","Distraction"],"picked":"Adrenaline","floor":8},{"not_picked":["Concentrate","Expertise"],"picked":"Poisoned Stab","floor":10},{"not_picked":["Dodge and Roll","Outmaneuver"],"picked":"Dagger Spray","floor":11},{"not_picked":["Sucker Punch","Choke"],"picked":"Crippling Poison","floor":12}],"player_experience":2131007,"relics_obtained":[{"floor":12,"key":"MealTicket"},{"floor":14,"key":"Frozen Egg 2"}],"event_choices":[{"damage_healed":0,"gold_gain":0,"player_choice":"Lose Max HP","damage_taken":0,"relics_obtained":["Golden Idol"],"max_hp_gain":0,"max_hp_loss":6,"event_name":"Golden Idol","floor":2,"gold_loss":0},{"cards_removed":["Escape Plan"],"damage_healed":0,"gold_gain":0,"player_choice":"Gave Card","damage_taken":0,"relics_obtained":["StrikeDummy"],"max_hp_gain":0,"max_hp_loss":0,"event_name":"WeMeetAgain","floor":6,"gold_loss":0}],"is_beta":false,"boss_relics":[],"items_purged_floors":[],"is_endless":false,"potions_floor_spawned":[8,10],"killed_by":"Slime Boss","ascension_level":20}}