{"host":"guzbs4v8630hpsy6","time":1610179477,"event":{"mods":["2.2 Compatiblity","AchievementEnabler","BaseMod","Block Reminder","DeckTracker","Highlight Path","Minty Spire (QoL Compilation)","Relic Stats","SuperFastMode"],"gold_per_floor":[117,137,149,222,176,206,306,260,260,274,274,289,319,380,392,404,404],"floor_reached":16,"playtime":1222,"items_purged":[],"score":116,"play_id":"7d61db5c-847e-48a8-829e-2b47de93a28c","local_time":"20210109160437","is_ascension_mode":true,"campfire_choices":[{"data":"Bash","floor":11,"key":"SMITH"},{"data":"Hemokinesis","floor":15,"key":"SMITH"}],"circlet_count":0,"master_deck":["Strike_R","Strike_R","Strike_R","Strike_R","Strike_R","Defend_R","Defend_R","Defend_R","Defend_R","Bash+1","Wild Strike","Feel No Pain","Corruption","Shrug It Off","Shrug It Off","Hemokinesis+1","Armaments"],"relics":["Black Star","Meat on the Bone","Boot","MealTicket","Blood Vial","Self Forming Clay","MawBank"],"acts_visited":["Exordium"],"potions_floor_usage":[13,16],"damage_taken":[{"damage":0,"enemies":"Small Slimes","floor":1,"turns":3},{"damage":5,"enemies":"2 Louse","floor":2,"turns":3},{"damage":1,"enemies":"Cultist","floor":3,"turns":3},{"damage":28,"enemies":"Gremlin Nob","floor":6,"turns":5},{"damage":5,"enemies":"2 Fungi Beasts","floor":10,"turns":4},{"damage":7,"enemies":"Looter","floor":12,"turns":4},{"damage":25,"enemies":"Lagavulin","floor":13,"turns":5},{"damage":20,"enemies":"3 Sentries","floor":14,"turns":9},{"damage":21,"enemies":"Hexaghost","floor":16,"turns":10}],"seed_played":"-2615497155948229130","potions_obtained":[{"floor":1,"key":"DuplicationPotion"},{"floor":3,"key":"SteroidPotion"},{"floor":12,"key":"BloodPotion"},{"floor":13,"key":"Swift Potion"}],"is_trial":false,"path_per_floor":["M","M","M","?","?","E","?","$","T","M","R","M","E","?","R","B"],"character_chosen":"IRONCLAD","items_purchased":["Shrug It Off"],"campfire_rested":0,"item_purchase_floors":[8],"current_hp_per_floor":[80,75,74,74,74,46,46,46,46,41,41,46,33,27,27,8,8],"gold":404,"neow_bonus":"BOSS_RELIC","is_daily":false,"chose_seed":false,"campfire_upgraded":2,"win_rate":0.0,"timestamp":1610179477,"path_taken":["M","M","M","?","?","E","?","$","T","?","R","M","E","?","R","BOSS"],"items_purchased_type":["Card"],"build_version":"2020-12-22","purchased_purges":0,"victory":false,"max_hp_per_floor":[80,80,80,80,80,80,80,80,80,80,80,80,80,80,80,80,80],"relic_stats":{"Blood Vial":4,"counters":[9,46],"Self Forming Clay":[33],"MealTicket":0,"Black Star":2,"Boot":[3],"MawBank":24,"obtain_stats":[{"Blood Vial":13,"Self Forming Clay":13,"MealTicket":9,"Black Star":0,"Boot":6,"MawBank":14,"Burning Blood":0,"Meat on the Bone":6},{"Blood Vial":7,"Self Forming Clay":7,"MealTicket":4,"Black Star":0,"Boot":4,"MawBank":8,"Burning Blood":0,"Meat on the Bone":4},{"Blood Vial":27,"Self Forming Clay":27,"MealTicket":14,"Black Star":0,"Boot":14,"MawBank":36,"Burning Blood":0,"Meat on the Bone":14}],"Meat on the Bone":36},"card_choices":[{"not_picked":["Sever Soul","Flex","Evolve"],"picked":"SKIP","floor":1},{"not_picked":["Combust","Cleave"],"picked":"Wild Strike","floor":2},{"not_picked":["Heavy Blade","Warcry"],"picked":"Feel No Pain","floor":3},{"not_picked":["Iron Wave","Seeing Red"],"picked":"Corruption","floor":6},{"not_picked":["Flex","Bloodletting"],"picked":"Shrug It Off","floor":10},{"not_picked":["Heavy Blade","Cleave"],"picked":"Hemokinesis","floor":12},{"not_picked":["Searing Blow","Sentinel"],"picked":"Armaments","floor":13}],"player_experience":431242,"relics_obtained":[{"floor":6,"key":"Meat on the Bone"},{"floor":6,"key":"Boot"},{"floor":9,"key":"MealTicket"},{"floor":13,"key":"Blood Vial"},{"floor":13,"key":"Self Forming Clay"},{"floor":14,"key":"MawBank"}],"event_choices":[{"damage_healed":0,"gold_gain":73,"player_choice":"Gained Gold","damage_taken":0,"max_hp_gain":0,"max_hp_loss":0,"event_name":"Golden Wing","floor":4,"gold_loss":0},{"damage_healed":0,"gold_gain":0,"player_choice":"Left Gold","damage_taken":0,"max_hp_gain":0,"max_hp_loss":0,"event_name":"World of Goop","floor":5,"gold_loss":46},{"damage_healed":0,"gold_gain":100,"player_choice":"Pray","damage_taken":0,"max_hp_gain":0,"max_hp_loss":0,"event_name":"Golden Shrine","floor":7,"gold_loss":0},{"damage_healed":0,"gold_gain":0,"player_choice":"Searched \u00271\u0027 times","damage_taken":0,"max_hp_gain":0,"max_hp_loss":0,"event_name":"Dead Adventurer","floor":14,"gold_loss":0}],"is_beta":false,"boss_relics":[],"items_purged_floors":[],"is_endless":false,"potions_floor_spawned":[1,3,12,13],"killed_by":"Hexaghost","ascension_level":1}}