{"host":"1a3cjta80tad0aqj","time":1610230898,"event":{"mods":["2.2 Compatiblity","AchievementEnabler","BaseMod","Colored Map","DeckTracker","KOR Keyword Fix","Keyboard Shortcuts","Minty Spire (QoL Compilation)","Permanent Neow","Quick Restart","Random Character Button","StSLib","SuperFastMode","everything is the same but u backflip on backflip"],"gold_per_floor":[112,129,141,159,174,174,239,164,164,164,179,179,179,204,204,305,305,317,331,231,231,231],"floor_reached":21,"playtime":1261,"items_purged":["Defend_G","Defend_G"],"score":171,"play_id":"faa3f0e6-b098-4038-8d67-ea9c46311e1b","local_time":"20210110072138","is_ascension_mode":false,"campfire_choices":[{"data":"Blade Dance","floor":6,"key":"SMITH"},{"data":"Burst","floor":12,"key":"SMITH"},{"data":"Backstab","floor":15,"key":"SMITH"}],"circlet_count":0,"master_deck":["Strike_G","Strike_G","Strike_G","Strike_G","Strike_G","Defend_G","Defend_G","Defend_G","Survivor","Neutralize","Burst+1","Dagger Spray","Dagger Throw","Leg Sweep","Backstab+1","Blade Dance+1","Parasite","After Image","Acrobatics+1","Dodge and Roll"],"relics":["Ring of the Snake","Regal Pillow","Tiny Chest","Meat on the Bone","Centennial Puzzle","Sozu"],"acts_visited":["Exordium","TheCity"],"potions_floor_usage":[16],"damage_taken":[{"damage":3,"enemies":"2 Louse","floor":1,"turns":4},{"damage":5,"enemies":"Jaw Worm","floor":2,"turns":7},{"damage":0,"enemies":"Cultist","floor":3,"turns":4},{"damage":0,"enemies":"Exordium Wildlife","floor":4,"turns":3},{"damage":0,"enemies":"Looter","floor":5,"turns":3},{"damage":5,"enemies":"3 Sentries","floor":7,"turns":6},{"damage":1,"enemies":"Large Slime","floor":11,"turns":5},{"damage":61,"enemies":"Hexaghost","floor":16,"turns":19},{"damage":7,"enemies":"Shell Parasite","floor":18,"turns":6},{"damage":3,"enemies":"2 Thieves","floor":19,"turns":5},{"damage":4,"enemies":"3 Cultists","floor":21,"turns":3}],"seed_played":"4351168705604818796","potions_obtained":[{"floor":2,"key":"SteroidPotion"},{"floor":5,"key":"LiquidMemories"},{"floor":7,"key":"Dexterity Potion"}],"is_trial":false,"path_per_floor":["M","M","M","M","M","R","?","$","T","T","M","R","?","T","R","B",null,"M","M","$","M"],"character_chosen":"THE_SILENT","items_purchased":[],"campfire_rested":0,"item_purchase_floors":[],"current_hp_per_floor":[60,55,55,55,55,55,50,50,50,50,49,49,63,63,63,14,63,56,53,53,49,49],"gold":231,"neow_bonus":"THREE_RARE_CARDS","is_daily":false,"chose_seed":false,"campfire_upgraded":3,"win_rate":0.0,"timestamp":1610230898,"path_taken":["M","M","M","M","M","R","?","$","T","?","?","R","?","?","R","BOSS","M","M","$","M"],"items_purchased_type":[],"build_version":"2020-12-22","purchased_purges":2,"victory":false,"max_hp_per_floor":[63,63,63,63,63,63,63,63,63,63,63,63,63,63,63,63,63,63,63,63,63,63],"card_choices":[{"not_picked":["Venomology","Night Terror"],"picked":"Burst","floor":0},{"not_picked":["Slice","Distraction"],"picked":"Dagger Spray","floor":1},{"not_picked":["Eviscerate","Acrobatics"],"picked":"Dagger Throw","floor":2},{"not_picked":["Outmaneuver","Acrobatics"],"picked":"Leg Sweep","floor":3},{"not_picked":["Bane","All Out Attack"],"picked":"Backstab","floor":4},{"not_picked":["Dagger Throw","Heel Hook"],"picked":"Blade Dance","floor":5},{"not_picked":["Outmaneuver","Endless Agony","Crippling Poison"],"picked":"SKIP","floor":11},{"not_picked":["Adrenaline","Die Die Die"],"picked":"After Image","floor":16},{"not_picked":["Bane","Dagger Spray"],"picked":"Acrobatics+1","floor":18},{"not_picked":["Catalyst","Outmaneuver"],"picked":"Dodge and Roll","floor":19}],"player_experience":255661,"relics_obtained":[{"floor":7,"key":"Regal Pillow"},{"floor":9,"key":"Tiny Chest"},{"floor":10,"key":"Meat on the Bone"},{"floor":14,"key":"Centennial Puzzle"}],"event_choices":[{"damage_healed":0,"gold_gain":0,"player_choice":"Searched \u00271\u0027 times","damage_taken":0,"max_hp_gain":0,"max_hp_loss":0,"event_name":"Dead Adventurer","floor":7,"gold_loss":0},{"damage_healed":15,"gold_gain":0,"player_choice":"Healed and dodged fight","damage_taken":0,"max_hp_gain":0,"max_hp_loss":0,"event_name":"Mushrooms","floor":13,"gold_loss":0,"cards_obtained":["Parasite"]}],"is_beta":false,"boss_relics":[{"not_picked":["Runic Dome","Snecko Eye"],"picked":"Sozu"}],"items_purged_floors":[8,20],"is_endless":false,"potions_floor_spawned":[2,5,7,19],"killed_by":"3 Cultists","ascension_level":0}}