{"host":"7xbu8gt067z192g2","time":1610232023,"event":{"mods":["BaseMod","Better Note","Colored Map","Colored Powertips","Googly Eyes","Highlight Path","Minty Spire (QoL Compilation)","Rare Cards Sparkle","Replay The Spire","StSLib","The Bladedancer","The Cursed","The Hierophant","The Valiant","The Wild Card"],"gold_per_floor":[113,131,141,160,174,174,203,203,203,213,112,124,124,144,144,144,144],"floor_reached":16,"playtime":1193,"items_purged":["Defend_G"],"score":136,"play_id":"eb58f294-0ec3-462d-ac32-36d3febaa29d","local_time":"20210109174023","is_ascension_mode":true,"campfire_choices":[{"data":"Wraith Form v2","floor":6,"key":"SMITH"},{"floor":13,"key":"REST"},{"data":"Infinite Blades","floor":15,"key":"SMITH"}],"circlet_count":0,"master_deck":["Strike_G","Strike_G","Strike_G","Strike_G","Strike_G","Defend_G","Defend_G","Defend_G","Defend_G","Survivor","Dagger Throw","Calculated Gamble","Sucker Punch","Wraith Form v2+1","Dagger Spray","Acrobatics","Doppelganger+1","Underhanded Strike","Infinite Blades+1","PiercingWail"],"relics":["Ring of the Snake","Replay:Ringing Soul","Mirror"],"acts_visited":["Exordium"],"potions_floor_usage":[7,10],"damage_taken":[{"damage":4,"enemies":"Cultist","floor":1,"turns":5},{"damage":5,"enemies":"Small Slimes","floor":2,"turns":3},{"damage":2,"enemies":"2 Louse","floor":3,"turns":3},{"damage":5,"enemies":"Blue Slaver","floor":4,"turns":3},{"damage":21,"enemies":"Large Slime","floor":5,"turns":8},{"damage":21,"enemies":"Lagavulin","floor":7,"turns":9},{"damage":5,"enemies":"Lots of Slimes","floor":10,"turns":3},{"damage":14,"enemies":"Exordium Thugs","floor":12,"turns":6},{"damage":10,"enemies":"Blue Slaver","floor":14,"turns":3},{"damage":33,"enemies":"The Guardian","floor":16,"turns":9}],"seed_played":"-7897537810862038442","potions_obtained":[{"floor":1,"key":"CunningPotion"},{"floor":3,"key":"PowerPotion"},{"floor":12,"key":"Swift Potion"}],"is_trial":false,"path_per_floor":["M","M","M","M","M","R","E","?","T","M","$","M","R","M","R","B"],"character_chosen":"THE_SILENT","items_purchased":["Underhanded Strike"],"campfire_rested":1,"item_purchase_floors":[11],"current_hp_per_floor":[73,68,66,61,40,40,22,25,25,20,23,12,38,31,31,0,0],"gold":144,"neow_bonus":"TEN_PERCENT_HP_BONUS","is_daily":false,"chose_seed":false,"campfire_upgraded":2,"win_rate":0.0,"timestamp":1610232023,"path_taken":["M","M","M","M","?","R","E","?","T","M","$","M","R","M","R","BOSS"],"items_purchased_type":["Card"],"build_version":"2020-12-22","purchased_purges":1,"victory":false,"max_hp_per_floor":[77,77,77,77,77,77,80,83,83,83,86,89,89,92,92,92,92],"card_choices":[{"not_picked":["Flechettes","Underhanded Strike"],"picked":"Dagger Throw","floor":1},{"not_picked":["Slice","Deadly Poison"],"picked":"Calculated Gamble","floor":2},{"not_picked":["Blur","Toxin Wave"],"picked":"Sucker Punch","floor":3},{"not_picked":["Underhanded Strike","Dagger Throw"],"picked":"Wraith Form v2","floor":4},{"not_picked":["Slice","Deadly Poison"],"picked":"Dagger Spray","floor":5},{"not_picked":["Fluid Movement","Sucker Punch"],"picked":"Acrobatics","floor":7},{"not_picked":["Dagger Throw","ReplayTheSpireMod:Shiv Toss","Cloak And Dagger"],"picked":"SKIP","floor":10},{"not_picked":["Outmaneuver","Burst"],"picked":"Infinite Blades","floor":12},{"not_picked":["Well Laid Plans","Blade Dance"],"picked":"PiercingWail","floor":14}],"player_experience":164469,"relics_obtained":[{"floor":7,"key":"Replay:Ringing Soul"},{"floor":9,"key":"Mirror"}],"event_choices":[],"is_beta":false,"boss_relics":[],"items_purged_floors":[11],"is_endless":false,"potions_floor_spawned":[1,3,12],"killed_by":"The Guardian","ascension_level":1}}