{"host":"3y2rtlgteqp2nuo3","time":1610199049,"event":{"mods":["2.2 Compatiblity","AchievementEnabler","BaseMod","Colored Map","DeckTracker","Highlight Path","Keyboard Shortcuts","Minty Spire (QoL Compilation)","Permanent Neow","Quick Restart","StSLib","SuperFastMode","everything is the same but u backflip on backflip"],"gold_per_floor":[113,113,132,151,164,164,176,187,212,224,257,275,275,304,304,381,381,396,154,154,79,94,94,111,111,134,162,162,175,187,187,187,260,310,323,323,323,323,323],"floor_reached":38,"playtime":935,"items_purged":["Strike_B"],"score":734,"play_id":"934186bc-6409-4a93-999d-0fc8e96362c2","local_time":"20210109223049","is_ascension_mode":true,"campfire_choices":[{"data":"Beam Cell","floor":6.0,"key":"SMITH"},{"data":"Streamline","floor":13.0,"key":"SMITH"},{"data":"All For One","floor":15.0,"key":"SMITH"},{"data":"Beam Cell","floor":23.0,"key":"SMITH"},{"floor":25.0,"key":"REST"},{"data":"Gash","floor":32.0,"key":"SMITH"}],"circlet_count":0,"master_deck":["AscendersBane","Defend_B","Defend_B+1","Defend_B","Defend_B","Zap+1","Dualcast","Sweeping Beam","Rip and Tear","Beam Cell+1","Self Repair","Streamline+1","All For One+1","Turbo","Chill","Beam Cell+1","Buffer","Gash+1","Conserve Battery","Gash+1","Buffer","Coolheaded"],"relics":["Cracked Core","Oddly Smooth Stone","Orichalcum","Boot","Happy Flower","Empty Cage","Bag of Preparation","Blood Vial","StoneCalendar","Letter Opener","Tiny House"],"acts_visited":["Exordium","TheCity","TheBeyond"],"potions_floor_usage":[35],"damage_taken":[{"damage":1.0,"enemies":"Cultist","floor":1.0,"turns":4.0},{"damage":0.0,"enemies":"Jaw Worm","floor":3.0,"turns":3.0},{"damage":1.0,"enemies":"2 Louse","floor":4.0,"turns":2.0},{"damage":2.0,"enemies":"Blue Slaver","floor":5.0,"turns":3.0},{"damage":0.0,"enemies":"Large Slime","floor":7.0,"turns":3.0},{"damage":5.0,"enemies":"Looter","floor":8.0,"turns":3.0},{"damage":0.0,"enemies":"3 Louse","floor":10.0,"turns":2.0},{"damage":10.0,"enemies":"Gremlin Nob","floor":11.0,"turns":3.0},{"damage":12.0,"enemies":"Large Slime","floor":12.0,"turns":4.0},{"damage":4.0,"enemies":"3 Sentries","floor":14.0,"turns":5.0},{"damage":16.0,"enemies":"Hexaghost","floor":16.0,"turns":6.0},{"damage":6.0,"enemies":"Chosen","floor":18.0,"turns":4.0},{"damage":17.0,"enemies":"Shell Parasite","floor":22.0,"turns":5.0},{"damage":26.0,"enemies":"Snake Plant","floor":24.0,"turns":4.0},{"damage":26.0,"enemies":"Slavers","floor":27.0,"turns":5.0},{"damage":0.0,"enemies":"Snecko","floor":29.0,"turns":3.0},{"damage":0.0,"enemies":"Cultist and Chosen","floor":30.0,"turns":4.0},{"damage":48,"enemies":"Automaton","floor":33,"turns":8},{"damage":1,"enemies":"Orb Walker","floor":35,"turns":4},{"damage":72,"enemies":"3 Darklings","floor":38,"turns":5}],"seed_played":"-6736374189320545608","potions_obtained":[{"floor":3.0,"key":"LiquidBronze"},{"floor":4.0,"key":"EntropicBrew"},{"floor":11.0,"key":"FocusPotion"},{"floor":27.0,"key":"Ancient Potion"},{"floor":34,"key":"SkillPotion"}],"is_trial":false,"path_per_floor":["M","?","M","M","M","R","M","M","T","M","E","M","R","E","R","B",null,"M","$","?","?","M","R","M","R","T","E","T","M","M","?","R","B",null,"M","?","?","M"],"character_chosen":"DEFECT","items_purchased":["Bag of Preparation"],"campfire_rested":1,"item_purchase_floors":[19],"current_hp_per_floor":[63,45,45,44,42,42,49,51,51,58,48,43,43,46,46,37,63,64,64,64,64,54,54,35,56,56,39,39,48,57,57,57,18,63,71,71,71,0,0],"gold":323,"neow_bonus":"UPGRADE_CARD","is_daily":false,"chose_seed":false,"campfire_upgraded":5,"win_rate":0.0,"timestamp":1610199049,"path_taken":["M","?","M","M","M","R","M","M","T","M","E","M","R","E","R","BOSS","M","$","?","?","M","R","M","R","T","E","?","M","M","?","R","BOSS","M","?","?","M"],"items_purchased_type":["Relic"],"build_version":"2020-12-22","purchased_purges":1,"victory":false,"max_hp_per_floor":[71,71,71,71,71,71,71,71,71,71,71,71,71,71,71,71,71,71,71,71,71,71,71,71,71,71,71,71,71,71,71,71,71,76,76,72,72,72,72],"card_choices":[{"not_picked":["Redo","Go for the Eyes"],"picked":"Sweeping Beam","floor":1.0},{"not_picked":["Streamline","Leap"],"picked":"Rip and Tear","floor":3.0},{"not_picked":["Blizzard","Storm"],"picked":"Beam Cell","floor":4.0},{"not_picked":["Scrape","Static Discharge"],"picked":"Self Repair","floor":5.0},{"not_picked":["Leap","Beam Cell"],"picked":"Streamline","floor":7.0},{"not_picked":["Leap","Streamline"],"picked":"All For One","floor":8.0},{"not_picked":["Fusion","Beam Cell"],"picked":"Turbo","floor":10.0},{"not_picked":["Fusion","Thunder Strike","Reprogram"],"picked":"SKIP","floor":11.0},{"not_picked":["Beam Cell","Force Field"],"picked":"Chill","floor":12.0},{"not_picked":["Redo","Rebound"],"picked":"Beam Cell","floor":14.0},{"not_picked":["Biased Cognition","Reboot"],"picked":"Buffer","floor":16.0},{"not_picked":["Reprogram","Leap"],"picked":"Gash","floor":18.0},{"not_picked":["Recycle","Fusion","Redo"],"picked":"SKIP","floor":22.0},{"not_picked":["Recycle","Fusion","Redo"],"picked":"SKIP","floor":22.0},{"not_picked":["Cold Snap","Hello World","Barrage"],"picked":"SKIP","floor":24.0},{"not_picked":["Steam","Lockon"],"picked":"Conserve Battery","floor":27.0},{"not_picked":["Ball Lightning","Leap"],"picked":"Gash+1","floor":29.0},{"not_picked":["Sweeping Beam","Scrape","Streamline"],"picked":"SKIP","floor":30.0},{"not_picked":["Biased Cognition","Amplify"],"picked":"Buffer","floor":33},{"not_picked":["Rip and Tear","Aggregate"],"picked":"Coolheaded","floor":35}],"player_experience":655206,"relics_obtained":[{"floor":9.0,"key":"Orichalcum"},{"floor":11.0,"key":"Boot"},{"floor":14.0,"key":"Happy Flower"},{"floor":26.0,"key":"Blood Vial"},{"floor":27.0,"key":"StoneCalendar"},{"floor":28.0,"key":"Letter Opener"}],"event_choices":[{"damage_healed":0.0,"max_hp_gain":0.0,"max_hp_loss":0.0,"gold_gain":0.0,"event_name":"Scrap Ooze","player_choice":"Success","floor":2.0,"gold_loss":0.0,"damage_taken":18.0,"relics_obtained":["Oddly Smooth Stone"]},{"damage_healed":0.0,"max_hp_gain":0.0,"max_hp_loss":0.0,"gold_gain":0.0,"event_name":"Vampires","player_choice":"Ignored","floor":20.0,"gold_loss":0.0,"damage_taken":0.0},{"cards_removed":["Strike_B"],"damage_healed":0.0,"max_hp_gain":0.0,"max_hp_loss":0.0,"gold_gain":0.0,"event_name":"Beggar","player_choice":"Gave Gold","floor":21.0,"gold_loss":75.0,"damage_taken":0.0},{"damage_healed":0.0,"max_hp_gain":0.0,"max_hp_loss":0.0,"gold_gain":0.0,"event_name":"The Mausoleum","player_choice":"Ignored","floor":31.0,"gold_loss":0.0,"damage_taken":0.0},{"damage_healed":0,"gold_gain":0,"player_choice":"Max HP","damage_taken":0,"max_hp_gain":0,"max_hp_loss":4,"event_name":"Winding Halls","floor":36,"gold_loss":0},{"damage_healed":0,"gold_gain":0,"player_choice":"Ignored","damage_taken":0,"max_hp_gain":0,"max_hp_loss":0,"event_name":"Tomb of Lord Red Mask","floor":37,"gold_loss":0}],"is_beta":false,"boss_relics":[{"not_picked":["Nuclear Battery","Astrolabe"],"picked":"Empty Cage"},{"not_picked":["Snecko Eye","Fusion Hammer"],"picked":"Tiny House"}],"items_purged_floors":[19],"is_endless":false,"potions_floor_spawned":[3,4,7,10,11,22,24,27],"killed_by":"3 Darklings","ascension_level":16}}