{"host":"ik8ww1p4uabx5gam","time":1610189608,"event":{"mods":["Always Whale","Aspiration","BaseMod","Beaked The Cultist","Better Third Choice","BetterRewards","Colored Map","Colored Powertips","Conspire","Energized Spire","FetchMod","GifTheSpireLib","Hubris","Infinite Spire","Ironclad Rager","Jedi Mod","Minty Spire (QoL Compilation)","Random Character Button","Replay The Spire","Shop Mod","Spicy Shops","Spikes Relics","StSLib","Stuff the Spire","The Bladedancer","The Blue Laboratory","The Runesmith","Wandering Minibosses","??????REMEMod"],"gold_per_floor":[119,231,231,5,15,15,83,99,146,146,158,158,175,125,125,225,225,241,241,260,280,291,317,317,351,351,379,379,139,171,171,171,282,282,313,349,384,427,465,523,523,585,611,664,664,664,736,736,736,736],"floor_reached":51,"playtime":2235,"items_purged":["Strike_G"],"score":1182,"play_id":"af8aa11f-2202-45a0-b8aa-a2821805f2ea","local_time":"20210109045328","is_ascension_mode":true,"campfire_choices":[{"data":"REME_Flogging","floor":6,"key":"SMITH"},{"data":"Feed","floor":10,"key":"SMITH"},{"data":"Deadly Poison","floor":12,"key":"SMITH"},{"data":"Poisoned Stab","floor":15,"key":"SMITH"},{"data":"Dagger Spray","floor":24,"key":"SMITH"},{"data":"hubris:Insight","floor":32,"key":"SMITH"},{"data":"Defend_G","floor":41,"key":"SMITH"},{"data":"infinitespire:SevenWalls","floor":46,"key":"SMITH"},{"data":"Defend_G","floor":49,"key":"SMITH"}],"circlet_count":0,"master_deck":["Strike_G+1","Strike_G+1","Strike_G","Defend_G+1","Defend_G","Defend_G+1","Defend_G","Defend_G","Survivor","Neutralize","REME_Flogging+1","Poisoned Stab+1","Deadly Poison+1","Poisoned Stab","Dagger Spray+1","REME_Cut+1","Footwork","hubris:Counter+1","Escape Plan","Crippling Poison+1","hubris:Insight+1","jedi:studyshivs","Cloak And Dagger+1","Blade Dance+1","Sneak Up+1","Backflip+1","infinitespire:SevenWalls+1"],"relics":["Ring of the Snake","REME_ComplimentaryCards","Pet Ghost","SnailShell","Singing Bowl","Whetstone","WristBlade","StuffTheSpire:Gunfinga","Juzu Bracelet","infinitespire:ShieldingShard","aspiration:TomeofQuesting","Bag of Preparation","jedi:cryingmask","Ring of Fury","Ring of Panic","infinitespire:EvilPickle","hubris:HollowSoul","wanderingMiniBosses:CarrionFlame","jedi:purplefairy","hubris:ToyBattleship","Happy Flower","Replay:Bottled Steam"],"acts_visited":["Exordium","TheCity","TheBeyond"],"potions_floor_usage":[16,25,27,27,33,40,40,50,50],"damage_taken":[{"damage":0,"enemies":"2 Louse","floor":1,"turns":2},{"damage":0,"enemies":"Small Slimes","floor":5,"turns":2},{"damage":0,"enemies":"Jaw Worm","floor":8,"turns":2},{"damage":3,"enemies":"Gremlin Gang","floor":11,"turns":5},{"damage":0,"enemies":"2 Fungi Beasts","floor":13,"turns":2},{"damage":19,"enemies":"Fading Forest","floor":16,"turns":11},{"damage":0,"enemies":"Chosen","floor":18,"turns":2},{"damage":0,"enemies":"3 Byrds","floor":20,"turns":4},{"damage":10,"enemies":"Snake Plant","floor":21,"turns":2},{"damage":8,"enemies":"Centurion and Healer","floor":22,"turns":5},{"damage":9,"enemies":"Nightmare","floor":23,"turns":5},{"damage":7,"enemies":"Book of Stabbing","floor":25,"turns":5},{"damage":0,"enemies":"Gremlin Leader","floor":27,"turns":6},{"damage":19,"enemies":"Slavers","floor":30,"turns":4},{"damage":38,"enemies":"Pondfish","floor":33,"turns":9},{"damage":9,"enemies":"3 Shapes","floor":35,"turns":3},{"damage":4,"enemies":"Orb Walker","floor":36,"turns":4},{"damage":0,"enemies":"Sphere and 2 Shapes","floor":37,"turns":4},{"damage":75,"enemies":"Writhing Mass","floor":38,"turns":4},{"damage":0,"enemies":"Maw","floor":39,"turns":4},{"damage":0,"enemies":"Reptomancer","floor":40,"turns":2},{"damage":17,"enemies":"Nemesis","floor":42,"turns":7},{"damage":0,"enemies":"Spire Growth","floor":44,"turns":3},{"damage":0,"enemies":"Giant Head","floor":47,"turns":6},{"damage":35,"enemies":"Awakened One","floor":50,"turns":8}],"seed_played":"158604373542707007","potions_obtained":[{"floor":8,"key":"Swift Potion"},{"floor":21,"key":"LiquidBronze"},{"floor":23,"key":"Adrenaline Potion"},{"floor":25,"key":"Dexterity Potion"},{"floor":28,"key":"Doom Potion"},{"floor":28,"key":"Elixir"},{"floor":28,"key":"SmokeBomb"},{"floor":33,"key":"GamblersBrew"},{"floor":36,"key":"jedi:wingpotion"},{"floor":39,"key":"ColorlessPotion"},{"floor":42,"key":"SkillPotion"},{"floor":47,"key":"Strength Potion"}],"is_trial":false,"path_per_floor":["M","?","?","$","M","R","T","M","T","R","M","R","M","?","R","B",null,"M","?","M","M","M","NM","R","E","T","E","?","$","E","?","R","B",null,"M","M","M","M","M","E","R","E","T","M","?","R","E","?","R","B",null],"character_chosen":"THE_SILENT","items_purchased":["SnailShell","Bag of Preparation","hubris:Insight"],"campfire_rested":0,"item_purchase_floors":[4,29,29],"current_hp_per_floor":[52,23,47,47,47,47,47,50,50,50,53,53,55,55,55,60,86,88,88,88,78,72,63,63,58,58,58,58,58,41,41,41,3,94,85,81,83,8,10,12,100,85,85,85,61,71,73,73,99,64],"gold":736,"neow_bonus":"RANDOM_COLORLESS_2","is_daily":false,"chose_seed":false,"campfire_upgraded":9,"win_rate":0.0,"timestamp":1610189608,"path_taken":["M","?","?","$","M","R","?","?","T","R","M","R","M","?","R","BOSS","M","?","M","M","M","NM","R","E","T","E","?","?","E","?","R","BOSS","M","M","M","M","M","E","R","E","T","M","?","R","E","?","R","BOSS"],"items_purchased_type":["Relic","Relic","Card"],"build_version":"2020-12-22","purchased_purges":1,"victory":true,"max_hp_per_floor":[73,73,73,73,73,73,73,76,76,76,82,82,84,84,84,86,86,88,88,88,88,90,90,90,92,92,92,92,92,94,94,94,94,94,94,94,96,96,98,100,100,102,102,102,102,102,104,99,99,99],"card_choices":[{"not_picked":["Master of Strategy","jedi:RedIncense"],"picked":"REME_Flogging","floor":0},{"not_picked":["Flying Knee","Prepared"],"picked":"Poisoned Stab","floor":1},{"not_picked":["StuffTheSpire:Injection","Deflect"],"picked":"Deadly Poison","floor":2},{"not_picked":["Dodge and Roll","Underhanded Strike"],"picked":"Poisoned Stab","floor":2},{"not_picked":["Underhanded Strike","StuffTheSpire:Python","Reflex"],"picked":"SKIP","floor":5},{"not_picked":["StuffTheSpire:Injection","All Out Attack"],"picked":"Dagger Spray","floor":8},{"not_picked":["PiercingWail","Hidden Blade","Flying Knee"],"picked":"Singing Bowl","floor":11},{"not_picked":["Backflip","Deflect","ReplayTheSpireMod:From All Sides"],"picked":"Singing Bowl","floor":13},{"not_picked":["jedi:brewingpoison","Tools of the Trade","Malaise"],"picked":"Singing Bowl","floor":16},{"not_picked":["Prepared","StuffTheSpire:Sprint","PiercingWail"],"picked":"Singing Bowl","floor":18},{"not_picked":["Skewer","StuffTheSpire:Injection"],"picked":"Footwork","floor":20},{"not_picked":["Caltrops","Quick Slash+1"],"picked":"hubris:Counter+1","floor":21},{"not_picked":["PiercingWail","Acrobatics+1","jedi:unstablefumes"],"picked":"Singing Bowl","floor":22},{"not_picked":["Accuracy","Catalyst"],"picked":"Escape Plan","floor":23},{"not_picked":["jedi:acidrain","Outmaneuver","ReplayTheSpireMod:Exploit Weakness+1"],"picked":"Singing Bowl","floor":25},{"not_picked":["Phantasmal Killer","Flying Knee+1"],"picked":"Crippling Poison+1","floor":27},{"not_picked":["Dagger Throw","Sneak Up","Outmaneuver"],"picked":"Singing Bowl","floor":30},{"not_picked":["Venomology","Tools of the Trade"],"picked":"jedi:studyshivs","floor":33},{"not_picked":["jedi:poisonivy+1","Deflect"],"picked":"Cloak And Dagger+1","floor":35},{"not_picked":["Toxin Wave+1","StuffTheSpire:BumpUp"],"picked":"Blade Dance+1","floor":36},{"not_picked":["Dagger Spray","Replay:Poison Smokescreen+1","StuffTheSpire:Incursion+1"],"picked":"Singing Bowl","floor":37},{"not_picked":["Distraction","Deflect"],"picked":"Sneak Up+1","floor":38},{"not_picked":["StuffTheSpire:MirrorStance+1","Toxin Wave","Underhanded Strike"],"picked":"Singing Bowl","floor":39},{"not_picked":["StuffTheSpire:Injection","Flying Knee+1","Terror+1"],"picked":"Singing Bowl","floor":40},{"not_picked":["Bane","Riddle With Holes","PiercingWail+1"],"picked":"Singing Bowl","floor":42},{"not_picked":["Cloak And Dagger","PiercingWail+1"],"picked":"Backflip+1","floor":44},{"not_picked":["infinitespire:Fortify","infinitespire:SealOfDarkness+"],"picked":"infinitespire:SevenWalls","floor":45},{"not_picked":["Concentrate+1","Dodge and Roll","Sneak Up"],"picked":"Singing Bowl","floor":47}],"player_experience":1008766,"relics_obtained":[{"floor":2,"key":"Pet Ghost"},{"floor":7,"key":"Singing Bowl"},{"floor":9,"key":"Whetstone"},{"floor":23,"key":"StuffTheSpire:Gunfinga"},{"floor":25,"key":"Juzu Bracelet"},{"floor":26,"key":"infinitespire:ShieldingShard"},{"floor":27,"key":"aspiration:TomeofQuesting"},{"floor":30,"key":"jedi:cryingmask"},{"floor":31,"key":"Ring of Fury"},{"floor":31,"key":"Ring of Panic"},{"floor":38,"key":"wanderingMiniBosses:CarrionFlame"},{"floor":40,"key":"jedi:purplefairy"},{"floor":42,"key":"hubris:ToyBattleship"},{"floor":43,"key":"Happy Flower"},{"floor":47,"key":"Replay:Bottled Steam"}],"event_choices":[{"damage_healed":24,"gold_gain":0,"player_choice":"Banana","damage_taken":0,"max_hp_gain":0,"max_hp_loss":0,"event_name":"Big Fish","floor":3,"gold_loss":0},{"cards_removed":["Strike_G"],"damage_healed":0,"gold_gain":0,"player_choice":"Card Removal","damage_taken":0,"max_hp_gain":0,"max_hp_loss":0,"event_name":"The Cleric","floor":14,"gold_loss":50},{"cards_removed":["Feed"],"damage_healed":0,"gold_gain":0,"player_choice":"Took Card","damage_taken":0,"max_hp_gain":0,"max_hp_loss":0,"event_name":"NoteForYourself","floor":19,"gold_loss":0,"cards_obtained":["REME_Cut"]},{"damage_healed":0,"gold_gain":0,"player_choice":"Got Potions","damage_taken":0,"max_hp_gain":0,"max_hp_loss":0,"event_name":"Lab","floor":28,"gold_loss":0},{"damage_healed":0,"gold_gain":0,"player_choice":"Max HP","damage_taken":0,"max_hp_gain":0,"max_hp_loss":5,"event_name":"Winding Halls","floor":48,"gold_loss":0}],"is_beta":false,"boss_relics":[{"not_picked":["hubris:VirtuousBlindfold","energizedSpire:CursedPentagram"],"picked":"WristBlade"},{"not_picked":["aspiration:PoetsPen_weak","REME_DemonsWealth"],"picked":"hubris:HollowSoul"}],"items_purged_floors":[4],"is_endless":false,"potions_floor_spawned":[8,21,23,25,33,36,39,42,47],"ascension_level":1}}