{"host":"rolltorest","time":1610176421,"event":{"mods":["BaseMod","Minty Spire (QoL Compilation)","Relic Stats","Robot Space Explorer","Slay the Relics Exporter","StSLib"],"gold_per_floor":[118,118,118,35,35,64,76,76,152,162,162,185,12,28,28,102,102,102,82,7,7,7,7,7,7,7,7,7,7,7,7,7,7,7,7,7,7,7,7,7,7],"floor_reached":40,"playtime":1083,"items_purged":["Decay"],"score":1163,"play_id":"0c6d2304-c71b-4d93-9cc9-36aec13e090e","local_time":"20210108231341","is_ascension_mode":true,"campfire_choices":[{"data":"RobotSpaceExplorer:StarLightning","floor":8,"key":"SMITH"},{"data":"RobotSpaceExplorer:SurgingStrike","floor":11,"key":"SMITH"},{"data":"RobotSpaceExplorer:MiniLasers","floor":15,"key":"SMITH"},{"floor":27,"key":"REST"},{"data":"RobotSpaceExplorer:Scan","floor":29,"key":"SMITH"},{"data":"RobotSpaceExplorer:DoubleBlock","floor":32,"key":"SMITH"}],"circlet_count":0,"master_deck":["AscendersBane","RobotSpaceExplorer:Strike+1","RobotSpaceExplorer:Strike+1","RobotSpaceExplorer:Strike+1","RobotSpaceExplorer:Strike+1","RobotSpaceExplorer:Defend+1","RobotSpaceExplorer:Defend+1","RobotSpaceExplorer:Defend+1","RobotSpaceExplorer:Defend+1","RobotSpaceExplorer:Scan+1","RobotSpaceExplorer:MiniLasers+1","RobotSpaceExplorer:MetalStrike+1","RobotSpaceExplorer:StarLightning+1","RobotSpaceExplorer:SurgingStrike+1","RobotSpaceExplorer:ShovelStrike+1","RobotSpaceExplorer:JunkDive","RobotSpaceExplorer:TrailblazerForm","RobotSpaceExplorer:TurboDodge+1","RobotSpaceExplorer:SurgingShield+1","RobotSpaceExplorer:StarLightning+1","RobotSpaceExplorer:IronShell+1","RobotSpaceExplorer:StunGrenade","RobotSpaceExplorer:DoubleBlock+1","RobotSpaceExplorer:HighVoltage+1","RobotSpaceExplorer:Comet"],"relics":["RobotSpaceExplorer:RoboCore","NeowsBlessing","Oddly Smooth Stone","RobotSpaceExplorer:BottledGravity","Akabeko","Vajra","Ectoplasm","Gremlin Horn","Whetstone","Lantern","Regal Pillow","Snecko Eye","Peace Pipe"],"acts_visited":["Exordium","TheCity","TheBeyond"],"potions_floor_usage":[25,40],"damage_taken":[{"damage":0,"enemies":"2 Louse","floor":1,"turns":1},{"damage":0,"enemies":"Lagavulin","floor":6,"turns":2},{"damage":0,"enemies":"Jaw Worm","floor":7,"turns":1},{"damage":0,"enemies":"Small Slimes","floor":10,"turns":2},{"damage":6,"enemies":"Exordium Thugs","floor":14,"turns":4},{"damage":0,"enemies":"Slime Boss","floor":16,"turns":6},{"damage":2,"enemies":"Spheric Guardian","floor":18,"turns":3},{"damage":0,"enemies":"2 Thieves","floor":19,"turns":2},{"damage":22,"enemies":"Gremlin Leader","floor":23,"turns":6},{"damage":0,"enemies":"Centurion and Healer","floor":24,"turns":4},{"damage":16,"enemies":"Slavers","floor":25,"turns":5},{"damage":3,"enemies":"Book of Stabbing","floor":28,"turns":5},{"damage":0,"enemies":"Gremlin Leader","floor":30,"turns":5},{"damage":3,"enemies":"Snake Plant","floor":31,"turns":5},{"damage":0,"enemies":"Champ","floor":33,"turns":10},{"damage":5,"enemies":"3 Shapes","floor":35,"turns":3},{"damage":0,"enemies":"3 Darklings","floor":36,"turns":3},{"damage":0,"enemies":"Jaw Worm Horde","floor":38,"turns":3},{"damage":38,"enemies":"2 Orb Walkers","floor":39,"turns":6},{"damage":30,"enemies":"Giant Head","floor":40,"turns":9}],"seed_played":"861714018416275456","potions_obtained":[{"floor":7,"key":"SkillPotion"},{"floor":10,"key":"ColorlessPotion"},{"floor":22,"key":"Ancient Potion"},{"floor":22,"key":"RobotSpaceExplorer:PlasmaFlask"},{"floor":28,"key":"Swift Potion"},{"floor":31,"key":"LiquidMemories"},{"floor":36,"key":"SpeedPotion"}],"is_trial":false,"path_per_floor":["M","?","?","$","?","E","M","R","T","M","R","T","$","M","R","B",null,"M","M","$","?","?","E","M","E","T","R","E","R","E","M","R","B",null,"M","M","?","M","?","E"],"character_chosen":"RobotSpaceExplorer","items_purchased":["RobotSpaceExplorer:StarLightning","Vajra"],"campfire_rested":1,"item_purchase_floors":[4,13],"current_hp_per_floor":[64,69,69,69,69,69,69,69,69,69,69,69,69,63,63,63,73,71,71,71,71,71,49,49,33,33,55,52,52,52,49,49,49,69,64,64,64,64,26,0,0],"gold":7,"neow_bonus":"THREE_ENEMY_KILL","is_daily":false,"chose_seed":false,"campfire_upgraded":5,"win_rate":0.0,"timestamp":1610176421,"path_taken":["M","?","?","$","?","E","M","R","T","?","R","?","$","M","R","BOSS","M","M","$","?","?","E","M","E","T","R","E","R","E","?","R","BOSS","M","M","?","?","?","E"],"items_purchased_type":["Card","Relic"],"build_version":"2020-12-18","purchased_purges":1,"victory":false,"max_hp_per_floor":[71,76,76,76,76,76,76,76,76,76,76,76,76,76,76,76,76,76,76,76,76,76,76,76,76,76,76,76,76,76,76,76,76,76,76,76,76,76,76,76,76],"relic_stats":{"Peace Pipe":0,"Regal Pillow":0,"Gremlin Horn":[15,15],"counters":[20,85],"Snecko Eye":[46,34,43,46],"Ectoplasm":364,"Whetstone":["RobotSpaceExplorer:ShovelStrike"],"obtain_stats":[{"Lantern":28,"Regal Pillow":30,"NeowsBlessing":0,"Gremlin Horn":23,"Oddly Smooth Stone":6,"Vajra":13,"RobotSpaceExplorer:RoboCore":0,"Whetstone":25,"Akabeko":12,"Peace Pipe":39,"RobotSpaceExplorer:BottledGravity":9,"Snecko Eye":34,"Ectoplasm":17},{"Lantern":12,"Regal Pillow":13,"NeowsBlessing":0,"Gremlin Horn":9,"Oddly Smooth Stone":2,"Vajra":4,"RobotSpaceExplorer:RoboCore":0,"Whetstone":11,"Akabeko":4,"Peace Pipe":19,"RobotSpaceExplorer:BottledGravity":3,"Snecko Eye":15,"Ectoplasm":6},{"Lantern":41,"Regal Pillow":46,"NeowsBlessing":0,"Gremlin Horn":27,"Oddly Smooth Stone":3,"Vajra":6,"RobotSpaceExplorer:RoboCore":0,"Whetstone":36,"Akabeko":6,"Peace Pipe":76,"RobotSpaceExplorer:BottledGravity":4,"Snecko Eye":61,"Ectoplasm":16}]},"card_choices":[{"not_picked":["RobotSpaceExplorer:Pulsar","RobotSpaceExplorer:ExhaustFan"],"picked":"RobotSpaceExplorer:MetalStrike","floor":1},{"not_picked":["RobotSpaceExplorer:ShockKick","RobotSpaceExplorer:ShovelStrike"],"picked":"RobotSpaceExplorer:SurgingStrike","floor":6},{"not_picked":["RobotSpaceExplorer:ShockKick","RobotSpaceExplorer:MetalStrike"],"picked":"RobotSpaceExplorer:ShovelStrike","floor":7},{"not_picked":["RobotSpaceExplorer:GlueShot","RobotSpaceExplorer:ScrapShield"],"picked":"RobotSpaceExplorer:JunkDive","floor":10},{"not_picked":["RobotSpaceExplorer:Ammunition","RobotSpaceExplorer:FranticSearch","RobotSpaceExplorer:SurgingStrike"],"picked":"SKIP","floor":14},{"not_picked":["RobotSpaceExplorer:Arsenal","RobotSpaceExplorer:Wormhole"],"picked":"RobotSpaceExplorer:TrailblazerForm","floor":16},{"not_picked":["RobotSpaceExplorer:Electroshield","RobotSpaceExplorer:FranticSearch"],"picked":"RobotSpaceExplorer:TurboDodge+1","floor":18},{"not_picked":["RobotSpaceExplorer:ImprovisedAttack","RobotSpaceExplorer:ShovelStrike"],"picked":"RobotSpaceExplorer:SurgingShield+1","floor":19},{"not_picked":["RobotSpaceExplorer:ToxicBomb+1","RobotSpaceExplorer:ShovelStrike+1","RobotSpaceExplorer:PowerGlove"],"picked":"SKIP","floor":23},{"not_picked":["RobotSpaceExplorer:FreezeRay","RobotSpaceExplorer:MiniDrones"],"picked":"RobotSpaceExplorer:StarLightning+1","floor":24},{"not_picked":["RobotSpaceExplorer:ShovelStrike+1","RobotSpaceExplorer:MakeshiftVolley"],"picked":"RobotSpaceExplorer:IronShell+1","floor":25},{"not_picked":["RobotSpaceExplorer:ImprovisedAttack","RobotSpaceExplorer:DroneSwarm"],"picked":"RobotSpaceExplorer:StunGrenade","floor":28},{"not_picked":["RobotSpaceExplorer:Ammunition","RobotSpaceExplorer:SwiftStep"],"picked":"RobotSpaceExplorer:DoubleBlock","floor":30},{"not_picked":["RobotSpaceExplorer:JunkDive","RobotSpaceExplorer:DoubleBlock","RobotSpaceExplorer:StunGrenade"],"picked":"SKIP","floor":31},{"not_picked":["RobotSpaceExplorer:Accelerator","RobotSpaceExplorer:BlastShield"],"picked":"RobotSpaceExplorer:HighVoltage","floor":33},{"not_picked":["RobotSpaceExplorer:SlimeMissile+1","RobotSpaceExplorer:ImprovisedAttack","RobotSpaceExplorer:MetalStrike+1"],"picked":"SKIP","floor":35},{"not_picked":["RobotSpaceExplorer:SurgingStrike+1","RobotSpaceExplorer:ImprovisedAttack","RobotSpaceExplorer:RigExplosive"],"picked":"SKIP","floor":36},{"not_picked":["RobotSpaceExplorer:ScrapMissile+1","RobotSpaceExplorer:LuckyStrike","RobotSpaceExplorer:Ammunition+1"],"picked":"SKIP","floor":38},{"not_picked":["RobotSpaceExplorer:ShovelStrike","RobotSpaceExplorer:ImprovisedAttack"],"picked":"RobotSpaceExplorer:Comet","floor":39}],"player_experience":1810069,"relics_obtained":[{"floor":6,"key":"Oddly Smooth Stone"},{"floor":9,"key":"RobotSpaceExplorer:BottledGravity"},{"floor":12,"key":"Akabeko"},{"floor":23,"key":"Gremlin Horn"},{"floor":25,"key":"Whetstone"},{"floor":28,"key":"Lantern"},{"floor":30,"key":"Regal Pillow"},{"floor":39,"key":"Peace Pipe"}],"event_choices":[{"damage_healed":0,"gold_gain":0,"player_choice":"Donut","damage_taken":0,"max_hp_gain":5,"max_hp_loss":0,"event_name":"Big Fish","floor":2,"gold_loss":0},{"damage_healed":0,"gold_gain":0,"player_choice":"Grow","damage_taken":0,"max_hp_gain":0,"max_hp_loss":0,"event_name":"Living Wall","floor":3,"gold_loss":0,"cards_upgraded":["RobotSpaceExplorer:MetalStrike"]},{"damage_healed":0,"gold_gain":0,"player_choice":"Cursed","damage_taken":0,"max_hp_gain":0,"max_hp_loss":0,"event_name":"Wheel of Change","floor":5,"gold_loss":0,"cards_obtained":["Decay"]},{"damage_healed":0,"gold_gain":0,"player_choice":"Simplicity","damage_taken":0,"max_hp_gain":0,"max_hp_loss":0,"event_name":"Back to Basics","floor":21,"gold_loss":0,"cards_upgraded":["RobotSpaceExplorer:Strike","RobotSpaceExplorer:Strike","RobotSpaceExplorer:Strike","RobotSpaceExplorer:Strike","RobotSpaceExplorer:Defend","RobotSpaceExplorer:Defend","RobotSpaceExplorer:Defend","RobotSpaceExplorer:Defend"]},{"damage_healed":0,"gold_gain":0,"player_choice":"Got Potions","damage_taken":0,"max_hp_gain":0,"max_hp_loss":0,"event_name":"Lab","floor":22,"gold_loss":0},{"damage_healed":0,"gold_gain":0,"player_choice":"Forge","damage_taken":0,"max_hp_gain":0,"max_hp_loss":0,"event_name":"Accursed Blacksmith","floor":37,"gold_loss":0,"cards_upgraded":["RobotSpaceExplorer:HighVoltage"]},{"damage_healed":0,"gold_gain":0,"player_choice":"Fight","damage_taken":0,"max_hp_gain":0,"max_hp_loss":0,"event_name":"Mysterious Sphere","floor":39,"gold_loss":0}],"is_beta":true,"boss_relics":[{"not_picked":["Busted Crown","Pandora\u0027s Box"],"picked":"Ectoplasm"},{"not_picked":["Runic Pyramid","Black Star"],"picked":"Snecko Eye"}],"items_purged_floors":[20],"is_endless":false,"potions_floor_spawned":[7,10,28,30,31,36],"killed_by":"Giant Head","ascension_level":18}}