{"host":"v9ordiuf4xzdpttp","time":1610227662,"event":{"mods":["AchievementEnabler","Act Like it!","AlwaysNeverKeys","Aspiration","Bard","Bartender","BaseMod","Better Third Choice","Better Vampires","BetterRewards","Colored Map","Conspire","Dio Mod","Downfall","Energized Spire","Gold Saver","GungeonMod","Halation","Hubris","Infinite Spire","Ironclad Rager","Jedi Mod","Marked Mod","Melee Mod","Minty Spire (QoL Compilation)","Pale of the Ancients","Remove Card Discount Mod","Replay The Spire","Robot Space Explorer","SOS???????","Shop Mod","Small Relic Pack","Somnambulant","Spicy Shops","StSLib","The Bladedancer","The Bug Knight","The Construct","The Death Knight","The Exalted","The Hayseed","The Hierophant","The Jungle","The Mystic","The Runesmith","The Saiyan","The Senshi","The Servant 0.9.4","The Wild Card","TheBandit","vexMod","??????REMEMod"],"gold_per_floor":[1374,1385,9,84,84,84,101,101,126,140,140,159,5,5,5,101,101,116,116],"floor_reached":18,"playtime":1024,"items_purged":[],"score":202,"play_id":"620dacab-7fcc-4bd4-aaf1-1e072b07d172","local_time":"20210109162742","is_ascension_mode":false,"campfire_choices":[{"floor":6,"key":"REST"},{"floor":11,"key":"REST"},{"floor":15,"key":"REST"}],"circlet_count":0,"master_deck":["Strike_Bartender","Strike_Bartender","Strike_Bartender","Strike_Bartender","Defend_Bartender","Defend_Bartender","Defend_Bartender","Defend_Bartender","Somersault","MasterReality","Phantom_Blow","Step_Of_The_Wind","Fight_Dirty","Foot_Thrust","ReplayTheSpireMod:Private Reserves","REME_BattleFury","Greased_Lightning","ReplayTheSpireMod:Chaos Vortex","Bicycle_Kick","Torment","Snap_Punch","Rope_A_Dope","Free_Pour","Spirits_Within"],"relics":["Sneakers","REME_ComplimentaryCards","halation:Sosunser","MerchantsRug","halation:Jellyphish","Cleaning_Rag","Bag of Marbles","DemoMod:GnawedKey","Boot","halation:PromiseList","vexMod:BigBerry"],"acts_visited":["Exordium","Exordium"],"potions_floor_usage":[12,12],"damage_taken":[{"damage":21,"enemies":"infinitespire:Voidling","floor":1,"turns":4},{"damage":10,"enemies":"Jaw Worm","floor":2,"turns":4},{"damage":0,"enemies":"2 Louse","floor":7,"turns":3},{"damage":4,"enemies":"2 Fungi Beasts","floor":10,"turns":4},{"damage":0,"enemies":"Blue Slaver","floor":12,"turns":1},{"damage":33,"enemies":"The Guardian","floor":16,"turns":7},{"damage":12,"enemies":"Shell Parasite","floor":18,"turns":5}],"seed_played":"3820957447455832678","potions_obtained":[{"floor":2,"key":"AttackPotion"},{"floor":12,"key":"REME_GoldPotion"}],"is_trial":false,"path_per_floor":["M","M","$","?","?","R","M","?","T","M","R","M","$","?","R","B",null,"M"],"character_chosen":"BARTENDER","items_purchased":["Fight_Dirty","Foot_Thrust","ReplayTheSpireMod:Private Reserves","halation:Sosunser","MerchantsRug","halation:Jellyphish","Cleaning_Rag","REME_BattleFury","Bag of Marbles","DemoMod:GnawedKey","Boot","Greased_Lightning","Rope_A_Dope","Free_Pour"],"campfire_rested":3,"item_purchase_floors":[3,3,3,3,3,3,3,3,3,3,3,3,13,13],"current_hp_per_floor":[49,39,39,28,11,32,32,35,35,31,52,52,52,52,73,40,103,91,91],"gold":116,"neow_bonus":"HUNDRED_GOLD","is_daily":false,"chose_seed":false,"campfire_upgraded":0,"win_rate":0.0,"timestamp":1610227662,"path_taken":["M","?","$","?","?","R","M","?","T","M","R","M","$","?","R","BOSS","M"],"items_purchased_type":["Card","Card","Card","Relic","Relic","Relic","Relic","Card","Relic","Relic","Relic","Card","Card","Card"],"build_version":"2020-12-22","purchased_purges":0,"victory":false,"max_hp_per_floor":[70,70,70,70,70,70,70,73,73,73,73,73,73,73,73,73,103,103,103],"card_choices":[{"not_picked":["Insight_B","Waterkick"],"picked":"Phantom_Blow","floor":1},{"not_picked":["Cross","Coeurl_Form"],"picked":"Step_Of_The_Wind","floor":2},{"not_picked":["infinitespire:DeathsTouch","infinitespire:SealOfDarkness+"],"picked":"ReplayTheSpireMod:Chaos Vortex","floor":5},{"not_picked":["With_A_Twist","Pony_Shot"],"picked":"Bicycle_Kick","floor":7},{"not_picked":["Patience","Phantom_Blow"],"picked":"Torment","floor":10},{"not_picked":["Meteodrive","Dancing_Jab"],"picked":"Snap_Punch","floor":12},{"not_picked":["Top_Shelf","Windup"],"picked":"Spirits_Within","floor":16}],"player_experience":259468,"relics_obtained":[{"floor":9,"key":"halation:PromiseList"}],"event_choices":[{"damage_healed":0,"gold_gain":75,"player_choice":"Gold","damage_taken":11,"max_hp_gain":0,"max_hp_loss":0,"event_name":"betterThird:BetterGoop","floor":4,"gold_loss":0}],"is_beta":false,"boss_relics":[{"not_picked":["relicPack:ShieldShield","halation:HeavySnake"],"picked":"vexMod:BigBerry"}],"items_purged_floors":[],"is_endless":false,"potions_floor_spawned":[2,12],"killed_by":"Shell Parasite","ascension_level":0}}