{"host":"lqlef2ke9my6e02m","time":1610230447,"event":{"mods":["100% Spire Juice","Act Like it!","BaseMod","Downfall","Elementarium","Minty Spire (QoL Compilation)","Robot Space Explorer","StSLib","The Disciple","The Runesmith"],"gold_per_floor":[110,110,110,128,145,179,59,59,82,82,93,93,93,168,48,153,153,170,170,170,186,203,234,234,234,234,234,251,29,29,45,45,148,148,159,159,169,189,209,89,100,111,111,128,145,145,145,145,145,145,145],"floor_reached":50,"playtime":3262,"items_purged":[],"score":466,"play_id":"5c786fbf-f9c3-4aeb-88ee-427f67566ed9","local_time":"20210109231407","is_ascension_mode":false,"campfire_choices":[{"floor":7,"key":"REST"},{"data":"Moonworks:CloudOfSeagulls","floor":10,"key":"SMITH"},{"data":"Moonworks:Ambush","floor":13,"key":"SMITH"},{"floor":15,"key":"REST"},{"floor":24,"key":"REST"},{"data":"Moonworks:Flamethrower","floor":27,"key":"SMITH"},{"data":"Elementarium:EarthblessedBlade","floor":32,"key":"SMITH"},{"data":"Moonworks:EvilSpyWorkPreparation","floor":40,"key":"SMITH"},{"floor":46,"key":"REST"},{"data":"Moonworks:UnluckyCharm","floor":49,"key":"SMITH"}],"circlet_count":0,"master_deck":["Moonworks:Strike+1","Moonworks:Strike+1","Moonworks:Strike","Moonworks:Defend","Moonworks:Defend","Moonworks:Defend","Moonworks:Defend+1","Moonworks:Ambush+1","Moonworks:LongDistanceShot","Moonworks:WindyEnchantment+1","Moonworks:JonathanRush","Moonworks:UnluckyCharm+1","Moonworks:CloudOfSeagulls+1","Moonworks:PlushieMaster","Moonworks:Assault+1","Moonworks:Flamethrower+1","Elementarium:FireblessedBlade","Elementarium:WindblessedBlade","Elementarium:EarthblessedBlade+1","Elementarium:IceblessedBlade","Elementarium:VoidblessedBlade","Moonworks:JonathanRush+1","Moonworks:RocketCannon","Moonworks:WindyEnchantment","Moonworks:EvilSpyWorkPreparation+1","Moonworks:JonathanRush+1"],"relics":["Moonworks:BrokenBomb","Moonworks:Homemark","NeowsBlessing","Art of War","Letter Opener","Busted Crown","Guardian:GemstoneGun","Ice Cream","Elementarium:ElementariumTrophy","Meat on the Bone"],"acts_visited":["Exordium","Elementarium:Elementarium","TheBeyond"],"potions_floor_usage":[6,22,31,33,35,38,44,50,50,50],"damage_taken":[{"damage":0,"enemies":"Small Slimes","floor":1,"turns":1},{"damage":0,"enemies":"2 Louse","floor":4,"turns":1},{"damage":0,"enemies":"Cultist","floor":5,"turns":1},{"damage":26,"enemies":"Gremlin Nob","floor":6,"turns":4},{"damage":4,"enemies":"Looter","floor":11,"turns":3},{"damage":45,"enemies":"The Guardian","floor":16,"turns":9},{"damage":2,"enemies":"Elementarium:2_ELEMENTALS","floor":18,"turns":3},{"damage":3,"enemies":"Elementarium:MUD_AND_TAR_GOLEMS","floor":21,"turns":3},{"damage":4,"enemies":"Elementarium:CYCLONE_AND_ORB_OF_FIRE","floor":22,"turns":5},{"damage":31,"enemies":"Elementarium:FIRE_NOBILITY","floor":23,"turns":6},{"damage":0,"enemies":"Elementarium:VOID_CORRUPTION_AND_TAR_GOLEM","floor":28,"turns":4},{"damage":0,"enemies":"Elementarium:STONE_GOLEMS","floor":29,"turns":3},{"damage":0,"enemies":"Elementarium:Hydrostalker","floor":31,"turns":3},{"damage":21,"enemies":"Elementarium:PHOENIXES","floor":33,"turns":7},{"damage":0,"enemies":"Orb Walker","floor":35,"turns":2},{"damage":0,"enemies":"3 Darklings","floor":37,"turns":3},{"damage":0,"enemies":"Writhing Mass","floor":38,"turns":5},{"damage":0,"enemies":"Spire Growth","floor":39,"turns":3},{"damage":8,"enemies":"4 Shapes","floor":41,"turns":4},{"damage":0,"enemies":"Maw","floor":42,"turns":5},{"damage":0,"enemies":"Writhing Mass","floor":44,"turns":4},{"damage":7,"enemies":"Sphere and 2 Shapes","floor":45,"turns":3},{"damage":41,"enemies":"Awakened One","floor":50,"turns":9}],"seed_played":"-2370439081483687608","potions_obtained":[{"floor":4,"key":"BlessingOfTheForge"},{"floor":5,"key":"PowerPotion"},{"floor":11,"key":"CultistPotion"},{"floor":18,"key":"Swift Potion"},{"floor":23,"key":"LiquidMemories"},{"floor":33,"key":"Block Potion"},{"floor":35,"key":"Fruit Juice"},{"floor":37,"key":"Guardian:BlockOnCardUsePotion"},{"floor":41,"key":"PowerPotion"},{"floor":44,"key":"Fire Potion"},{"floor":45,"key":"DuplicationPotion"}],"is_trial":false,"path_per_floor":["M","?","?","M","M","E","R","?","T","R","M","$","R","?","R","B",null,"M","?","?","M","M","E","R","?","T","R","M","M","?","M","R","B",null,"M","?","M","M","M","R","M","M","T","M","M","R","$","?","R","B"],"character_chosen":"THE_STARBREAKER","items_purchased":[],"campfire_rested":4,"item_purchase_floors":[],"current_hp_per_floor":[60,48,45,45,45,27,45,45,45,45,41,41,41,30,48,3,60,58,58,58,55,51,20,38,36,36,36,36,36,36,36,36,15,36,41,41,41,41,41,41,33,33,33,33,26,38,38,38,38,0,0],"gold":145,"neow_bonus":"THREE_ENEMY_KILL","is_daily":false,"chose_seed":false,"campfire_upgraded":6,"win_rate":0.0,"timestamp":1610230447,"path_taken":["M","?","?","M","M","E","R","?","T","R","M","$","R","?","R","BOSS","M","?","?","M","?","E","R","?","T","R","M","M","?","M","R","BOSS","M","?","M","M","M","R","M","M","T","?","M","R","$","?","R","BOSS"],"items_purchased_type":[],"build_version":"2020-12-22","purchased_purges":0,"victory":false,"max_hp_per_floor":[60,60,60,60,60,60,60,60,60,60,60,60,60,60,60,60,60,60,60,60,60,60,60,60,36,36,36,36,36,36,36,36,36,36,41,41,41,41,41,41,41,41,41,41,41,41,41,41,41,41,41],"card_choices":[{"not_picked":["Moonworks:IndiscriminateFireSupport","Moonworks:UnpaidWork"],"picked":"Moonworks:WindyEnchantment","floor":1},{"not_picked":["Moonworks:LulusLuckyEgg","Moonworks:DeployBits"],"picked":"Moonworks:JonathanRush","floor":4},{"not_picked":["Moonworks:WindyEnchantment","Moonworks:NicePresent"],"picked":"Moonworks:UnluckyCharm","floor":5},{"not_picked":["Moonworks:Assault","Moonworks:TreasureThief"],"picked":"Moonworks:CloudOfSeagulls","floor":6},{"not_picked":["Moonworks:IntelligenceOfficer","Moonworks:UnluckyCharm","Moonworks:BigMagnum"],"picked":"SKIP","floor":11},{"not_picked":["Moonworks:SubspaceTunnel","Moonworks:FinalBattle"],"picked":"Moonworks:PlushieMaster","floor":16},{"not_picked":[],"picked":"Moonworks:Assault+1","floor":18},{"not_picked":[],"picked":"Moonworks:CloudOfSeagulls+1","floor":21},{"not_picked":[],"picked":"Moonworks:Flamethrower","floor":22},{"not_picked":["Moonworks:ScrambledEve"],"picked":"SKIP","floor":23},{"not_picked":["Moonworks:IndiscriminateFireSupport"],"picked":"SKIP","floor":28},{"not_picked":["Moonworks:ForcedRevival"],"picked":"SKIP","floor":29},{"not_picked":[],"picked":"Moonworks:JonathanRush+1","floor":31},{"not_picked":[],"picked":"Moonworks:RocketCannon","floor":33},{"not_picked":["Moonworks:BigMagnum"],"picked":"SKIP","floor":35},{"not_picked":[],"picked":"Moonworks:WindyEnchantment","floor":37},{"not_picked":[],"picked":"Moonworks:EvilSpyWorkPreparation","floor":38},{"not_picked":["Moonworks:SakisCookie"],"picked":"SKIP","floor":39},{"not_picked":[],"picked":"Moonworks:JonathanRush+1","floor":41},{"not_picked":["Moonworks:DeployBits"],"picked":"SKIP","floor":42},{"not_picked":["Moonworks:ImOnFire"],"picked":"SKIP","floor":44},{"not_picked":["Moonworks:UnluckyCharm+1"],"picked":"SKIP","floor":45}],"player_experience":338808,"relics_obtained":[{"floor":6,"key":"Letter Opener"},{"floor":23,"key":"Guardian:GemstoneGun"},{"floor":26,"key":"Ice Cream"},{"floor":43,"key":"Meat on the Bone"}],"event_choices":[{"damage_healed":0,"gold_gain":0,"player_choice":"Entered Light","damage_taken":12,"max_hp_gain":0,"max_hp_loss":0,"event_name":"Shining Light","floor":2,"gold_loss":0,"cards_upgraded":["Moonworks:Strike","Moonworks:Strike"]},{"damage_healed":0,"gold_gain":0,"player_choice":"Success","damage_taken":3,"relics_obtained":["Art of War"],"max_hp_gain":0,"max_hp_loss":0,"event_name":"Scrap Ooze","floor":3,"gold_loss":0},{"damage_healed":0,"gold_gain":0,"player_choice":"Grow","damage_taken":0,"max_hp_gain":0,"max_hp_loss":0,"event_name":"Living Wall","floor":8,"gold_loss":0,"cards_upgraded":["Moonworks:WindyEnchantment"]},{"damage_healed":0,"gold_gain":75,"player_choice":"Gather Gold","damage_taken":11,"max_hp_gain":0,"max_hp_loss":0,"event_name":"World of Goop","floor":14,"gold_loss":0},{"damage_healed":0,"gold_gain":0,"player_choice":"Pray","damage_taken":0,"max_hp_gain":0,"max_hp_loss":0,"event_name":"Elementarium:VoidShrine","floor":19,"gold_loss":0,"cards_upgraded":["Moonworks:Defend"]},{"damage_healed":0,"gold_gain":0,"player_choice":"Ignored","damage_taken":0,"max_hp_gain":0,"max_hp_loss":0,"event_name":"Elementarium:FountainOfGold","floor":20,"gold_loss":0},{"damage_healed":0,"gold_gain":0,"player_choice":"Touch","damage_taken":0,"max_hp_gain":0,"max_hp_loss":24,"event_name":"Elementarium:ElementalBlades","floor":25,"gold_loss":0,"cards_obtained":["Elementarium:FireblessedBlade","Elementarium:WindblessedBlade","Elementarium:EarthblessedBlade","Elementarium:IceblessedBlade","Elementarium:VoidblessedBlade"]},{"damage_healed":0,"gold_gain":0,"player_choice":"Ignored","damage_taken":0,"max_hp_gain":0,"max_hp_loss":0,"event_name":"Elementarium:GreatTreasure","floor":30,"gold_loss":0},{"cards_removed":["Moonworks:Strike"],"damage_healed":0,"gold_gain":0,"player_choice":"Purged","damage_taken":0,"max_hp_gain":0,"max_hp_loss":0,"event_name":"Purifier","floor":36,"gold_loss":0},{"cards_removed":["Moonworks:CloudOfSeagulls"],"damage_healed":0,"gold_gain":0,"player_choice":"Removed Attack","damage_taken":0,"max_hp_gain":0,"max_hp_loss":0,"event_name":"Falling","floor":48,"gold_loss":0}],"is_beta":false,"boss_relics":[{"not_picked":["Velvet Choker","Philosopher\u0027s Stone"],"picked":"Busted Crown"},{"not_picked":["Coffee Dripper","Cursed Key","Runic Dome"]}],"items_purged_floors":[],"is_endless":false,"potions_floor_spawned":[4,5,11,18,23,33,35,37,41,44,45],"killed_by":"Awakened One","ascension_level":0}}