{"host":"z4nt7tdd4gjrinn7","time":1610214317,"event":{"mods":["BaseMod","Minty Spire (QoL Compilation)","StSLib","The Servant 0.9.4"],"gold_per_floor":[109,132,146,166,179,214,194,194,194,204,61,61,61,80,80,206,206,222,222,243,266,285,285,285,285,336,336,361,361,58,74,74,74,74],"floor_reached":33,"playtime":3630,"items_purged":[],"score":249,"play_id":"07334f03-557c-4ee1-a00e-b77793c41b7d","local_time":"20210109124517","is_ascension_mode":false,"campfire_choices":[{"floor":8,"key":"REST"},{"data":"Flying Knee","floor":13,"key":"SMITH"},{"floor":15,"key":"REST"},{"floor":23,"key":"REST"},{"data":"After Image","floor":25,"key":"SMITH"},{"floor":29,"key":"REST"},{"floor":32,"key":"REST"}],"circlet_count":0,"master_deck":["Strike_G+1","Strike_G+1","Strike_G+1","Strike_G+1","Strike_G+1","Defend_G+1","Defend_G+1","Defend_G+1","Defend_G+1","Defend_G+1","Survivor","Neutralize","Flying Knee+1","Dodge and Roll","Poisoned Stab","Dagger Throw","Bullet Time","PiercingWail+1","Injury","Predator","After Image+1","Dash+1","Sucker Punch","Dodge and Roll+1","Noxious Fumes","Escape Plan+1","Bouncing Flask+1"],"relics":["War Paint","The Specimen","Toxic Egg 2","Lantern","Golden Idol","WristBlade","MutagenicStrength","Oddly Smooth Stone","Nloth\u0027s Gift","Blood Vial","Frozen Eye"],"acts_visited":["Exordium","TheCity"],"potions_floor_usage":[],"damage_taken":[{"damage":0,"enemies":"Cultist","floor":1,"turns":4},{"damage":0,"enemies":"Jaw Worm","floor":3,"turns":5},{"damage":0,"enemies":"2 Louse","floor":4,"turns":3},{"damage":0,"enemies":"Blue Slaver","floor":5,"turns":4},{"damage":23,"enemies":"Lagavulin","floor":6,"turns":9},{"damage":3,"enemies":"2 Fungi Beasts","floor":10,"turns":4},{"damage":9,"enemies":"Exordium Thugs","floor":14,"turns":6},{"damage":49,"enemies":"Hexaghost","floor":16,"turns":16},{"damage":19,"enemies":"2 Thieves","floor":18,"turns":5},{"damage":0,"enemies":"Spheric Guardian","floor":20,"turns":3},{"damage":10,"enemies":"Snake Plant","floor":21,"turns":4},{"damage":14,"enemies":"Snecko","floor":22,"turns":6},{"damage":12,"enemies":"Shelled Parasite and Fungi","floor":28,"turns":8},{"damage":19,"enemies":"Snake Plant","floor":31,"turns":6},{"damage":80,"enemies":"Collector","floor":33,"turns":6}],"seed_played":"-7963234902067198613","potions_obtained":[{"floor":3,"key":"FearPotion"},{"floor":6,"key":"Ancient Potion"},{"floor":7,"key":"FearPotion"},{"floor":14,"key":"SteroidPotion"},{"floor":28,"key":"LiquidBronze"},{"floor":31,"key":"Regen Potion"}],"is_trial":false,"path_per_floor":["M","T","M","M","M","E","?","R","T","M","$","?","R","M","R","B",null,"M","?","M","M","M","R","?","R","T","?","M","R","$","M","R","B"],"character_chosen":"THE_SILENT","items_purchased":["Lantern","Blood Vial","Frozen Eye"],"campfire_rested":5,"item_purchase_floors":[11,30,30],"current_hp_per_floor":[77,77,77,77,77,54,54,77,77,74,74,74,74,65,77,28,77,58,58,58,48,34,57,57,57,57,57,45,68,68,51,74,0,0],"gold":74,"neow_bonus":"TEN_PERCENT_HP_BONUS","is_daily":false,"chose_seed":false,"campfire_upgraded":2,"win_rate":0.0,"timestamp":1610214317,"path_taken":["M","?","?","M","M","E","?","R","T","?","$","?","R","M","R","BOSS","M","?","M","M","M","R","?","R","T","?","?","R","$","M","R","BOSS"],"items_purchased_type":["Relic","Relic","Relic"],"build_version":"2020-12-22","purchased_purges":0,"victory":false,"max_hp_per_floor":[77,77,77,77,77,77,77,77,77,77,77,77,77,77,77,77,77,77,77,77,77,77,77,77,77,77,77,77,77,77,77,77,77,77],"card_choices":[{"not_picked":["Tactician","Backflip"],"picked":"Flying Knee","floor":1},{"not_picked":["PiercingWail","Terror"],"picked":"Dodge and Roll","floor":3},{"not_picked":["Sucker Punch","PiercingWail"],"picked":"Poisoned Stab","floor":4},{"not_picked":["Deflect","Calculated Gamble"],"picked":"Dagger Throw","floor":5},{"not_picked":["Choke","Riddle With Holes"],"picked":"Bullet Time","floor":6},{"not_picked":["Prepared+1","Backflip+1"],"picked":"PiercingWail+1","floor":10},{"not_picked":["Slice","Acrobatics+1"],"picked":"Predator","floor":14},{"not_picked":["Venomology+1","Night Terror+1"],"picked":"After Image","floor":16},{"not_picked":["Backflip+1","Deadly Poison+1"],"picked":"Dash+1","floor":18},{"not_picked":["Deadly Poison+1","Deflect+1"],"picked":"Sucker Punch","floor":20},{"not_picked":["Sucker Punch","Slice"],"picked":"Dodge and Roll+1","floor":21},{"not_picked":["Flying Knee","Crippling Poison+1"],"picked":"Noxious Fumes","floor":22},{"not_picked":["Outmaneuver+1","Deadly Poison+1"],"picked":"Escape Plan+1","floor":28},{"not_picked":["Dash+1","Tactician+1"],"picked":"Bouncing Flask+1","floor":31}],"player_experience":16710,"relics_obtained":[{"floor":2,"key":"War Paint"},{"floor":6,"key":"The Specimen"},{"floor":9,"key":"Toxic Egg 2"},{"floor":26,"key":"Oddly Smooth Stone"}],"event_choices":[{"damage_healed":0,"gold_gain":0,"player_choice":"Bought 1 Potion","damage_taken":0,"max_hp_gain":0,"max_hp_loss":0,"event_name":"The Woman in Blue","floor":7,"gold_loss":0},{"damage_healed":0,"gold_gain":0,"player_choice":"Take Wound","damage_taken":0,"relics_obtained":["Golden Idol"],"max_hp_gain":0,"max_hp_loss":0,"event_name":"Golden Idol","floor":12,"gold_loss":0,"cards_obtained":["Injury"]},{"damage_healed":0,"gold_gain":0,"player_choice":"Inject Mutagens","damage_taken":0,"relics_obtained":["MutagenicStrength"],"max_hp_gain":0,"max_hp_loss":0,"event_name":"Drug Dealer","floor":19,"gold_loss":0},{"damage_healed":0,"gold_gain":0,"player_choice":"Simplicity","damage_taken":0,"max_hp_gain":0,"max_hp_loss":0,"event_name":"Back to Basics","floor":24,"gold_loss":0,"cards_upgraded":["Strike_G","Strike_G","Strike_G","Strike_G","Strike_G","Defend_G","Defend_G","Defend_G"]},{"damage_healed":0,"gold_gain":0,"player_choice":"Traded Relic","damage_taken":0,"relics_obtained":["Nloth\u0027s Gift"],"max_hp_gain":0,"max_hp_loss":0,"event_name":"N\u0027loth","floor":27,"relics_lost":["Ring of the Snake"],"gold_loss":0}],"is_beta":false,"boss_relics":[{"not_picked":["Sozu","Coffee Dripper"],"picked":"WristBlade"}],"items_purged_floors":[],"is_endless":false,"potions_floor_spawned":[3,6,14,16,18,28,31],"killed_by":"Collector","ascension_level":0}}