{"host":"5jyeqch4fosnsiz2","time":1610232836,"event":{"mods":["BaseMod","Bestiary","Colored Map","Colored Powertips","Filter the Spire","Minty Spire (QoL Compilation)","Relic Stats","StSLib","Waifu the Spire","ojb\u0027s Better Paths Mod","ojb\u0027s Info Mod"],"gold_per_floor":[114,125,136,17,17,17,48,48,48,81,31,31,49,49,49,152,152,165,165,181,198,31,57,57,68,95,122,221,221,146,36,36,133,133,144,164,86,86,86,111,121,154,154,173,173,185,196,209,209,209,209],"floor_reached":50,"playtime":2344,"items_purged":["ThirdEye"],"score":625,"play_id":"33fdb84a-1ff3-4543-beb6-53822e204d91","local_time":"20210109175356","is_ascension_mode":false,"campfire_choices":[{"data":"Prostrate","floor":6,"key":"SMITH"},{"data":"BowlingBash","floor":8,"key":"SMITH"},{"data":"FearNoEvil","floor":15,"key":"SMITH"},{"data":"Eruption","floor":24,"key":"SMITH"},{"data":"MentalFortress","floor":29,"key":"SMITH"},{"data":"Vault","floor":32,"key":"SMITH"},{"floor":45,"key":"RECALL"},{"data":"Ragnarok","floor":49,"key":"SMITH"}],"circlet_count":0,"master_deck":["Strike_P","Strike_P","Strike_P","Defend_P","Defend_P","Defend_P","Eruption+1","Vigilance","Halt","FearNoEvil+1","Prostrate+1","MentalFortress+1","Consecrate","BowlingBash+1","TalkToTheHand","Worship","Vault+1","FollowUp+1","CutThroughFate+1","WheelKick","Fasting2","Ragnarok+1","Perseverance","Devotion","SashWhip+1","Tantrum","Madness","Dark Shackles","ClearTheMind+1","Vengeance+1","FlurryOfBlows+1","Parasite"],"relics":["Runic Dome","Thread and Needle","Ornamental Fan","Lantern","Bronze Scales","Coffee Dripper","Oddly Smooth Stone","Membership Card","Akabeko","Nunchaku","Mummified Hand","Vajra","Sozu","Du-Vu Doll","Boot"],"acts_visited":["TheCity","TheBeyond"],"potions_floor_usage":[7,10,16,23,33,33,46],"damage_taken":[{"damage":0,"enemies":"Cultist","floor":1,"turns":2},{"damage":0,"enemies":"Jaw Worm","floor":2,"turns":4},{"damage":0,"enemies":"Small Slimes","floor":3,"turns":2},{"damage":43,"enemies":"Gremlin Nob","floor":7,"turns":5},{"damage":1,"enemies":"3 Sentries","floor":10,"turns":6},{"damage":7,"enemies":"Looter","floor":13,"turns":3},{"damage":0,"enemies":"Slime Boss","floor":16,"turns":8},{"damage":0,"enemies":"Shell Parasite","floor":18,"turns":4},{"damage":2,"enemies":"Chosen","floor":20,"turns":4},{"damage":7,"enemies":"Snake Plant","floor":21,"turns":4},{"damage":18,"enemies":"Slavers","floor":23,"turns":5},{"damage":0,"enemies":"Sentry and Sphere","floor":25,"turns":2},{"damage":28,"enemies":"Book of Stabbing","floor":27,"turns":5},{"damage":12,"enemies":"Champ","floor":33,"turns":10},{"damage":3,"enemies":"3 Shapes","floor":35,"turns":3},{"damage":1,"enemies":"3 Darklings","floor":36,"turns":2},{"damage":0,"enemies":"Giant Head","floor":40,"turns":7},{"damage":24,"enemies":"4 Shapes","floor":41,"turns":5},{"damage":24,"enemies":"Reptomancer","floor":42,"turns":5},{"damage":0,"enemies":"Sphere and 2 Shapes","floor":44,"turns":3},{"damage":0,"enemies":"Writhing Mass","floor":46,"turns":2},{"damage":0,"enemies":"Transient","floor":47,"turns":6},{"damage":6,"enemies":"Spire Growth","floor":48,"turns":4},{"damage":20,"enemies":"Awakened One","floor":50,"turns":3}],"seed_played":"2480922939344694493","potions_obtained":[{"floor":3,"key":"Weak Potion"},{"floor":7,"key":"Regen Potion"},{"floor":10,"key":"DistilledChaos"},{"floor":16,"key":"Fire Potion"},{"floor":21,"key":"Dexterity Potion"},{"floor":27,"key":"StancePotion"},{"floor":33,"key":"Weak Potion"}],"is_trial":false,"path_per_floor":["M","M","M","$","?","R","E","R","T","E","?","?","M","T","R","B",null,"M","?","M","M","$","E","R","M","T","E","?","R","?","$","R","B",null,"M","M","$","?","?","E","M","E","T","M","R","M","M","M","R","B"],"character_chosen":"WATCHER","items_purchased":["MentalFortress","Consecrate","Membership Card","WheelKick","Vajra","Perseverance","Tantrum"],"campfire_rested":0,"item_purchase_floors":[4,4,22,22,31,31,37],"current_hp_per_floor":[72,72,72,72,77,77,34,34,34,48,48,41,34,34,34,34,77,77,77,75,68,68,50,50,50,50,22,22,22,22,22,22,10,77,74,73,73,68,68,68,44,20,20,20,20,20,20,14,14,0,0],"gold":209,"neow_bonus":"BOSS_RELIC","is_daily":false,"chose_seed":false,"campfire_upgraded":7,"win_rate":0.0,"timestamp":1610232836,"path_taken":["M","M","M","$","?","R","E","R","T","E","?","?","M","?","R","BOSS","M","?","?","M","?","E","R","M","T","E","?","R","?","$","R","BOSS","M","M","$","?","?","E","M","E","T","M","R","M","?","M","R","BOSS"],"items_purchased_type":["Card","Card","Relic","Card","Relic","Card","Card"],"build_version":"2020-12-22","purchased_purges":1,"victory":false,"max_hp_per_floor":[72,72,72,72,77,77,77,77,77,77,77,77,77,77,77,77,77,77,77,77,77,77,77,77,77,77,77,77,77,77,77,77,77,77,77,77,77,77,77,77,77,77,77,77,77,77,77,77,77,77,77],"relic_stats":{"Sozu":5,"Nunchaku":[14],"counters":[24,104],"Ornamental Fan":[180],"Mummified Hand":[32],"Bronze Scales":[146],"Boot":[0],"obtain_stats":[{"Lantern":10,"Oddly Smooth Stone":19,"Vajra":31,"Thread and Needle":7,"Boot":42,"Akabeko":23,"Sozu":34,"Du-Vu Doll":40,"Runic Dome":0,"Nunchaku":26,"Ornamental Fan":9,"Mummified Hand":27,"Bronze Scales":14,"Coffee Dripper":17,"Membership Card":22,"PureWater":0},{"Lantern":5,"Oddly Smooth Stone":8,"Vajra":13,"Thread and Needle":4,"Boot":19,"Akabeko":11,"Sozu":14,"Du-Vu Doll":17,"Runic Dome":0,"Nunchaku":12,"Ornamental Fan":4,"Mummified Hand":13,"Bronze Scales":6,"Coffee Dripper":7,"Membership Card":10,"PureWater":0},{"Lantern":19,"Oddly Smooth Stone":34,"Vajra":54,"Thread and Needle":13,"Boot":86,"Akabeko":47,"Sozu":64,"Du-Vu Doll":76,"Runic Dome":0,"Nunchaku":49,"Ornamental Fan":13,"Mummified Hand":54,"Bronze Scales":22,"Coffee Dripper":30,"Membership Card":42,"PureWater":0}]},"card_choices":[{"not_picked":["PathToVictory","LikeWater"],"picked":"Halt","floor":1},{"not_picked":["CrushJoints","BattleHymn"],"picked":"FearNoEvil","floor":2},{"not_picked":["Protect","JustLucky"],"picked":"Prostrate","floor":3},{"not_picked":["Meditate","MentalFortress"],"picked":"BowlingBash","floor":7},{"not_picked":["Meditate","Adaptation"],"picked":"TalkToTheHand","floor":10},{"not_picked":["FlyingSleeves","PathToVictory"],"picked":"Worship","floor":13},{"not_picked":["MasterReality","ConjureBlade"],"picked":"Vault","floor":16},{"not_picked":["JustLucky","ThirdEye"],"picked":"FollowUp+1","floor":18},{"not_picked":["FlyingSleeves","WindmillStrike+1"],"picked":"CutThroughFate+1","floor":20},{"not_picked":["JustLucky+1","InnerPeace"],"picked":"Crescendo","floor":21},{"not_picked":["MentalFortress","Scrawl"],"picked":"Fasting2","floor":23},{"not_picked":["JustLucky","DeceiveReality"],"picked":"ThirdEye","floor":25},{"not_picked":["CrushJoints","FlyingSleeves"],"picked":"Ragnarok","floor":27},{"not_picked":["Brilliance","Alpha"],"picked":"Devotion","floor":33},{"not_picked":["CrushJoints","LikeWater"],"picked":"SashWhip+1","floor":35},{"not_picked":["EmptyFist","Swivel+1","Pray"],"picked":"SKIP","floor":36},{"not_picked":["Mind Blast","Trip"],"picked":"Madness","floor":38},{"not_picked":["PanicButton","Dramatic Entrance"],"picked":"Dark Shackles","floor":38},{"not_picked":["WreathOfFlame+1","Conclude+1"],"picked":"ClearTheMind+1","floor":40},{"not_picked":["Consecrate+1","InnerPeace"],"picked":"Vengeance+1","floor":41},{"not_picked":["Halt+1","BowlingBash+1"],"picked":"FlurryOfBlows+1","floor":42},{"not_picked":["Halt","DeceiveReality","Prostrate+1"],"picked":"SKIP","floor":44},{"not_picked":["Halt+1","ClearTheMind","Prostrate+1"],"picked":"SKIP","floor":46},{"not_picked":["Pray","FollowUp+1","Protect"],"picked":"SKIP","floor":47},{"not_picked":["FlyingSleeves+1","Brilliance","CrushJoints+1"],"picked":"SKIP","floor":48}],"player_experience":293769,"relics_obtained":[{"floor":7,"key":"Thread and Needle"},{"floor":9,"key":"Ornamental Fan"},{"floor":10,"key":"Lantern"},{"floor":14,"key":"Bronze Scales"},{"floor":19,"key":"Oddly Smooth Stone"},{"floor":23,"key":"Akabeko"},{"floor":26,"key":"Nunchaku"},{"floor":27,"key":"Mummified Hand"},{"floor":40,"key":"Du-Vu Doll"},{"floor":42,"key":"Boot"}],"event_choices":[{"damage_healed":0,"gold_gain":0,"player_choice":"Donut","damage_taken":0,"max_hp_gain":5,"max_hp_loss":0,"event_name":"Big Fish","floor":5,"gold_loss":0},{"cards_removed":["Strike_P"],"damage_healed":0,"gold_gain":0,"player_choice":"Card Removal","damage_taken":0,"max_hp_gain":0,"max_hp_loss":0,"event_name":"The Cleric","floor":11,"gold_loss":50},{"cards_removed":["Defend_P"],"damage_healed":0,"gold_gain":0,"player_choice":"Card Removal","damage_taken":7,"max_hp_gain":0,"max_hp_loss":0,"event_name":"Golden Wing","floor":12,"gold_loss":0},{"damage_healed":0,"gold_gain":0,"player_choice":"Relic","damage_taken":0,"max_hp_gain":0,"max_hp_loss":0,"event_name":"Wheel of Change","floor":19,"gold_loss":0},{"damage_healed":0,"gold_gain":99,"player_choice":"Stole From Cult","damage_taken":0,"max_hp_gain":0,"max_hp_loss":0,"event_name":"Nest","floor":28,"gold_loss":0},{"cards_removed":["Crescendo"],"damage_healed":0,"gold_gain":0,"player_choice":"Gave Gold","damage_taken":0,"max_hp_gain":0,"max_hp_loss":0,"event_name":"Beggar","floor":30,"gold_loss":75},{"damage_healed":0,"gold_gain":0,"player_choice":"Memory 2","damage_taken":5,"max_hp_gain":0,"max_hp_loss":0,"event_name":"SensoryStone","floor":38,"gold_loss":0},{"damage_healed":0,"gold_gain":0,"player_choice":"0 cards matched","damage_taken":0,"max_hp_gain":0,"max_hp_loss":0,"event_name":"Match and Keep!","floor":39,"gold_loss":0,"cards_obtained":[]}],"is_beta":false,"boss_relics":[{"not_picked":["Snecko Eye","Astrolabe"],"picked":"Coffee Dripper"},{"not_picked":["Philosopher\u0027s Stone","Busted Crown"],"picked":"Sozu"}],"items_purged_floors":[37],"is_endless":false,"potions_floor_spawned":[3,7,10,16,21,27,33,35,40,44,46,48],"killed_by":"Awakened One","ascension_level":0}}