{"host":"56ghxnzsglgdq727","time":1610220981,"event":{"mods":["AchievementEnabler","BaseMod","Downfall","Duelist Mod","Hermit","Marisa????????","Minty Spire (QoL Compilation)","Rare Cards Sparkle","Remilia??????","SOS???????","StSLib","The Bug Knight","The Senshi","The Servant 0.9.4","The Wild Card","Yuri Mod"],"gold_per_floor":[143,155,155,155,173,173,173,123,123,198,42,53,53,72,72,175,225,240,44,58,157,82,82,95,95,122,138,138,157,175,175,175],"floor_reached":31,"playtime":1551,"items_purged":["theDuelist:ArmoredZombie"],"score":227,"play_id":"7ae9bc5e-2d1e-41b5-99f4-711d97447aa3","local_time":"20210109143621","is_ascension_mode":false,"campfire_choices":[{"data":"theDuelist:SoulAbsorbingBone","floor":6,"key":"SMITH"},{"data":"theDuelist:Wightprincess","floor":13,"key":"SMITH"},{"data":"theDuelist:SkullServant","floor":15,"key":"SMITH"},{"data":"theDuelist:SupersonicSkullFlame","floor":23,"key":"SMITH"},{"floor":28,"key":"REST"}],"circlet_count":0,"master_deck":["theDuelist:ZombieCorpse","theDuelist:ZombieCorpse","theDuelist:ZombieCorpse","theDuelist:ZombieCorpse","theDuelist:ZombieCorpse","theDuelist:ArmoredZombie","theDuelist:ClownZombie","theDuelist:ClownZombie","theDuelist:PatricianDarkness","theDuelist:ShallowGrave","theDuelist:SkullConductor","theDuelist:TutanMask","theDuelist:SoulAbsorbingBone+1","theDuelist:NecroworldBanshee","Master of Strategy","theDuelist:VendreadNightmare","theDuelist:CardSafeReturn","theDuelist:SkullServant+1","theDuelist:MonsterReborn+1","theDuelist:DimensionFusion","theDuelist:SupersonicSkullFlame+1","theDuelist:SkullServant"],"relics":["theDuelist:MillenniumPuzzle","theDuelist:CardPoolRelic","theDuelist:CardPoolBasicRelic","theDuelist:BoosterPackPoolRelic","theDuelist:CardPoolAddRelic","theDuelist:CardPoolMinusRelic","theDuelist:CardPoolSaveRelic","theDuelist:CardPoolOptionsRelic","NeowsBlessing","theDuelist:MillenniumPeriapt","Tiny House","MutagenicStrength","theSenshi:SailorFukuRelic"],"acts_visited":["Exordium","TheCity"],"potions_floor_usage":[16,24,24,30,31],"damage_taken":[{"damage":0,"enemies":"Small Slimes","floor":1,"turns":1},{"damage":0,"enemies":"2 Louse","floor":2,"turns":1},{"damage":0,"enemies":"Cultist","floor":5,"turns":1},{"damage":11,"enemies":"Exordium Wildlife","floor":12,"turns":4},{"damage":1,"enemies":"Looter","floor":14,"turns":3},{"damage":43,"enemies":"Hexaghost","floor":16,"turns":7},{"damage":0,"enemies":"Chosen","floor":18,"turns":4},{"damage":12,"enemies":"Shell Parasite","floor":20,"turns":2},{"damage":30,"enemies":"Centurion and Healer","floor":24,"turns":4},{"damage":26,"enemies":"Cultist and Chosen","floor":27,"turns":5},{"damage":21,"enemies":"Snake Plant","floor":29,"turns":2},{"damage":10,"enemies":"Centurion and Healer","floor":30,"turns":2},{"damage":0,"enemies":"Snecko","floor":31,"turns":2}],"seed_played":"-4777634942286265464","potions_obtained":[{"floor":12,"key":"Strength Potion"},{"floor":16,"key":"theDuelist:VoidBottle"},{"floor":17,"key":"theDuelist:SealedPackB"},{"floor":18,"key":"theDuelist:SealedPackE"},{"floor":27,"key":"Guardian:BlockOnCardUsePotion"}],"is_trial":false,"path_per_floor":["M","M","?","?","M","R","?","?","T","?","$","M","R","M","R","B",null,"M","$","M","?","$","R","M","?","T","M","R","M","M","M"],"character_chosen":"THE_DUELIST","items_purchased":["theDuelist:VendreadNightmare","theDuelist:CardSafeReturn","theDuelist:SupersonicSkullFlame"],"campfire_rested":1,"item_purchase_floors":[11,11,19],"current_hp_per_floor":[80,80,80,80,80,80,80,80,80,72,72,61,61,60,60,17,85,85,85,73,73,73,73,43,43,43,17,42,21,11,11,11],"gold":175,"neow_bonus":"THREE_ENEMY_KILL","is_daily":false,"chose_seed":false,"campfire_upgraded":4,"win_rate":0.0,"timestamp":1610220981,"path_taken":["M","M","?","?","M","R","?","?","T","?","$","M","R","M","R","BOSS","M","?","M","?","$","R","M","?","T","?","R","M","M","M"],"items_purchased_type":["Card","Card","Card"],"build_version":"2020-12-22","purchased_purges":1,"victory":false,"max_hp_per_floor":[80,80,80,80,80,80,80,80,80,80,80,80,80,80,80,80,85,85,85,85,85,85,85,85,85,85,85,85,85,85,85,85],"card_choices":[{"not_picked":["theDuelist:FearFromDark","theDuelist:PoisonMummy","theDuelist:BoneMouse","theDuelist:Chopman"],"picked":"theDuelist:SoulAbsorbingBone","floor":1},{"not_picked":["theDuelist:Chewbone","theDuelist:GhostrickGhoul","theDuelist:DarkDustSpirit","theDuelist:GhostrickWarwolf"],"picked":"theDuelist:NecroworldBanshee","floor":2},{"not_picked":["Bandage Up","Finesse","Transmutation"],"picked":"Master of Strategy","floor":5},{"not_picked":["theDuelist:GhostrickYeti","theDuelist:FossilSkullknight","theDuelist:DesLacooda","theDuelist:MechMoleZombie"],"picked":"theDuelist:Wightprincess","floor":12},{"not_picked":["theDuelist:IlBlud","theDuelist:Kasha","theDuelist:SkullConductor","theDuelist:GhostrickMansion"],"picked":"theDuelist:SkullServant","floor":14},{"not_picked":["theDuelist:VampireGrace","theDuelist:Scapeghost","theDuelist:OverpoweringEye","theDuelist:FusionGuard"],"picked":"theDuelist:MonsterReborn","floor":16},{"not_picked":["theDuelist:OvertexQoatlus","theDuelist:VampireDuke","theDuelist:GhostrickGhoul","theDuelist:UniZombie"],"picked":"theDuelist:SkullServant","floor":17},{"not_picked":["theDuelist:VendreadNights","theDuelist:CallMummy","theDuelist:VampireDomain+1","theDuelist:CardSafeReturn"],"picked":"theDuelist:DimensionFusion","floor":18},{"not_picked":["theDuelist:FlameGhost","theDuelist:ShiranuiSpectralsword","theDuelist:Skullgios","theDuelist:PMCaptor+1","theDuelist:ShiranuiSwordmaster"],"picked":"SKIP","floor":20},{"not_picked":["theDuelist:FuryFire","theDuelist:Relinkuriboh+1","theDuelist:FossilDragon","theDuelist:ShiranuiSpectralsword","theDuelist:PMCaptor"],"picked":"SKIP","floor":24},{"not_picked":["theDuelist:VendreadReunion","theDuelist:VampireKingdom+1","theDuelist:VampireDomain","theDuelist:EndlessDecay+1","theDuelist:CardSafeReturn"],"picked":"SKIP","floor":27},{"not_picked":["theDuelist:FossilSkullknight","theDuelist:IlBlud+1","theDuelist:Mezuki","theDuelist:SpiritReaper"],"picked":"theDuelist:SkullServant","floor":29},{"not_picked":["theDuelist:ZombieWarrior+1","theDuelist:SkullServant+1","theDuelist:FireReaper","theDuelist:GhostReaper"],"picked":"theDuelist:WightLady","floor":30}],"player_experience":209895,"relics_obtained":[{"floor":26,"key":"theSenshi:SailorFukuRelic"}],"event_choices":[{"damage_healed":0,"gold_gain":0,"player_choice":"Leave","duelist":true,"damage_taken":0,"max_hp_gain":0,"max_hp_loss":0,"event_name":"Egyptian Village","floor":3,"gold_loss":0},{"damage_healed":0,"gold_gain":0,"player_choice":"Took item - Received: Millennium Periapt","duelist":true,"damage_taken":0,"max_hp_gain":0,"max_hp_loss":0,"event_name":"Millennium Items","floor":4,"gold_loss":0},{"damage_healed":0,"gold_gain":0,"player_choice":"Leave","duelist":true,"damage_taken":0,"max_hp_gain":0,"max_hp_loss":0,"event_name":"Tomb of the Nameless","floor":7,"gold_loss":0},{"cards_removed":["theDuelist:VampireCurse"],"damage_healed":0,"gold_gain":0,"player_choice":"Card Removal","damage_taken":0,"max_hp_gain":0,"max_hp_loss":0,"event_name":"The Cleric","floor":8,"gold_loss":50},{"damage_healed":0,"gold_gain":75,"player_choice":"Touch","damage_taken":8,"max_hp_gain":0,"max_hp_loss":0,"event_name":"FaceTrader","floor":10,"gold_loss":0},{"damage_healed":0,"gold_gain":99,"player_choice":"Stole From Cult","damage_taken":0,"max_hp_gain":0,"max_hp_loss":0,"event_name":"Nest","floor":21,"gold_loss":0},{"damage_healed":0,"gold_gain":0,"player_choice":"Inject Mutagens","damage_taken":0,"relics_obtained":["MutagenicStrength"],"max_hp_gain":0,"max_hp_loss":0,"event_name":"Drug Dealer","floor":25,"gold_loss":0}],"is_beta":false,"boss_relics":[{"not_picked":["Ectoplasm","theDuelist:HauntedRelic"],"picked":"Tiny House"}],"items_purged_floors":[22],"is_endless":false,"potions_floor_spawned":[12,16,18,27],"killed_by":"Snecko","ascension_level":0}}