{"host":"4qkvkh7pd9qr2mca","time":1610216723,"event":{"mods":["AchievementEnabler","BaseMod","Colored Map","Colored Powertips","Highlight Path","Minty Spire (QoL Compilation)","Permanent Neow","Quick Restart","StSLib","SuperFastMode"],"gold_per_floor":[111,122,136,44,54,54,26,57,57,85,10,10,10,35,35,130,130,145,159,174,3,24,24,39,13,13,13,28,67,85,129,129,222,222,235,254,18,18,37,37,87,87,149,149,149,149],"floor_reached":45,"playtime":2284,"items_purged":["Strike_R"],"score":1065,"play_id":"b8911455-1679-4a79-a227-a5d0b88e6d6f","local_time":"20210109192523","is_ascension_mode":true,"campfire_choices":[{"data":"Carnage","floor":6.0,"key":"SMITH"},{"data":"Armaments","floor":13.0,"key":"SMITH"},{"data":"Blood for Blood","floor":15.0,"key":"SMITH"},{"data":"Limit Break","floor":23.0,"key":"SMITH"},{"data":"True Grit","floor":32.0,"key":"SMITH"},{"data":"Corruption","floor":40.0,"key":"SMITH"},{"data":"Disarm","floor":42.0,"key":"SMITH"},{"data":"Disarm","floor":44.0,"key":"SMITH"}],"circlet_count":0,"master_deck":["AscendersBane","Strike_R","Strike_R","Defend_R","Defend_R","Defend_R","Bash","Carnage+1","Warcry","Rampage","Blood for Blood+1","Armaments+1","Discovery","True Grit+1","Pommel Strike","Impervious+1","Feel No Pain","Limit Break+1","Infernal Blade","Disarm+1","Whirlwind","Spot Weakness","Headbutt+1","Shrug It Off+1","Corruption+1","Battle Trance","Feel No Pain","Offering","Evolve","Havoc","Heavy Blade","Rage","Battle Trance","Disarm+1","Shame"],"relics":["Burning Blood","Red Skull","Vajra","Meat on the Bone","Golden Idol","Cursed Key","Chemical X","Juzu Bracelet","War Paint","Centennial Puzzle","Empty Cage","CeramicFish","PreservedInsect"],"acts_visited":["Exordium","TheCity","TheBeyond"],"potions_floor_usage":[],"damage_taken":[{"damage":1.0,"enemies":"Cultist","floor":1.0,"turns":3.0},{"damage":8.0,"enemies":"2 Louse","floor":2.0,"turns":2.0},{"damage":8.0,"enemies":"Small Slimes","floor":3.0,"turns":4.0},{"damage":3.0,"enemies":"2 Fungi Beasts","floor":5.0,"turns":4.0},{"damage":36.0,"enemies":"3 Sentries","floor":8.0,"turns":6.0},{"damage":27.0,"enemies":"Lagavulin","floor":10.0,"turns":6.0},{"damage":0.0,"enemies":"Exordium Thugs","floor":14.0,"turns":3.0},{"damage":31.0,"enemies":"Slime Boss","floor":16.0,"turns":9.0},{"damage":25.0,"enemies":"Chosen","floor":18.0,"turns":6.0},{"damage":4.0,"enemies":"2 Thieves","floor":19.0,"turns":3.0},{"damage":28.0,"enemies":"3 Cultists","floor":20.0,"turns":6.0},{"damage":27.0,"enemies":"Snecko","floor":22.0,"turns":6.0},{"damage":25.0,"enemies":"Snake Plant","floor":24.0,"turns":3.0},{"damage":18.0,"enemies":"3 Cultists","floor":28.0,"turns":5.0},{"damage":17.0,"enemies":"Gremlin Leader","floor":29.0,"turns":5.0},{"damage":9.0,"enemies":"Sentry and Sphere","floor":30.0,"turns":5.0},{"damage":8.0,"enemies":"Book of Stabbing","floor":31.0,"turns":4.0},{"damage":39.0,"enemies":"Champ","floor":33.0,"turns":9.0},{"damage":0.0,"enemies":"3 Shapes","floor":35.0,"turns":5.0},{"damage":17.0,"enemies":"Orb Walker","floor":36.0,"turns":2.0},{"damage":8.0,"enemies":"Sphere and 2 Shapes","floor":39.0,"turns":7.0},{"damage":16.0,"enemies":"Reptomancer","floor":41.0,"turns":5.0},{"damage":42,"enemies":"4 Shapes","floor":45,"turns":1}],"seed_played":"-56555950589378456","potions_obtained":[{"floor":2.0,"key":"SteroidPotion"},{"floor":8.0,"key":"EntropicBrew"},{"floor":16.0,"key":"DuplicationPotion"},{"floor":19.0,"key":"DistilledChaos"},{"floor":22.0,"key":"CultistPotion"},{"floor":24.0,"key":"Ancient Potion"},{"floor":28.0,"key":"AttackPotion"},{"floor":29.0,"key":"Explosive Potion"},{"floor":33.0,"key":"LiquidBronze"}],"is_trial":false,"path_per_floor":["M","M","M","$","M","R","$","E","T","E","$","?","R","M","R","B",null,"M","M","M","$","M","R","M","$","T","?","M","E","M","E","R","B",null,"M","M","$","?","M","R","E","R","T","R","M"],"character_chosen":"IRONCLAD","items_purchased":["Discovery","True Grit","Feel No Pain","Chemical X","Shrug It Off","Havoc","Heavy Blade","Rage"],"campfire_rested":0,"item_purchase_floors":[4,7,11,21,25,37,37,37],"current_hp_per_floor":[73,71,69,69,72,72,72,42,42,21,21,21,21,39,39,26,58,51,53,43,43,34,34,27,27,27,27,27,28,37,47,47,26,58,64,53,53,53,51,51,41,41,41,41,0,0],"gold":149,"neow_bonus":"TRANSFORM_TWO_CARDS","is_daily":false,"chose_seed":false,"campfire_upgraded":8,"win_rate":0.0,"timestamp":1610216723,"path_taken":["M","M","M","$","M","R","?","E","T","E","$","?","R","M","R","BOSS","M","M","M","$","M","R","M","$","T","?","M","E","M","E","R","BOSS","M","M","$","?","M","R","E","R","T","R","M"],"items_purchased_type":["Card","Card","Card","Relic","Card","Card","Card","Card"],"build_version":"2020-12-22","purchased_purges":1,"victory":false,"max_hp_per_floor":[75,75,75,75,75,75,75,75,75,75,75,68,68,68,68,68,68,68,68,68,68,68,68,68,68,68,68,68,68,68,68,68,68,68,68,68,68,68,68,68,68,68,68,68,68,68],"card_choices":[{"not_picked":["Clash","Power Through"],"picked":"Rampage","floor":1.0},{"not_picked":["Havoc","Pummel"],"picked":"Blood for Blood","floor":2.0},{"not_picked":["Iron Wave","Sword Boomerang"],"picked":"Armaments","floor":3.0},{"not_picked":["Iron Wave","Body Slam","Clothesline"],"picked":"SKIP","floor":5.0},{"not_picked":["Carnage","Wild Strike"],"picked":"Pommel Strike","floor":8.0},{"not_picked":["Heavy Blade","Iron Wave"],"picked":"Impervious","floor":10.0},{"not_picked":["Iron Wave","Pommel Strike","Dropkick"],"picked":"SKIP","floor":14.0},{"not_picked":["Juggernaut","Demon Form"],"picked":"Limit Break","floor":16.0},{"not_picked":["Blood for Blood","Sword Boomerang"],"picked":"Infernal Blade","floor":18.0},{"not_picked":["Hemokinesis+1","Body Slam+1"],"picked":"Disarm","floor":19.0},{"not_picked":["Second Wind","Heavy Blade"],"picked":"Whirlwind","floor":20.0},{"not_picked":["Intimidate","True Grit"],"picked":"Spot Weakness","floor":22.0},{"not_picked":["Heavy Blade","Body Slam"],"picked":"Headbutt+1","floor":24.0},{"not_picked":["Cleave","Rampage+1","Thunderclap"],"picked":"SKIP","floor":28.0},{"not_picked":["Cleave","Rampage+1","Thunderclap"],"picked":"SKIP","floor":28.0},{"not_picked":["Clothesline","Corruption","Wild Strike"],"picked":"SKIP","floor":29.0},{"not_picked":["Clothesline","Wild Strike"],"picked":"Corruption","floor":29.0},{"not_picked":["Body Slam+1","Searing Blow+1"],"picked":"Battle Trance","floor":30.0},{"not_picked":["Shrug It Off","True Grit"],"picked":"Feel No Pain","floor":31.0},{"not_picked":["Double Tap","Bludgeon"],"picked":"Offering","floor":33.0},{"not_picked":["Pommel Strike","Body Slam"],"picked":"Evolve","floor":35.0},{"not_picked":["Armaments","Entrench","Headbutt"],"picked":"SKIP","floor":36.0},{"not_picked":["Perfected Strike","Body Slam+1"],"picked":"Battle Trance","floor":39.0},{"not_picked":["Bludgeon","Anger+1"],"picked":"Disarm","floor":41.0}],"player_experience":524394,"relics_obtained":[{"floor":8.0,"key":"Red Skull"},{"floor":9.0,"key":"Vajra"},{"floor":10.0,"key":"Meat on the Bone"},{"floor":26.0,"key":"Juzu Bracelet"},{"floor":29.0,"key":"War Paint"},{"floor":31.0,"key":"Centennial Puzzle"},{"floor":41.0,"key":"CeramicFish"},{"floor":43.0,"key":"PreservedInsect"}],"event_choices":[{"damage_healed":0.0,"max_hp_gain":0.0,"max_hp_loss":7.0,"gold_gain":0.0,"event_name":"Golden Idol","player_choice":"Lose Max HP","floor":12.0,"gold_loss":0.0,"damage_taken":0.0,"relics_obtained":["Golden Idol"]},{"damage_healed":0.0,"max_hp_gain":0.0,"max_hp_loss":0.0,"gold_gain":0.0,"event_name":"N\u0027loth","player_choice":"Ignored","floor":27.0,"gold_loss":0.0,"damage_taken":0.0},{"cards_removed":["Strike_R"],"damage_healed":0.0,"max_hp_gain":0.0,"max_hp_loss":0.0,"gold_gain":0.0,"event_name":"Falling","player_choice":"Removed Attack","floor":38.0,"gold_loss":0.0,"damage_taken":0.0}],"is_beta":false,"boss_relics":[{"not_picked":["Runic Cube","Runic Dome"],"picked":"Cursed Key"},{"not_picked":["Snecko Eye","Pandora\u0027s Box"],"picked":"Empty Cage"}],"items_purged_floors":[37],"is_endless":false,"potions_floor_spawned":[2,8,10,16,19,22,24,28,29,30,33,36,41],"killed_by":"4 Shapes","ascension_level":20}}