{"host":"skzt5oiq3jmvln28","time":1610183318,"event":{"mods":["AchievementEnabler","Act Like it!","BaseMod","Downfall","GifTheSpireLib","Minty Spire (QoL Compilation)","StSLib"],"gold_per_floor":[99,117,127,127,127,140,186,186,206,206,233,233,233,233,253,357,357,357,370,187,187,205,205,232,267,286,26,45,59,79,213,233,334,334,259,277,327,350,363,363,363,377,5,24,24,57,57,72,84,84],"floor_reached":51,"playtime":6496,"items_purged":["Regret","Slimebound:Strike_Slimebound+1","Slimebound:Strike_Slimebound+1","Slimebound:SlimeSlap"],"score":766,"play_id":"515da477-ef3d-413e-8fba-345ae129af7c","local_time":"20210109010838","is_ascension_mode":false,"campfire_choices":[{"data":"Slimebound:CorrosiveSpit","floor":1.0,"key":"SMITH"},{"data":"Slimebound:ViciousTackle","floor":8.0,"key":"SMITH"},{"data":"Slimebound:FirmFortitude","floor":10.0,"key":"SMITH"},{"floor":12.0,"key":"REST"},{"data":"Slimebound:Nibble","floor":18.0,"key":"SMITH"},{"data":"Slimebound:AcidTongue","floor":23.0,"key":"SMITH"},{"data":"Slimebound:OozeBath","floor":35,"key":"SMITH"},{"floor":47,"key":"REST"}],"circlet_count":0,"master_deck":["Slimebound:Tackle+1","Slimebound:Defend_Slimebound","Slimebound:Defend_Slimebound","Slimebound:Defend_Slimebound","Slimebound:Defend_Slimebound","Slimebound:Split+1","Slimebound:CorrosiveSpit+1","Slimebound:LeechingTouch+1","Slimebound:ItLooksTasty","Slimebound:ViciousTackle+1","Slimebound:FirmFortitude+1","Slimebound:Nibble+1","Slimebound:FinishingTackle","Slimebound:OneTwoCombo","Slimebound:RollThrough","Slimebound:SplitMire+1","Slimebound:ComboTackle","Slimebound:AcidTongue+1","Slimebound:Nibble+1","Slimebound:Schlurp+1","Slimebound:SplitAcid","Slimebound:SamplingLick+1","Slimebound:LeechEnergy","Slimebound:SlimeTap+1","Slimebound:DisruptingSlam","Slimebound:OozeBath+1","Slimebound:MegaLick","Slimebound:Darklings","Slimebound:Gluttony","Slimebound:GoopSpray+1"],"relics":["Slimebound:AbsorbEndCombat","Bronze Scales","Potion Belt","Philosopher\u0027s Stone","downfall:KnowingSkull","Whetstone","Thread and Needle","Slimebound:AggressiveSlimeRelic","downfall:HeartBlessingGreen","Pocketwatch","MealTicket","Pear","Pen Nib","Boot"],"acts_visited":["Exordium","TheCity","TheBeyond"],"potions_floor_usage":[31,33,44],"damage_taken":[{"damage":7.0,"enemies":"Small Slimes","floor":2.0,"turns":3.0},{"damage":9.0,"enemies":"2 Louse","floor":3.0,"turns":4.0},{"damage":16.0,"enemies":"Cultist","floor":6.0,"turns":3.0},{"damage":17.0,"enemies":"Red Slaver","floor":9.0,"turns":3.0},{"damage":23.0,"enemies":"The Mushroom Lair","floor":11.0,"turns":4.0},{"damage":27.0,"enemies":"Lots of Slimes","floor":15.0,"turns":3.0},{"damage":23.0,"enemies":"downfall:Watcher","floor":16.0,"turns":6.0},{"damage":22.0,"enemies":"Shell Parasite","floor":19.0,"turns":3.0},{"damage":9.0,"enemies":"downfall:FleeingMerchant","floor":20.0,"turns":4.0},{"damage":21.0,"enemies":"Centurion and Healer","floor":22.0,"turns":4.0},{"damage":48.0,"enemies":"Slavers","floor":25.0,"turns":4.0},{"damage":15.0,"enemies":"Snake Plant","floor":26.0,"turns":3.0},{"damage":14,"enemies":"downfall:FleeingMerchant","floor":27,"turns":4},{"damage":21,"enemies":"Chosen and Byrds","floor":28,"turns":4},{"damage":9,"enemies":"3 Cultists","floor":29,"turns":3},{"damage":23,"enemies":"Snake Plant","floor":30,"turns":3},{"damage":33,"enemies":"downfall:FleeingMerchant","floor":31,"turns":3},{"damage":15,"enemies":"Centurion and Healer","floor":32,"turns":4},{"damage":20,"enemies":"downfall:Defect","floor":33,"turns":6},{"damage":30,"enemies":"3 Shapes","floor":36,"turns":2},{"damage":18,"enemies":"Mind Bloom Boss Battle","floor":37,"turns":2},{"damage":22,"enemies":"3 Darklings","floor":39,"turns":3},{"damage":52,"enemies":"Spire Growth","floor":42,"turns":4},{"damage":13,"enemies":"Jaw Worm Horde","floor":44,"turns":4},{"damage":40,"enemies":"Giant Head","floor":46,"turns":7},{"damage":17,"enemies":"Transient","floor":48,"turns":5},{"damage":41,"enemies":"4 Shapes","floor":49,"turns":2},{"damage":66,"enemies":"downfall:Ironclad","floor":50,"turns":9}],"seed_played":"-8535311855015514292","potions_obtained":[{"floor":6.0,"key":"Block Potion"},{"floor":11.0,"key":"Fire Potion"},{"floor":15.0,"key":"Slimebound:SlimedPotion"},{"floor":19.0,"key":"SteroidPotion"},{"floor":22.0,"key":"AttackPotion"},{"floor":29,"key":"sneckomod:MuddlingPotion"},{"floor":30,"key":"ColorlessPotion"},{"floor":32,"key":"Slimebound:SlimedPotion"},{"floor":36,"key":"BlessingOfTheForge"},{"floor":42,"key":"ColorlessPotion"},{"floor":49,"key":"Explosive Potion"}],"is_trial":false,"path_per_floor":["R","M","M","?","?","M","T","R","M","R","?","R","?","?","M","B",null,"R","M","$","?","M","R","T","E","M","$","M","M","M","$","M","B",null,"R","M","?","?","M","?","T","M","$","M","?","E","R","M","M","B",null],"character_chosen":"SLIMEBOUND","items_purchased":["Slimebound:ComboTackle","Slimebound:AcidTongue","Slimebound:AggressiveSlimeRelic","Slimebound:DisruptingSlam","Slimebound:Gluttony","Pen Nib"],"campfire_rested":2,"item_purchase_floors":[20,20,27,31,43,43],"current_hp_per_floor":[66,65,62,62,62,56,56,56,49,49,38,57,57,57,38,33,66,66,56,61,55,56,56,56,26,29,25,30,39,36,33,46,66,66,66,52,60,60,60,60,70,38,53,62,62,58,76,73,47,19],"gold":84,"neow_bonus":"TEN_PERCENT_HP_BONUS","is_daily":false,"chose_seed":false,"campfire_upgraded":6,"win_rate":0.0,"timestamp":1610183318,"path_taken":["R","M","M","?","?","M","T","R","M","R","?","R","?","?","M","BOSS","R","M","$","?","M","R","T","E","?","?","M","?","M","$","M","BOSS","R","M","?","?","M","?","T","M","$","M","?","E","R","?","M","BOSS"],"items_purchased_type":["Card","Card","Relic","Card","Card","Relic"],"build_version":"2020-12-22","purchased_purges":4,"victory":true,"max_hp_per_floor":[66,66,66,66,66,66,66,66,66,66,66,66,66,66,66,66,66,66,66,66,66,66,66,66,66,66,66,66,66,66,66,66,66,66,66,66,66,66,66,66,76,76,76,76,76,76,76,76,76,76],"card_choices":[{"not_picked":["Slimebound:MegaLick","Slimebound:Repurpose"],"picked":"Slimebound:LeechingTouch","floor":2.0},{"not_picked":["Slimebound:LeechingTouch","Slimebound:ViciousTackle"],"picked":"Slimebound:ItLooksTasty","floor":3.0},{"not_picked":["Slimebound:Repurpose","Slimebound:FormOfPuddle"],"picked":"Slimebound:ViciousTackle","floor":6.0},{"not_picked":["Slimebound:LeechingTouch","Slimebound:GoopSpray"],"picked":"Slimebound:FirmFortitude","floor":9.0},{"not_picked":["Slimebound:MegaLick","Slimebound:Chomp"],"picked":"Slimebound:Nibble","floor":11.0},{"not_picked":["Slimebound:TongueLash","Slimebound:ViciousTackle"],"picked":"Slimebound:FinishingTackle","floor":15.0},{"not_picked":["Slimebound:MinionMaster","Slimebound:MassRepurpose"],"picked":"Slimebound:OneTwoCombo","floor":16.0},{"not_picked":["Slimebound:GrowthPunch","Slimebound:LeechEnergy"],"picked":"Slimebound:RollThrough","floor":19.0},{"not_picked":["Slimebound:GoopSpray","Slimebound:Nibble+1"],"picked":"Slimebound:SplitMire+1","floor":20.0},{"not_picked":["Slimebound:FinishingTackle","Slimebound:MassFeed"],"picked":"Slimebound:Nibble+1","floor":22.0},{"not_picked":["Slimebound:Prepare","Slimebound:SlimeBarrage"],"picked":"Slimebound:Schlurp+1","floor":25.0},{"not_picked":["Slimebound:SplitMire+1","Slimebound:ComboTackle"],"picked":"Slimebound:SplitAcid","floor":26},{"not_picked":["Slimebound:Prepare","Slimebound:Schlurp"],"picked":"Slimebound:SamplingLick+1","floor":27},{"not_picked":["Slimebound:ViciousTackle","Slimebound:BestDefense+1"],"picked":"Slimebound:LeechEnergy","floor":28},{"not_picked":["Slimebound:PressTheAttack","Slimebound:FirmFortitude","Slimebound:LeechingTouch"],"picked":"SKIP","floor":29},{"not_picked":["Slimebound:Prepare","Slimebound:SplitBruiser+1","Slimebound:DuplicatedForm"],"picked":"SKIP","floor":30},{"not_picked":["Slimebound:ProtectTheBoss","Slimebound:Dissolve"],"picked":"Slimebound:SlimeTap+1","floor":31},{"not_picked":["Slimebound:SplitLeeching","Slimebound:LeechEnergy","Slimebound:LeechingTouch"],"picked":"SKIP","floor":32},{"not_picked":["Slimebound:Teamwork","Slimebound:DuplicatedForm"],"picked":"Slimebound:OozeBath","floor":33},{"not_picked":["Slimebound:RollThrough+1","Slimebound:LeechEnergy","Slimebound:FinishingTackle+1"],"picked":"SKIP","floor":36},{"not_picked":["Slimebound:SplitLeeching","Slimebound:TongueLash+1"],"picked":"Slimebound:SlimeSlap","floor":37},{"not_picked":["Slimebound:ViciousTackle+1","Slimebound:LeechEnergy"],"picked":"Slimebound:MegaLick","floor":39},{"not_picked":["Slimebound:HauntingLick","Slimebound:LeechingTouch","Slimebound:RejuvenatingLick+1"],"picked":"SKIP","floor":42},{"not_picked":["Slimebound:PressTheAttack","Slimebound:RainOfGoop+1","Slimebound:FirmFortitude"],"picked":"SKIP","floor":44},{"not_picked":["Slimebound:GrowthPunch","Slimebound:SplitMire"],"picked":"Slimebound:GoopSpray+1","floor":46},{"not_picked":["Slimebound:SlimeBrawl+1","Slimebound:RollThrough+1","Slimebound:Schlurp"],"picked":"SKIP","floor":48},{"not_picked":["Slimebound:RollThrough+1","Slimebound:ForwardTackle","Slimebound:SplitAcid+1"],"picked":"SKIP","floor":49}],"player_experience":19902,"relics_obtained":[{"floor":7.0,"key":"Potion Belt"},{"floor":24.0,"key":"Whetstone"},{"floor":25.0,"key":"Thread and Needle"},{"floor":37,"key":"Pocketwatch"},{"floor":38,"key":"MealTicket"},{"floor":41,"key":"Pear"},{"floor":46,"key":"Boot"}],"event_choices":[{"damage_healed":0.0,"max_hp_gain":0.0,"max_hp_loss":0.0,"gold_gain":0.0,"event_name":"Big Fish","player_choice":"Box","floor":5.0,"gold_loss":0.0,"damage_taken":0.0,"relics_obtained":["Bronze Scales"],"cards_obtained":["Regret"]},{"damage_healed":0.0,"max_hp_gain":0.0,"max_hp_loss":0.0,"gold_gain":0.0,"event_name":"Mushrooms","player_choice":"Fought Mushrooms","floor":11.0,"gold_loss":0.0,"damage_taken":0.0},{"cards_removed":["Regret"],"damage_healed":0.0,"max_hp_gain":0.0,"max_hp_loss":0.0,"gold_gain":0.0,"event_name":"Purifier","player_choice":"Purged","floor":14.0,"gold_loss":0.0,"damage_taken":0.0}],"is_beta":false,"boss_relics":[{"not_picked":["Runic Pyramid","Calling Bell"],"picked":"Philosopher\u0027s Stone"},{"not_picked":["Velvet Choker","Astrolabe","Cursed Key"]}],"items_purged_floors":[20,27,31,43],"is_endless":false,"potions_floor_spawned":[6,11,15,19,22,29,30,32,36,42,49],"ascension_level":0}}