{"host":"tpbmol9dayg75a5s","time":1610224016,"event":{"mods":["BaseMod","Bestiary","Block Reminder","Colored Powertips","Downfall","Minty Spire (QoL Compilation)","StSLib"],"gold_per_floor":[111,137,165,234,246,289,301,298,160,207,237,249,296,321,352,469,481,493,521,548,560,572,584,620,650,113,113,127,127,162,162,177,281,281,281,296,313,332,101,112,112,132,150,75,106,118,143,159,173,173,173,208,2,2,2],"floor_reached":56,"playtime":5582,"items_purged":["hexamod:Strike","hexamod:Strike"],"score":1789,"play_id":"4e166b24-4960-46e4-9500-3ae1602c6f6c","local_time":"20210109172656","is_ascension_mode":true,"campfire_choices":[{"floor":1,"key":"RECALL"},{"floor":9,"key":"REST"},{"floor":12,"key":"REST"},{"data":"hexamod:ParanormalForm","floor":18,"key":"SMITH"},{"data":"hexamod:ThermalTransfer","floor":27,"key":"SMITH"},{"data":"hexamod:PowerFromBeyond","floor":29,"key":"SMITH"},{"data":"hexamod:WildfireWeapon","floor":35,"key":"SMITH"},{"data":"expansioncontent:TimeRipple","floor":44,"key":"SMITH"},{"data":"hexamod:FlamesFromBeyond","floor":54,"key":"SMITH"}],"circlet_count":0,"master_deck":["hexamod:Strike+1","hexamod:Strike+1","hexamod:Defend+1","hexamod:Defend+1","hexamod:Defend","hexamod:Defend","hexamod:Sear+1","hexamod:Float+1","hexamod:BurningTouch+1","hexamod:FlamesFromBeyond+1","hexamod:GhostLash+1","hexamod:PowerFromBeyond+1","hexamod:SpectersWail+1","hexamod:InspiringFlames","hexamod:Hexaguard+1","hexamod:SixthSeal","hexamod:ThermalTransfer+1","hexamod:NightmareStrike+1","hexamod:ParanormalForm+1","hexamod:HeatMetal+1","hexamod:SoulSteal+1","Slimebound:CheckThePlaybook+1","hexamod:BurningTouch+1","hexamod:HeatCrush+1","hexamod:SpectralAdrenaline+1","hexamod:FlamesFromBeyond+1","hexamod:GhostShield","hexamod:WildfireWeapon+1","hexamod:NightmareStrike+1","hexamod:StepThrough+1","expansioncontent:TimeRipple+1","hexamod:NightmareGuise+1","hexamod:Hexaguard+1","hexamod:ThermalTransfer+1","hexamod:ShieldOfDarkness+1","hexamod:SuperheatedStrike+1","hexamod:FlamesFromBeyond+1","hexamod:Hexaguard"],"relics":["hexamod:SpiritBrand","MawBank","Blood Vial","Mercury Hourglass","Pantograph","InkBottle","downfall:HeartBlessingRed","downfall:HeartBlessingGreen","Omamori","Akabeko","Snecko Eye","Nunchaku","Bag of Marbles","TungstenRod","Vajra","downfall:KnowingSkull","Cursed Key","hexamod:JarOfFuel","Toy Ornithopter","downfall:HeartBlessingBlue","Happy Flower","Regal Pillow","Whetstone","HandDrill"],"acts_visited":["Exordium","TheCity","TheBeyond","TheEnding"],"potions_floor_usage":[6,15,16,25,30,33,47,50,55,55,55,55],"damage_taken":[{"damage":0,"enemies":"Small Slimes","floor":2,"turns":4},{"damage":2,"enemies":"Jaw Worm","floor":3,"turns":3},{"damage":24,"enemies":"Gremlin Nob","floor":4,"turns":4},{"damage":16,"enemies":"Lagavulin","floor":6,"turns":4},{"damage":0,"enemies":"downfall:FleeingMerchant","floor":8,"turns":4},{"damage":10,"enemies":"3 Sentries","floor":10,"turns":4},{"damage":0,"enemies":"2 Louse","floor":11,"turns":2},{"damage":6,"enemies":"Lagavulin","floor":13,"turns":4},{"damage":0,"enemies":"Large Slime","floor":14,"turns":5},{"damage":0,"enemies":"Gremlin Gang","floor":15,"turns":3},{"damage":28,"enemies":"downfall:Ironclad","floor":16,"turns":6},{"damage":6,"enemies":"Chosen","floor":19,"turns":3},{"damage":8,"enemies":"Spheric Guardian","floor":20,"turns":4},{"damage":20,"enemies":"Snake Plant","floor":25,"turns":3},{"damage":0,"enemies":"downfall:FleeingMerchant","floor":26,"turns":4},{"damage":0,"enemies":"Centurion and Healer","floor":28,"turns":4},{"damage":6,"enemies":"Slavers","floor":30,"turns":3},{"damage":5,"enemies":"3 Cultists","floor":32,"turns":3},{"damage":17,"enemies":"downfall:Defect","floor":33,"turns":6},{"damage":23,"enemies":"3 Darklings","floor":36,"turns":3},{"damage":0,"enemies":"3 Shapes","floor":37,"turns":2},{"damage":0,"enemies":"Sphere and 2 Shapes","floor":38,"turns":2},{"damage":0,"enemies":"downfall:FleeingMerchant","floor":39,"turns":3},{"damage":1,"enemies":"4 Shapes","floor":40,"turns":1},{"damage":8,"enemies":"Spire Growth","floor":42,"turns":3},{"damage":19,"enemies":"Maw","floor":43,"turns":4},{"damage":0,"enemies":"Giant Head","floor":45,"turns":4},{"damage":10,"enemies":"Transient","floor":46,"turns":5},{"damage":8,"enemies":"Reptomancer","floor":47,"turns":3},{"damage":0,"enemies":"Jaw Worm Horde","floor":48,"turns":3},{"damage":11,"enemies":"4 Shapes","floor":49,"turns":2},{"damage":0,"enemies":"downfall:Watcher","floor":50,"turns":4},{"damage":8,"enemies":"downfall:CharBossMerchant","floor":52,"turns":5},{"damage":31,"enemies":"downfall:NeowBoss","floor":55,"turns":20}],"seed_played":"-5802777061914843528","potions_obtained":[{"floor":3,"key":"Fire Potion"},{"floor":6,"key":"DistilledChaos"},{"floor":10,"key":"CultistPotion"},{"floor":11,"key":"Strength Potion"},{"floor":16,"key":"Fire Potion"},{"floor":25,"key":"Fruit Juice"},{"floor":30,"key":"Fruit Juice"},{"floor":32,"key":"Explosive Potion"},{"floor":33,"key":"Fruit Juice"},{"floor":37,"key":"Strength Potion"},{"floor":43,"key":"Swift Potion"},{"floor":47,"key":"BlessingOfTheForge"},{"floor":52,"key":"EntropicBrew"}],"is_trial":false,"path_per_floor":["R","M","M","?","?","E","T","$","R","E","M","R","E","M","M","B",null,"R","M","M","?","?","?","T","M","$","R","M","R","E","?","M","B",null,"R","M","M","M","$","M","T","M","M","R","E","M","E","M","M","B",null,"E","$","R","B",null],"character_chosen":"THE_SPIRIT","items_purchased":["Bag of Marbles","TungstenRod","hexamod:JarOfFuel","Toy Ornithopter","hexamod:StepThrough","expansioncontent:TimeRipple","HandDrill","hexamod:Hexaguard"],"campfire_rested":2,"item_purchase_floors":[26,26,39,39,39,39,53,53],"current_hp_per_floor":[63,63,61,37,30,16,16,18,39,31,33,54,50,52,54,42,63,63,59,53,40,40,65,65,52,54,54,56,56,57,51,48,63,83,83,62,64,66,68,69,69,67,50,60,62,54,53,55,46,78,95,89,89,89,74],"gold":2,"neow_bonus":"RANDOM_COMMON_RELIC","is_daily":false,"chose_seed":false,"campfire_upgraded":6,"win_rate":0.0,"timestamp":1610224016,"path_taken":["R","M","M","?","?","E","T","$","R","E","M","R","E","M","M","BOSS","R","M","M","?","?","?","T","M","$","R","M","R","E","?","M","BOSS","R","M","M","?","$","M","T","?","M","R","E","?","E","M","M","BOSS","E","$","R","BOSS"],"items_purchased_type":["Relic","Relic","Relic","Relic","Card","Card","Relic","Card"],"build_version":"2020-12-22","purchased_purges":2,"victory":true,"max_hp_per_floor":[70,70,70,70,70,70,70,70,70,70,70,70,70,70,70,70,70,70,70,70,75,75,75,75,80,80,80,80,80,85,85,85,90,90,90,90,90,90,90,90,90,90,90,100,100,100,100,100,100,100,100,100,100,100,100],"card_choices":[{"not_picked":["hexamod:BacktrackSmack","hexamod:ShieldOfDarkness"],"picked":"hexamod:BurningTouch","floor":2},{"not_picked":["hexamod:HauntingEcho","hexamod:EmpoweredFlame"],"picked":"hexamod:FlamesFromBeyond","floor":3},{"not_picked":["hexamod:SecondSeal","hexamod:SwordOfDarkness"],"picked":"hexamod:GhostLash","floor":4},{"not_picked":["hexamod:HauntingEcho","hexamod:GhostLash"],"picked":"hexamod:PowerFromBeyond","floor":6},{"not_picked":["hexamod:ShieldOfDarkness","hexamod:Rewind"],"picked":"hexamod:SpectersWail","floor":8},{"not_picked":["hexamod:GhostOfSpirePresent","hexamod:HauntingEcho"],"picked":"hexamod:InspiringFlames","floor":10},{"not_picked":["hexamod:Again","hexamod:GhostLash"],"picked":"hexamod:Hexaguard","floor":11},{"not_picked":["hexamod:HeatMetal","hexamod:GhostLash"],"picked":"hexamod:SixthSeal","floor":13},{"not_picked":["hexamod:RainOfEmbers","hexamod:PowerFromBeyond"],"picked":"hexamod:ThermalTransfer","floor":14},{"not_picked":["hexamod:NightmareGuise","hexamod:GhostOfSpirePresent","hexamod:NightmareStrike"],"picked":"SKIP","floor":15},{"not_picked":["hexamod:NightmareGuise","hexamod:GhostOfSpirePresent"],"picked":"hexamod:NightmareStrike","floor":15},{"not_picked":["hexamod:GhostflameInferno","hexamod:TimeOfNeed"],"picked":"hexamod:ParanormalForm","floor":16},{"not_picked":["hexamod:AdvancingGuard+1","hexamod:NightmareGuise+1"],"picked":"hexamod:HeatMetal","floor":19},{"not_picked":["hexamod:GhostLash","hexamod:RadiantFlame"],"picked":"hexamod:SoulSteal","floor":20},{"not_picked":["hexamod:RainOfEmbers","hexamod:BacktrackSmack"],"picked":"hexamod:BurningTouch","floor":25},{"not_picked":["hexamod:ChargedBarrage","hexamod:Firestarter"],"picked":"hexamod:HeatCrush+1","floor":26},{"not_picked":["hexamod:InspiringFlames","hexamod:NightmareGuise"],"picked":"hexamod:SpectralAdrenaline","floor":28},{"not_picked":["hexamod:FastForward","hexamod:BurningTouch"],"picked":"hexamod:FlamesFromBeyond","floor":30},{"not_picked":["hexamod:SkipABeat+1","hexamod:CrushingStance"],"picked":"hexamod:GhostShield","floor":32},{"not_picked":["hexamod:UnlimitedPower","hexamod:ApocalypseNow"],"picked":"hexamod:WildfireWeapon","floor":33},{"not_picked":["hexamod:BacktrackSmack","hexamod:GhostOfSpireFuture","hexamod:Firestarter"],"picked":"SKIP","floor":36},{"not_picked":["hexamod:NightmareStrike+1","hexamod:BacktrackSmack","hexamod:Firestarter"],"picked":"SKIP","floor":37},{"not_picked":["hexamod:BacktrackSmack","hexamod:Firestarter"],"picked":"hexamod:NightmareStrike+1","floor":37},{"not_picked":["hexamod:ThirdSeal","hexamod:HauntingEcho","hexamod:FourthSeal"],"picked":"SKIP","floor":38},{"not_picked":["hexamod:FastForward+1","hexamod:Rewind+1","hexamod:GhostOfSpirePresent"],"picked":"SKIP","floor":39},{"not_picked":["hexamod:SixthSeal","hexamod:BurningTouch+1"],"picked":"hexamod:NightmareGuise","floor":40},{"not_picked":["hexamod:HauntingEcho+1","hexamod:ThermalTransfer"],"picked":"hexamod:Hexaguard+1","floor":42},{"not_picked":["hexamod:InspiringFlames+1","hexamod:AdvancingGuard","hexamod:SpectersWail"],"picked":"SKIP","floor":43},{"not_picked":["hexamod:RainOfEmbers+1","hexamod:Firestarter+1","hexamod:GhostOfSpirePresent+1"],"picked":"SKIP","floor":45},{"not_picked":["hexamod:BacktrackSmack+1","hexamod:InspiringFlames","hexamod:AdvancingGuard+1"],"picked":"SKIP","floor":46},{"not_picked":["hexamod:TimeOfNeed","hexamod:InspiringFlames+1"],"picked":"hexamod:ThermalTransfer+1","floor":47},{"not_picked":["hexamod:SoulSteal+1","hexamod:InspiringFlames+1"],"picked":"hexamod:ShieldOfDarkness+1","floor":48},{"not_picked":["hexamod:EtherealExpedition+1","hexamod:NightmareGuise"],"picked":"hexamod:SuperheatedStrike","floor":49},{"not_picked":["hexamod:BurningTouch","hexamod:SpectralSpark+1"],"picked":"hexamod:FlamesFromBeyond","floor":52}],"player_experience":999032,"relics_obtained":[{"floor":4,"key":"Blood Vial"},{"floor":6,"key":"Pantograph"},{"floor":7,"key":"InkBottle"},{"floor":10,"key":"Omamori"},{"floor":13,"key":"Akabeko"},{"floor":24,"key":"Nunchaku"},{"floor":30,"key":"Vajra"},{"floor":45,"key":"Happy Flower"},{"floor":47,"key":"Regal Pillow"},{"floor":52,"key":"Whetstone"}],"event_choices":[{"damage_healed":0,"gold_gain":0,"player_choice":"Success","damage_taken":7,"relics_obtained":["Mercury Hourglass"],"max_hp_gain":0,"max_hp_loss":0,"event_name":"Scrap Ooze","floor":5,"gold_loss":0},{"damage_healed":25,"gold_gain":0,"player_choice":"Heal","damage_taken":0,"max_hp_gain":0,"max_hp_loss":0,"event_name":"The Library","floor":23,"gold_loss":0}],"is_beta":false,"boss_relics":[{"not_picked":["Velvet Choker","Black Star"],"picked":"Snecko Eye"},{"not_picked":["Calling Bell","SlaversCollar"],"picked":"Cursed Key"}],"items_purged_floors":[26,39],"is_endless":false,"potions_floor_spawned":[3,6,10,11,16,25,30,32,33,37,40,43,46,47,52],"ascension_level":8}}