{"host":"o7j6aatxjwpw1421","time":1610208071,"event":{"mods":["2.2 Compatiblity","AchievementEnabler","BaseMod","Colored Map","DeckTracker","Highlight Path","Keyboard Shortcuts","Minty Spire (QoL Compilation)","Permanent Neow","Quick Restart","StSLib","SuperFastMode","everything is the same but u backflip on backflip"],"gold_per_floor":[113,113,113,137,153,153,228,244,244,283,283,283,283,299,299,388,388,409,254,274,297,25,25,58,58,84,98,122,135,160,180,180,276,276,294,318,318,342,217,217,250,264,264,289,289,3,3,21,21,21,21,21],"floor_reached":51,"playtime":2876,"items_purged":["Strike_G","Strike_G","Defend_G"],"score":1456,"play_id":"4459b5fb-2952-4ee3-a98b-5bd7ce1c32be","local_time":"20210110010111","is_ascension_mode":true,"campfire_choices":[{"data":"Crippling Poison","floor":6.0,"key":"SMITH"},{"floor":11.0,"key":"REST"},{"floor":13.0,"key":"REST"},{"data":"Burst","floor":15.0,"key":"SMITH"},{"data":"Adrenaline","floor":23.0,"key":"SMITH"},{"floor":25.0,"key":"REST"},{"floor":32.0,"key":"REST"},{"data":"Catalyst","floor":40.0,"key":"SMITH"},{"data":"Catalyst","floor":47.0,"key":"SMITH"},{"data":"Sadistic Nature","floor":49.0,"key":"SMITH"}],"circlet_count":0,"master_deck":["AscendersBane","Defend_G","Defend_G+1","Survivor","Neutralize+1","Deadly Poison","Crippling Poison+1","PiercingWail","Burst+1","Catalyst+1","Adrenaline+1","Catalyst+1","Prepared","Blur","Dodge and Roll+1","Distraction+1","Blade Dance+1","Dodge and Roll+1","Footwork+1","Adrenaline","Escape Plan","Sadistic Nature+1","Flash of Steel"],"relics":["Ring of the Snake","Golden Idol","Gremlin Horn","Kunai","SacredBark","Snake Skull","Blood Vial","Whetstone","Astrolabe","Blue Candle","Boot"],"acts_visited":["TheCity","TheBeyond"],"potions_floor_usage":[50,50],"damage_taken":[{"damage":2.0,"enemies":"2 Louse","floor":1.0,"turns":3.0},{"damage":1.0,"enemies":"Jaw Worm","floor":4.0,"turns":4.0},{"damage":0.0,"enemies":"Cultist","floor":5.0,"turns":5.0},{"damage":3.0,"enemies":"Red Slaver","floor":8.0,"turns":4.0},{"damage":3.0,"enemies":"Lagavulin","floor":10.0,"turns":6.0},{"damage":0.0,"enemies":"Gremlin Gang","floor":14.0,"turns":4.0},{"damage":22.0,"enemies":"The Guardian","floor":16.0,"turns":9.0},{"damage":0.0,"enemies":"2 Thieves","floor":18.0,"turns":4.0},{"damage":10.0,"enemies":"3 Byrds","floor":20.0,"turns":4.0},{"damage":11.0,"enemies":"Snecko","floor":21.0,"turns":5.0},{"damage":27.0,"enemies":"Slavers","floor":24.0,"turns":8.0},{"damage":8.0,"enemies":"Snake Plant","floor":27.0,"turns":3.0},{"damage":0.0,"enemies":"Centurion and Healer","floor":28.0,"turns":8.0},{"damage":6.0,"enemies":"Chosen and Byrds","floor":29.0,"turns":3.0},{"damage":0.0,"enemies":"Cultist and Chosen","floor":30.0,"turns":3.0},{"damage":0.0,"enemies":"Snake Plant","floor":31.0,"turns":3.0},{"damage":31.0,"enemies":"Automaton","floor":33.0,"turns":7.0},{"damage":0.0,"enemies":"3 Shapes","floor":35.0,"turns":4.0},{"damage":7.0,"enemies":"3 Darklings","floor":36.0,"turns":6.0},{"damage":0.0,"enemies":"Maw","floor":38.0,"turns":4.0},{"damage":0.0,"enemies":"Giant Head","floor":41.0,"turns":4.0},{"damage":0.0,"enemies":"Jaw Worm Horde","floor":42.0,"turns":2.0},{"damage":6.0,"enemies":"Writhing Mass","floor":44.0,"turns":4.0},{"damage":0.0,"enemies":"Transient","floor":48.0,"turns":6.0},{"damage":38,"enemies":"Awakened One","floor":50,"turns":15},{"damage":29,"enemies":"Donu and Deca","floor":51,"turns":3}],"seed_played":"-4486733243256287124","potions_obtained":[{"floor":4.0,"key":"SneckoOil"},{"floor":8.0,"key":"BlessingOfTheForge"},{"floor":14.0,"key":"Poison Potion"},{"floor":21.0,"key":"Explosive Potion"},{"floor":24.0,"key":"ColorlessPotion"},{"floor":28.0,"key":"Energy Potion"},{"floor":30.0,"key":"LiquidMemories"},{"floor":31.0,"key":"Explosive Potion"},{"floor":33.0,"key":"SpeedPotion"},{"floor":38.0,"key":"Weak Potion"},{"floor":41.0,"key":"ColorlessPotion"},{"floor":48.0,"key":"Block Potion"}],"is_trial":false,"path_per_floor":["M","?","?","M","M","R","?","M","T","E","R","?","R","M","R","B",null,"M","$","M","M","$","R","E","R","T","M","M","M","M","M","R","B",null,"M","M","?","M","$","R","E","M","T","M","$","$","R","M","R","B","B"],"character_chosen":"THE_SILENT","items_purchased":["Catalyst","Snake Skull","Sadistic Nature","Flash of Steel"],"campfire_rested":4,"item_purchase_floors":[19,22,46,46],"current_hp_per_floor":[57,57,34,33,33,33,22,19,19,16,35,15,34,34,34,12,53,53,53,43,32,32,32,5,24,24,18,20,16,18,20,39,10,52,54,49,66,66,66,66,66,66,66,60,60,60,60,62,62,26,0,0],"gold":21,"neow_bonus":"REMOVE_CARD","is_daily":false,"chose_seed":false,"campfire_upgraded":6,"win_rate":0.0,"timestamp":1610208071,"path_taken":["M","?","?","?","M","R","?","M","T","E","R","?","R","M","R","BOSS","M","$","M","M","$","R","E","R","T","M","M","M","M","M","R","BOSS","M","M","?","?","$","R","E","M","T","M","?","$","R","M","R","BOSS","BOSS"],"items_purchased_type":["Card","Relic","Card","Card"],"build_version":"2020-12-22","purchased_purges":3,"victory":false,"max_hp_per_floor":[66,66,66,66,66,66,66,66,66,66,66,66,66,66,66,66,66,66,66,66,66,66,66,66,66,66,66,66,66,66,66,66,66,66,66,66,66,66,66,66,66,66,66,66,66,66,66,66,66,66,66,66],"card_choices":[{"not_picked":["Blade Dance","Dagger Throw"],"picked":"Deadly Poison","floor":1.0},{"not_picked":["Flechettes","Backstab"],"picked":"Crippling Poison","floor":4.0},{"not_picked":["Endless Agony","Backflip","Terror"],"picked":"SKIP","floor":5.0},{"not_picked":["Caltrops","Dodge and Roll"],"picked":"PiercingWail","floor":8.0},{"not_picked":["Prepared","Quick Slash"],"picked":"Burst","floor":10.0},{"not_picked":["Dodge and Roll","Skewer"],"picked":"Catalyst","floor":14.0},{"not_picked":["Venomology","Corpse Explosion"],"picked":"Adrenaline","floor":16.0},{"not_picked":["Poisoned Stab","Dodge and Roll","Blade Dance"],"picked":"SKIP","floor":18.0},{"not_picked":["Deflect","Deadly Poison+1","Slice"],"picked":"SKIP","floor":20.0},{"not_picked":["Dodge and Roll","Sucker Punch"],"picked":"Prepared","floor":21.0},{"not_picked":["Finisher","Setup"],"picked":"Blur","floor":24.0},{"not_picked":["Sucker Punch+1","Blur","Deadly Poison"],"picked":"SKIP","floor":27.0},{"not_picked":["Choke+1","PiercingWail","Outmaneuver"],"picked":"SKIP","floor":28.0},{"not_picked":["Flying Knee","Skewer","Poisoned Stab+1"],"picked":"SKIP","floor":29.0},{"not_picked":["Outmaneuver","Poisoned Stab+1","Deflect"],"picked":"SKIP","floor":30.0},{"not_picked":["Outmaneuver","Poisoned Stab+1","Deflect"],"picked":"SKIP","floor":30.0},{"not_picked":["Malaise","Outmaneuver"],"picked":"Dodge and Roll+1","floor":31.0},{"not_picked":["Outmaneuver","Sucker Punch","PiercingWail"],"picked":"SKIP","floor":35.0},{"not_picked":["Blade Dance","Deadly Poison"],"picked":"Footwork+1","floor":36.0},{"not_picked":["Prepared+1","Leg Sweep"],"picked":"Adrenaline","floor":38.0},{"not_picked":["Underhanded Strike","Dagger Throw"],"picked":"Escape Plan","floor":41.0},{"not_picked":["Flechettes","Expertise","Slice+1"],"picked":"SKIP","floor":42.0},{"not_picked":["Caltrops","Dagger Throw+1","PiercingWail+1"],"picked":"SKIP","floor":44.0},{"not_picked":["Deflect","Storm of Steel","Poisoned Stab+1"],"picked":"SKIP","floor":48.0}],"player_experience":466505,"relics_obtained":[{"floor":9.0,"key":"Gremlin Horn"},{"floor":10.0,"key":"Kunai"},{"floor":24.0,"key":"Blood Vial"},{"floor":26.0,"key":"Whetstone"},{"floor":41.0,"key":"Blue Candle"},{"floor":43.0,"key":"Boot"}],"event_choices":[{"cards_removed":["Defend_G"],"damage_healed":0.0,"max_hp_gain":0.0,"max_hp_loss":0.0,"gold_gain":0.0,"event_name":"Living Wall","player_choice":"Forget","floor":2.0,"gold_loss":0.0,"damage_taken":0.0},{"damage_healed":0.0,"max_hp_gain":0.0,"max_hp_loss":0.0,"gold_gain":0.0,"event_name":"Golden Idol","player_choice":"Take Damage","floor":3.0,"gold_loss":0.0,"damage_taken":23.0,"relics_obtained":["Golden Idol"]},{"damage_healed":0.0,"max_hp_gain":0.0,"max_hp_loss":0.0,"gold_gain":75.0,"event_name":"World of Goop","player_choice":"Gather Gold","floor":7.0,"gold_loss":0.0,"damage_taken":11.0},{"damage_healed":0.0,"max_hp_gain":0.0,"max_hp_loss":0.0,"gold_gain":0.0,"event_name":"Shining Light","player_choice":"Entered Light","floor":12.0,"gold_loss":0.0,"damage_taken":20.0,"cards_upgraded":["Strike_G","Defend_G"]},{"damage_healed":17.0,"max_hp_gain":0.0,"max_hp_loss":0.0,"gold_gain":0.0,"event_name":"Wheel of Change","player_choice":"Full Heal","floor":37.0,"gold_loss":0.0,"damage_taken":0.0}],"is_beta":false,"boss_relics":[{"not_picked":["Ectoplasm","Philosopher\u0027s Stone"],"picked":"SacredBark"},{"not_picked":["Runic Dome","Snecko Eye"],"picked":"Astrolabe"}],"items_purged_floors":[19,22,39],"is_endless":false,"potions_floor_spawned":[4,8,14,21,24,28,30,31,33,38,41,48],"killed_by":"Donu and Deca","ascension_level":20}}