{"host":"4rvakrj1idbgia3f","time":1610177824,"event":{"mods":["BaseMod","Colored Map","Colored Powertips","DeckTracker","Highlight Path","Minty Spire (QoL Compilation)","Random Character Button","StSLib"],"gold_per_floor":[114,39,59,59,78,78,111,111,137,154,154,174,13,47,47,121,121,137,137,154,54,54,54,89,89,166,166,198,216,216,233,233,233,233],"floor_reached":33,"playtime":1151,"items_purged":["Defend_G","Strike_G"],"score":636,"play_id":"d39f6f9f-f824-4298-82cc-20f68f4cd5dd","local_time":"20210109163704","is_ascension_mode":true,"campfire_choices":[{"data":"Underhanded Strike","floor":6,"key":"SMITH"},{"data":"Neutralize","floor":8,"key":"SMITH"},{"floor":11,"key":"REST"},{"data":"1","floor":15,"key":"LIFT"},{"data":"2","floor":23,"key":"LIFT"},{"data":"3","floor":25,"key":"LIFT"},{"floor":27,"key":"REST"},{"data":"Storm of Steel","floor":30,"key":"SMITH"},{"data":"Footwork","floor":32,"key":"SMITH"}],"circlet_count":0,"master_deck":["AscendersBane","Strike_G","Strike_G","Strike_G","Defend_G","Defend_G","Defend_G","Defend_G","Survivor","Neutralize+1","PiercingWail","Backstab","Underhanded Strike+1","Quick Slash","Deadly Poison","Adrenaline","Adrenaline","Footwork+1","Adrenaline","Storm of Steel+1","Noxious Fumes","Well Laid Plans","PiercingWail","Corpse Explosion","Dodge and Roll","Reflex"],"relics":["Ring of the Snake","NeowsBlessing","Happy Flower","PreservedInsect","Girya","SlaversCollar","Vajra","Darkstone Periapt"],"acts_visited":["Exordium","TheCity"],"potions_floor_usage":[7,14,14,18,24,28,33],"damage_taken":[{"damage":0,"enemies":"Cultist","floor":1,"turns":1},{"damage":0,"enemies":"2 Louse","floor":3,"turns":1},{"damage":0,"enemies":"Jaw Worm","floor":5,"turns":1},{"damage":55,"enemies":"Gremlin Nob","floor":7,"turns":5},{"damage":0,"enemies":"Exordium Thugs","floor":10,"turns":4},{"damage":2,"enemies":"Blue Slaver","floor":12,"turns":3},{"damage":0,"enemies":"Lagavulin","floor":14,"turns":2},{"damage":10,"enemies":"The Guardian","floor":16,"turns":13},{"damage":0,"enemies":"Spheric Guardian","floor":18,"turns":3},{"damage":19,"enemies":"Shell Parasite","floor":20,"turns":7},{"damage":17,"enemies":"Slavers","floor":24,"turns":4},{"damage":7,"enemies":"Book of Stabbing","floor":28,"turns":4},{"damage":10,"enemies":"Snecko","floor":29,"turns":5},{"damage":6,"enemies":"Centurion and Healer","floor":31,"turns":4},{"damage":31,"enemies":"Automaton","floor":33,"turns":6}],"seed_played":"-5438608928565298535","potions_obtained":[{"floor":1,"key":"Swift Potion"},{"floor":10,"key":"Strength Potion"},{"floor":12,"key":"AttackPotion"},{"floor":14,"key":"CunningPotion"},{"floor":18,"key":"Swift Potion"},{"floor":24,"key":"Swift Potion"},{"floor":29,"key":"Swift Potion"},{"floor":31,"key":"SteroidPotion"}],"is_trial":false,"path_per_floor":["M","$","M","?","M","R","E","R","T","M","R","M","$","E","R","B",null,"M","?","M","$","?","R","E","R","T","R","E","M","R","M","R","B"],"character_chosen":"THE_SILENT","items_purchased":["Adrenaline","Footwork"],"campfire_rested":2,"item_purchase_floors":[13,13],"current_hp_per_floor":[59,59,59,59,59,59,4,4,4,4,23,21,21,21,21,11,52,52,52,33,33,33,33,16,16,16,35,28,18,18,12,12,0,0],"gold":233,"neow_bonus":"THREE_ENEMY_KILL","is_daily":false,"chose_seed":false,"campfire_upgraded":4,"win_rate":0.0,"timestamp":1610177824,"path_taken":["M","?","M","?","M","R","E","R","T","M","R","M","$","E","R","BOSS","M","?","M","?","?","R","E","R","T","R","E","?","R","M","R","BOSS"],"items_purchased_type":["Card","Card"],"build_version":"2020-12-22","purchased_purges":2,"victory":false,"max_hp_per_floor":[66,66,66,66,66,66,66,66,66,66,66,66,66,66,66,66,66,66,66,66,66,66,66,66,66,66,66,66,66,66,66,66,66,66],"card_choices":[{"not_picked":["Setup","Choke"],"picked":"PiercingWail","floor":1},{"not_picked":["Calculated Gamble","Eviscerate"],"picked":"Backstab","floor":3},{"not_picked":["Accuracy","Bane"],"picked":"Underhanded Strike","floor":5},{"not_picked":["Dodge and Roll","Well Laid Plans"],"picked":"Quick Slash","floor":7},{"not_picked":["Endless Agony","Deflect"],"picked":"Deadly Poison","floor":10},{"not_picked":["Concentrate","Acrobatics"],"picked":"Adrenaline","floor":12},{"not_picked":["Leg Sweep","Prepared"],"picked":"Adrenaline","floor":14},{"not_picked":["Phantasmal Killer","Tools of the Trade"],"picked":"Storm of Steel","floor":16},{"not_picked":["Poisoned Stab","Flying Knee"],"picked":"Noxious Fumes","floor":18},{"not_picked":["Underhanded Strike","Quick Slash","Deflect"],"picked":"SKIP","floor":20},{"not_picked":["Underhanded Strike","Catalyst"],"picked":"PiercingWail","floor":24},{"not_picked":["All Out Attack","Catalyst"],"picked":"Corpse Explosion","floor":28},{"not_picked":["Dagger Throw","Sucker Punch"],"picked":"Dodge and Roll","floor":29},{"not_picked":["Outmaneuver","Sucker Punch"],"picked":"Reflex","floor":31}],"player_experience":1977242,"relics_obtained":[{"floor":7,"key":"Happy Flower"},{"floor":9,"key":"PreservedInsect"},{"floor":14,"key":"Girya"},{"floor":24,"key":"Vajra"},{"floor":28,"key":"Darkstone Periapt"}],"event_choices":[{"damage_healed":0,"gold_gain":0,"player_choice":"Ignored","damage_taken":0,"max_hp_gain":0,"max_hp_loss":0,"event_name":"Liars Game","floor":4,"gold_loss":0},{"damage_healed":0,"gold_gain":0,"player_choice":"Ignored","damage_taken":0,"max_hp_gain":0,"max_hp_loss":0,"event_name":"Cursed Tome","floor":19,"gold_loss":0},{"damage_healed":0,"gold_gain":0,"cards_transformed":["Strike_G"],"player_choice":"Transformed","damage_taken":0,"max_hp_gain":0,"max_hp_loss":0,"event_name":"Transmorgrifier","floor":22,"gold_loss":0,"cards_obtained":["Well Laid Plans"]}],"is_beta":false,"boss_relics":[{"not_picked":["Black Star","Tiny House"],"picked":"SlaversCollar"}],"items_purged_floors":[2,21],"is_endless":false,"potions_floor_spawned":[1,10,12,14,18,24,29,31],"killed_by":"Automaton","ascension_level":20}}