{"host":"25fn74ijs2305xd4","time":1610193527,"event":{"mods":["AchievementEnabler","BaseMod","Colored Map","Colored Powertips","Minty Spire (QoL Compilation)","Relic Stats","StSLib"],"gold_per_floor":[360,39,114,114,129,156,156,156,180,180,205,225,256,270,270,373,373,383,30,50,63,74,74,100,100,146,146,146,71,32,61,61,159,209,224,224,277,296,313,313,340,340,340,402,414,454,25,39,39,39],"floor_reached":51,"playtime":2751,"items_purged":["Strike_G","Strike_G"],"score":1028,"play_id":"482df0c8-b68d-4af8-ae82-1db8f042ead6","local_time":"20210109125847","is_ascension_mode":true,"campfire_choices":[{"floor":7,"key":"REST"},{"data":"Neutralize","floor":10,"key":"SMITH"},{"data":"Finisher","floor":15,"key":"SMITH"},{"data":"Infinite Blades","floor":23,"key":"SMITH"},{"data":"Footwork","floor":25,"key":"SMITH"},{"floor":27,"key":"REST"},{"data":"Endless Agony","floor":32,"key":"SMITH"},{"data":"Endless Agony","floor":40,"key":"SMITH"},{"floor":42,"key":"RECALL"},{"data":"After Image","floor":49,"key":"SMITH"}],"circlet_count":0,"master_deck":["Strike_G","Strike_G","Strike_G","Defend_G","Defend_G","Defend_G+1","Defend_G","Survivor","Neutralize+1","Predator+1","Blur+1","PiercingWail+1","Dodge and Roll+1","Terror+1","Endless Agony+1","Finisher+1","After Image+1","Distraction+1","Footwork+1","Prepared+1","Blade Dance+1","Blade Dance+1","Infinite Blades+1","Blur+1","Endless Agony+1","Infinite Blades","Malaise+1","Blade Dance+1","Backflip+1","Poisoned Stab+1","Blade Dance+1","Riddle With Holes+1","Caltrops+1","Blade Dance+1","Flying Knee+1"],"relics":["Ring of the Snake","Toxic Egg 2","Thread and Needle","Bag of Preparation","Happy Flower","Ancient Tea Set","WristBlade","Toolbox","Matryoshka","Smiling Mask","PreservedInsect","Ornamental Fan","Juzu Bracelet","Tiny House","Pocketwatch","Lizard Tail","Shuriken","MawBank","Mango","Bottled Flame","Chemical X","Paper Crane"],"acts_visited":["Exordium","TheCity","TheBeyond"],"potions_floor_usage":[6,37,39,46,50,50,50],"damage_taken":[{"damage":0,"enemies":"Small Slimes","floor":1,"turns":4},{"damage":1,"enemies":"2 Louse","floor":5,"turns":3},{"damage":26,"enemies":"Lagavulin","floor":6,"turns":13},{"damage":0,"enemies":"3 Sentries","floor":11,"turns":12},{"damage":0,"enemies":"Cultist","floor":12,"turns":3},{"damage":1,"enemies":"Gremlin Nob","floor":13,"turns":4},{"damage":0,"enemies":"2 Fungi Beasts","floor":14,"turns":2},{"damage":0,"enemies":"The Guardian","floor":16,"turns":10},{"damage":0,"enemies":"Spheric Guardian","floor":18,"turns":1},{"damage":0,"enemies":"2 Thieves","floor":20,"turns":3},{"damage":0,"enemies":"Snake Plant","floor":21,"turns":4},{"damage":2,"enemies":"Cultist and Chosen","floor":22,"turns":3},{"damage":25,"enemies":"Gremlin Leader","floor":24,"turns":4},{"damage":3,"enemies":"Slavers","floor":31,"turns":3},{"damage":0,"enemies":"Collector","floor":33,"turns":7},{"damage":3,"enemies":"Orb Walker","floor":35,"turns":2},{"damage":0,"enemies":"2 Orb Walkers","floor":37,"turns":4},{"damage":0,"enemies":"3 Shapes","floor":38,"turns":4},{"damage":3,"enemies":"Maw","floor":39,"turns":4},{"damage":0,"enemies":"Nemesis","floor":41,"turns":3},{"damage":0,"enemies":"Mind Bloom Boss Battle","floor":44,"turns":4},{"damage":5,"enemies":"Reptomancer","floor":46,"turns":4},{"damage":0,"enemies":"Spire Growth","floor":48,"turns":3},{"damage":8,"enemies":"Time Eater","floor":50,"turns":9}],"seed_played":"113550207946859999","potions_obtained":[{"floor":1,"key":"SkillPotion"},{"floor":11,"key":"Regen Potion"},{"floor":13,"key":"BlessingOfTheForge"},{"floor":22,"key":"FearPotion"},{"floor":31,"key":"ColorlessPotion"},{"floor":34,"key":"Explosive Potion"},{"floor":37,"key":"Block Potion"},{"floor":41,"key":"Poison Potion"},{"floor":46,"key":"BlessingOfTheForge"},{"floor":48,"key":"Block Potion"}],"is_trial":false,"path_per_floor":["M","$","?","?","M","E","R","$","T","R","E","M","E","M","R","B",null,"M","$","M","M","M","R","E","R","T","R","?","?","$","E","R","B",null,"M","?","?","M","M","R","E","R","T","?","?","E","$","M","R","B",null],"character_chosen":"THE_SILENT","items_purchased":["Toxic Egg 2","Footwork","Discovery+1","Toolbox","Prepared+1","Endless Agony","Chemical X","Paper Crane"],"campfire_rested":2,"item_purchase_floors":[2,19,19,19,19,30,47,47],"current_hp_per_floor":[63,63,52,52,51,25,43,43,43,43,43,43,42,42,42,42,63,63,63,63,63,61,61,36,36,36,54,54,54,54,51,51,51,68,65,65,65,65,62,62,62,62,62,76,76,71,71,71,71,63],"gold":39,"neow_bonus":"TWO_FIFTY_GOLD","is_daily":false,"chose_seed":false,"campfire_upgraded":7,"win_rate":0.0,"timestamp":1610193527,"path_taken":["M","$","?","?","M","E","R","$","T","R","E","M","E","M","R","BOSS","M","?","M","M","M","R","E","R","T","R","?","?","$","E","R","BOSS","M","?","?","M","M","R","E","R","T","?","?","E","$","M","R","BOSS"],"items_purchased_type":["Relic","Card","Card","Relic","Card","Card","Relic","Relic"],"build_version":"2020-12-22","purchased_purges":2,"victory":true,"max_hp_per_floor":[63,63,63,63,63,63,63,63,63,63,63,63,63,63,63,63,63,63,63,63,63,63,63,63,63,63,63,63,63,63,63,63,63,68,68,68,68,68,68,68,68,68,68,82,82,82,82,82,82,82],"relic_stats":{"Happy Flower":[27],"counters":[24,113],"PreservedInsect":145,"Bag of Preparation":[36],"Juzu Bracelet":0,"Smiling Mask":50,"MawBank":48,"Lizard Tail":0,"Ornamental Fan":[212],"Shuriken":[20],"Chemical X":[2],"obtain_stats":[{"Tiny House":34,"Happy Flower":11,"Thread and Needle":6,"Mango":44,"PreservedInsect":26,"Bag of Preparation":9,"Juzu Bracelet":31,"Paper Crane":47,"Ancient Tea Set":13,"Smiling Mask":26,"MawBank":43,"Lizard Tail":41,"Bottled Flame":46,"Matryoshka":24,"WristBlade":17,"Ornamental Fan":28,"Shuriken":43,"Toolbox":19,"Chemical X":47,"Toxic Egg 2":2,"Ring of the Snake":0,"Pocketwatch":37},{"Tiny House":15,"Happy Flower":4,"Thread and Needle":3,"Mango":21,"PreservedInsect":13,"Bag of Preparation":3,"Juzu Bracelet":14,"Paper Crane":22,"Ancient Tea Set":6,"Smiling Mask":13,"MawBank":20,"Lizard Tail":20,"Bottled Flame":22,"Matryoshka":13,"WristBlade":8,"Ornamental Fan":13,"Shuriken":20,"Toolbox":9,"Chemical X":22,"Toxic Egg 2":1,"Ring of the Snake":0,"Pocketwatch":17},{"Tiny House":76,"Happy Flower":32,"Thread and Needle":20,"Mango":97,"PreservedInsect":66,"Bag of Preparation":20,"Juzu Bracelet":69,"Paper Crane":101,"Ancient Tea Set":39,"Smiling Mask":66,"MawBank":93,"Lizard Tail":93,"Bottled Flame":101,"Matryoshka":66,"WristBlade":51,"Ornamental Fan":66,"Shuriken":93,"Toolbox":52,"Chemical X":101,"Toxic Egg 2":4,"Ring of the Snake":0,"Pocketwatch":82}],"Ring of the Snake":[50],"Pocketwatch":[3]},"card_choices":[{"not_picked":["Dodge and Roll","Deadly Poison"],"picked":"Predator","floor":1},{"not_picked":["Choke","Reflex+1"],"picked":"Blur+1","floor":5},{"not_picked":["Escape Plan+1","Bane"],"picked":"PiercingWail+1","floor":6},{"not_picked":["Reflex+1","Prepared+1"],"picked":"Dodge and Roll+1","floor":11},{"not_picked":["Dagger Spray","Bane"],"picked":"Terror+1","floor":12},{"not_picked":["Deflect+1","Skewer"],"picked":"Endless Agony","floor":13},{"not_picked":["Poisoned Stab","Underhanded Strike"],"picked":"Finisher","floor":14},{"not_picked":["Adrenaline+1","Venomology+1"],"picked":"After Image","floor":16},{"not_picked":["Backflip+1","Bane"],"picked":"Distraction+1","floor":18},{"not_picked":["Bane","Underhanded Strike"],"picked":"Blade Dance+1","floor":20},{"not_picked":["Expertise+1","Dagger Spray"],"picked":"Blade Dance+1","floor":21},{"not_picked":["Terror+1","Dash"],"picked":"Infinite Blades","floor":22},{"not_picked":["Acrobatics+1","Deadly Poison+1"],"picked":"Blur+1","floor":24},{"not_picked":["Catalyst+1","Doppelganger+1"],"picked":"Infinite Blades","floor":31},{"not_picked":["Venomology+1","Wraith Form v2"],"picked":"Malaise+1","floor":33},{"not_picked":["Flying Knee","Bane"],"picked":"Blade Dance+1","floor":34},{"not_picked":["Underhanded Strike+1","Acrobatics+1"],"picked":"Backflip+1","floor":35},{"not_picked":["Escape Plan+1","Dodge and Roll+1"],"picked":"Poisoned Stab+1","floor":37},{"not_picked":["Catalyst+1","Quick Slash"],"picked":"Blade Dance+1","floor":38},{"not_picked":["Dagger Spray","Deflect+1"],"picked":"Riddle With Holes+1","floor":39},{"not_picked":["Bane+1","Finisher+1"],"picked":"Caltrops+1","floor":41},{"not_picked":["Dagger Spray+1","Die Die Die"],"picked":"Blade Dance+1","floor":44},{"not_picked":["Deadly Poison+1","Expertise+1"],"picked":"Flying Knee+1","floor":46},{"not_picked":["Bane+1","Outmaneuver+1","Poisoned Stab"],"picked":"SKIP","floor":48}],"player_experience":30875,"relics_obtained":[{"floor":6,"key":"Thread and Needle"},{"floor":9,"key":"Bag of Preparation"},{"floor":11,"key":"Happy Flower"},{"floor":13,"key":"Ancient Tea Set"},{"floor":24,"key":"Matryoshka"},{"floor":26,"key":"Smiling Mask"},{"floor":26,"key":"PreservedInsect"},{"floor":31,"key":"Juzu Bracelet"},{"floor":37,"key":"Pocketwatch"},{"floor":41,"key":"Lizard Tail"},{"floor":43,"key":"Shuriken"},{"floor":43,"key":"MawBank"},{"floor":44,"key":"Mango"},{"floor":46,"key":"Bottled Flame"}],"event_choices":[{"damage_healed":0,"gold_gain":75,"player_choice":"Gather Gold","damage_taken":11,"max_hp_gain":0,"max_hp_loss":0,"event_name":"World of Goop","floor":3,"gold_loss":0},{"damage_healed":0,"gold_gain":0,"player_choice":"Upgraded","damage_taken":0,"max_hp_gain":0,"max_hp_loss":0,"event_name":"Upgrade Shrine","floor":4,"gold_loss":0,"cards_upgraded":["Predator"]},{"damage_healed":0,"gold_gain":0,"player_choice":"Opened","damage_taken":0,"relics_obtained":["Ornamental Fan"],"max_hp_gain":0,"max_hp_loss":0,"event_name":"The Mausoleum","floor":28,"gold_loss":0},{"cards_removed":["Defend_G"],"damage_healed":0,"gold_gain":0,"player_choice":"Gave Gold","damage_taken":0,"max_hp_gain":0,"max_hp_loss":0,"event_name":"Beggar","floor":29,"gold_loss":75},{"cards_removed":["Discovery"],"damage_healed":0,"gold_gain":0,"player_choice":"Removed Skill","damage_taken":0,"max_hp_gain":0,"max_hp_loss":0,"event_name":"Falling","floor":36,"gold_loss":0},{"damage_healed":0,"gold_gain":0,"player_choice":"Fight","damage_taken":0,"max_hp_gain":0,"max_hp_loss":0,"event_name":"Mysterious Sphere","floor":37,"gold_loss":0},{"damage_healed":0,"gold_gain":0,"player_choice":"Fight","damage_taken":0,"max_hp_gain":0,"max_hp_loss":0,"event_name":"MindBloom","floor":44,"gold_loss":0},{"damage_healed":0,"gold_gain":0,"player_choice":"Ignored","damage_taken":0,"max_hp_gain":0,"max_hp_loss":0,"event_name":"Tomb of Lord Red Mask","floor":45,"gold_loss":0}],"is_beta":false,"boss_relics":[{"not_picked":["Ring of the Serpent","Black Star"],"picked":"WristBlade"},{"not_picked":["Cursed Key","Snecko Eye"],"picked":"Tiny House"}],"items_purged_floors":[2,47],"is_endless":false,"potions_floor_spawned":[1,11,13,22,31,33,37,41,44,46,48],"ascension_level":1}}