{"host":"dm4yvegl9um2tlqd","time":1610199343,"event":{"mods":["2.2 Compatiblity","BaseMod","Colored Map","DeckTracker","Highlight Path","KOR Keyword Fix","Keyboard Shortcuts","Minty Spire (QoL Compilation)","Permanent Neow","Quick Restart","Random Character Button","StSLib","SuperFastMode","everything is the same but u backflip on backflip"],"gold_per_floor":[109,127,147,165,165,165,195,195,219,219,65,80,5,40,40,139,139,155,80,180,197,210,210,210,210,210,237,237,257,257,269,269,366,366,384,404,415,59,79,111,127,142,142,142,170,170,45,60,60,60],"floor_reached":51,"playtime":2346,"items_purged":["Strike_R","Cleave+1","Battle Trance+1"],"score":826,"play_id":"cffc8f86-e84d-42a2-8dc5-10fc42559b87","local_time":"20210109223543","is_ascension_mode":true,"campfire_choices":[{"data":"Thunderclap","floor":6.0,"key":"SMITH"},{"data":"Dark Embrace","floor":8.0,"key":"SMITH"},{"data":"Cleave","floor":10.0,"key":"SMITH"},{"data":"Battle Trance","floor":15.0,"key":"SMITH"},{"data":"Corruption","floor":23.0,"key":"SMITH"},{"data":"Shrug It Off","floor":28.0,"key":"SMITH"},{"data":"Shrug It Off","floor":30.0,"key":"SMITH"},{"data":"Dropkick","floor":32.0,"key":"SMITH"},{"data":"Barricade","floor":44,"key":"SMITH"},{"data":"Flex","floor":46,"key":"SMITH"},{"data":"Shrug It Off","floor":49,"key":"SMITH"}],"circlet_count":0,"master_deck":["Defend_R","Defend_R","Defend_R","Bash+1","Thunderclap+1","Dark Embrace+1","Shrug It Off+1","Shrug It Off+1","Corruption+1","Dropkick+1","Feel No Pain+1","Dropkick+1","Flex+1","Warcry+1","Shrug It Off+1","Dropkick+1","Barricade+1","Bloodletting+1","Warcry+1","Rage+1"],"relics":["Burning Blood","Oddly Smooth Stone","Orichalcum","Lee\u0027s Waffle","Centennial Puzzle","Astrolabe","Calipers","Toxic Egg 2","Nunchaku","Empty Cage","Shuriken","Pen Nib","Bag of Marbles","Unceasing Top"],"acts_visited":["Exordium","TheCity","TheBeyond"],"potions_floor_usage":[50],"damage_taken":[{"damage":6.0,"enemies":"Jaw Worm","floor":1.0,"turns":3.0},{"damage":1.0,"enemies":"Cultist","floor":2.0,"turns":4.0},{"damage":0.0,"enemies":"2 Louse","floor":3.0,"turns":2.0},{"damage":16.0,"enemies":"Lots of Slimes","floor":4.0,"turns":4.0},{"damage":42.0,"enemies":"Lagavulin","floor":7.0,"turns":9.0},{"damage":1.0,"enemies":"Blue Slaver","floor":12.0,"turns":3.0},{"damage":6.0,"enemies":"3 Sentries","floor":14.0,"turns":5.0},{"damage":20.0,"enemies":"Slime Boss","floor":16.0,"turns":5.0},{"damage":1.0,"enemies":"Shell Parasite","floor":18.0,"turns":4.0},{"damage":4.0,"enemies":"Spheric Guardian","floor":21.0,"turns":5.0},{"damage":9.0,"enemies":"Snake Plant","floor":22.0,"turns":5.0},{"damage":4.0,"enemies":"Gremlin Leader","floor":27.0,"turns":6.0},{"damage":0.0,"enemies":"Shelled Parasite and Fungi","floor":29.0,"turns":4.0},{"damage":0.0,"enemies":"Snecko","floor":31.0,"turns":4.0},{"damage":110.0,"enemies":"Automaton","floor":33.0,"turns":15.0},{"damage":0.0,"enemies":"Orb Walker","floor":35.0,"turns":4.0},{"damage":13.0,"enemies":"3 Darklings","floor":36.0,"turns":4.0},{"damage":8.0,"enemies":"Spire Growth","floor":37.0,"turns":3.0},{"damage":3,"enemies":"Writhing Mass","floor":39,"turns":4},{"damage":3,"enemies":"Giant Head","floor":40,"turns":3},{"damage":6,"enemies":"Maw","floor":41,"turns":3},{"damage":13,"enemies":"Sphere and 2 Shapes","floor":42,"turns":7},{"damage":27,"enemies":"Nemesis","floor":45,"turns":8},{"damage":6,"enemies":"3 Darklings","floor":48,"turns":1},{"damage":36,"enemies":"Awakened One","floor":50,"turns":5}],"seed_played":"-2650925877762289822","potions_obtained":[{"floor":2.0,"key":"FairyPotion"},{"floor":4.0,"key":"SteroidPotion"},{"floor":5.0,"key":"BlessingOfTheForge"},{"floor":7.0,"key":"DuplicationPotion"},{"floor":18.0,"key":"BlessingOfTheForge"},{"floor":37.0,"key":"Explosive Potion"}],"is_trial":false,"path_per_floor":["M","M","M","M","?","R","E","R","T","R","$","M","$","E","R","B",null,"M","?","?","M","M","R","?","?","T","E","R","M","R","M","R","B",null,"M","M","M","$","M","E","M","M","T","R","E","R","$","M","R","B",null],"character_chosen":"IRONCLAD","items_purchased":["Lee\u0027s Waffle","Shuriken"],"campfire_rested":0,"item_purchase_floors":[11,38],"current_hp_per_floor":[80,80,80,70,70,70,34,34,34,34,87,87,87,87,87,73,87,87,87,87,87,84,84,84,84,84,86,86,87,87,87,87,32,87,87,80,78,78,81,84,84,77,77,77,56,56,56,56,56,26],"gold":60,"neow_bonus":"UPGRADE_CARD","is_daily":false,"chose_seed":false,"campfire_upgraded":11,"win_rate":0.0,"timestamp":1610199343,"path_taken":["M","M","M","M","?","R","E","R","T","R","$","M","?","E","R","BOSS","M","?","?","M","?","R","?","?","T","E","R","?","R","M","R","BOSS","M","M","M","$","?","E","?","M","T","R","E","R","?","M","R","BOSS"],"items_purchased_type":["Relic","Relic"],"build_version":"2020-12-22","purchased_purges":3,"victory":true,"max_hp_per_floor":[80,80,80,80,80,80,80,80,80,80,87,87,87,87,87,87,87,87,87,87,87,87,87,87,87,87,87,87,87,87,87,87,87,87,87,87,87,87,87,87,87,87,87,87,87,87,87,87,87,87],"card_choices":[{"not_picked":["Headbutt","Perfected Strike"],"picked":"Thunderclap","floor":1.0},{"not_picked":["Flex","Heavy Blade"],"picked":"Dark Embrace","floor":2.0},{"not_picked":["Warcry","Iron Wave"],"picked":"Cleave","floor":3.0},{"not_picked":["Fire Breathing","Perfected Strike"],"picked":"Shrug It Off","floor":4.0},{"not_picked":["Warcry","Pommel Strike"],"picked":"Battle Trance","floor":7.0},{"not_picked":["Sever Soul","Fire Breathing"],"picked":"Sword Boomerang","floor":12.0},{"not_picked":["Iron Wave","Inflame"],"picked":"Shrug It Off","floor":14.0},{"not_picked":["Berserk","Brutality"],"picked":"Corruption","floor":16.0},{"not_picked":["Blood for Blood","Cleave"],"picked":"Flex","floor":18.0},{"not_picked":["Entrench+1","Heavy Blade"],"picked":"Warcry+1","floor":21.0},{"not_picked":["Clothesline","Rampage+1"],"picked":"Shrug It Off","floor":22.0},{"not_picked":["Sever Soul","Rampage","Sword Boomerang+1"],"picked":"SKIP","floor":27.0},{"not_picked":["Shrug It Off+1","Heavy Blade+1","Clash"],"picked":"SKIP","floor":29.0},{"not_picked":["Bludgeon","Twin Strike"],"picked":"Dropkick","floor":31.0},{"not_picked":["Impervious+1","Demon Form"],"picked":"Barricade","floor":33.0},{"not_picked":["Inflame","Hemokinesis+1","Ghostly Armor+1"],"picked":"SKIP","floor":35.0},{"not_picked":["Blood for Blood+1","Shockwave+1"],"picked":"Bloodletting+1","floor":36.0},{"not_picked":["Entrench+1","Dark Embrace"],"picked":"Warcry+1","floor":37.0},{"not_picked":["Clothesline","Shockwave+1","Flex+1"],"picked":"SKIP","floor":39},{"not_picked":["Clothesline+1","Headbutt","Iron Wave"],"picked":"SKIP","floor":40},{"not_picked":["Metallicize+1","Intimidate+1"],"picked":"Rage+1","floor":41},{"not_picked":["Whirlwind","Cleave+1","Blood for Blood+1"],"picked":"SKIP","floor":42},{"not_picked":["Armaments+1","Clash+1","Shrug It Off+1"],"picked":"SKIP","floor":45},{"not_picked":["Ghostly Armor+1","Headbutt+1","Flex+1"],"picked":"SKIP","floor":48}],"player_experience":6687,"relics_obtained":[{"floor":7.0,"key":"Oddly Smooth Stone"},{"floor":9.0,"key":"Orichalcum"},{"floor":14.0,"key":"Centennial Puzzle"},{"floor":25.0,"key":"Calipers"},{"floor":26.0,"key":"Toxic Egg 2"},{"floor":27.0,"key":"Nunchaku"},{"floor":40,"key":"Pen Nib"},{"floor":43,"key":"Bag of Marbles"},{"floor":45,"key":"Unceasing Top"}],"event_choices":[{"damage_healed":0.0,"max_hp_gain":0.0,"max_hp_loss":0.0,"gold_gain":0.0,"event_name":"Lab","player_choice":"Got Potions","floor":5.0,"gold_loss":0.0,"damage_taken":0.0},{"cards_removed":["Strike_R"],"damage_healed":0.0,"max_hp_gain":0.0,"max_hp_loss":0.0,"gold_gain":0.0,"event_name":"Beggar","player_choice":"Gave Gold","floor":19.0,"gold_loss":75.0,"damage_taken":0.0},{"damage_healed":0.0,"max_hp_gain":0.0,"max_hp_loss":0.0,"gold_gain":100.0,"event_name":"Golden Shrine","player_choice":"Pray","floor":20.0,"gold_loss":0.0,"damage_taken":0.0},{"damage_healed":0.0,"max_hp_gain":0.0,"max_hp_loss":0.0,"gold_gain":0.0,"event_name":"The Mausoleum","player_choice":"Ignored","floor":24.0,"gold_loss":0.0,"damage_taken":0.0},{"damage_healed":0.0,"max_hp_gain":0.0,"max_hp_loss":0.0,"gold_gain":0.0,"event_name":"Wheel of Change","player_choice":"Relic","floor":25.0,"gold_loss":0.0,"damage_taken":0.0}],"is_beta":false,"boss_relics":[{"not_picked":["Tiny House","Fusion Hammer"],"picked":"Astrolabe"},{"not_picked":["Philosopher\u0027s Stone","Sozu"],"picked":"Empty Cage"}],"items_purged_floors":[13,38,47],"is_endless":false,"potions_floor_spawned":[2,4,7,12,18,22,27,37,40,42,48],"ascension_level":1}}