{"host":"a3oe3gstxz77c7qu","time":1610194461,"event":{"mods":["2.2 Compatiblity","Act Like it!","BaseMod","Bestiary","Better Altar","Better Match","Better Note","Better Skull","Better Third Choice","Block Reminder","Curses Come First","Custom Start","Downfall","Friendly Minions","GifTheSpireLib","Hermit","Infinite Spire","Jorbs\u0027s Wanderer Trilogy","Lobotomy","LobotomyExtend","Marisa????????","Minty Spire (QoL Compilation)","Permanent Neow","Quick Restart","Relic Stats","Replay The Spire","StSLib","The Bug Knight","The Disciple","Uncapped","Wandering Minibosses"],"gold_per_floor":[109,109,109,125,50,50,85,101,175,206,206,222,222,222,222,222,222],"floor_reached":16,"playtime":906,"items_purged":["Normality"],"score":140,"play_id":"da40aa3d-88b3-450c-b20c-21e40644e874","local_time":"20210109121421","is_ascension_mode":true,"campfire_choices":[{"data":"hermit:GhostlyPresence","floor":6,"key":"SMITH"},{"data":"hermit:Covet","floor":11,"key":"SMITH"},{"data":"hermit:Strike_Hermit","floor":15,"key":"PURGE"}],"circlet_count":0,"master_deck":["hermit:Strike_Hermit","hermit:Defend_Hermit","hermit:Defend_Hermit","hermit:Defend_Hermit","hermit:Defend_Hermit","hermit:Snapshot","hermit:Covet+1","hermit:GhostlyPresence+1","UniverseFragment","hermit:BigShot","hermit:Vantage","hermit:Headshot","hermit:Feint"],"relics":["hermit:Momento","CogitoBucket","RabbitCall","LetterFromLob","ReplayTheSpireMod:Ring of Exchange","Ring of Peace","Pondfish Scales","infinitespire:BottledMercury","Replay:Bottled Flurry","BackwardClock"],"acts_visited":["Exordium"],"potions_floor_usage":[12],"damage_taken":[{"damage":3,"enemies":"Small Slimes","floor":1,"turns":3},{"damage":0,"enemies":"2 Louse","floor":4,"turns":3},{"damage":4,"enemies":"3 Sentries","floor":7,"turns":12},{"damage":0,"enemies":"Cultist","floor":8,"turns":4},{"damage":0,"enemies":"Lagavulin","floor":10,"turns":9},{"damage":44,"enemies":"Blue Slaver","floor":12,"turns":11},{"damage":25,"enemies":"Slime Boss","floor":16,"turns":11}],"seed_played":"7907923969637665489","potions_obtained":[{"floor":7,"key":"Weak Potion"},{"floor":10,"key":"Strength Potion"}],"is_trial":false,"path_per_floor":["M","?","?","M","$","R","E","M","T","E","R","M","?","?","R","B"],"character_chosen":"HERMIT","items_purchased":[],"campfire_rested":0,"item_purchase_floors":[],"current_hp_per_floor":[72,65,65,65,65,65,61,61,61,61,61,17,17,17,17,0,0],"gold":222,"neow_bonus":"","is_daily":false,"chose_seed":false,"campfire_upgraded":2,"win_rate":0.0,"timestamp":1610194461,"path_taken":["M","?","?","M","$","R","E","M","T","E","R","M","?","?","R","BOSS"],"items_purchased_type":[],"build_version":"2020-12-22","purchased_purges":1,"victory":false,"max_hp_per_floor":[75,75,75,75,75,75,75,75,75,75,75,75,75,75,75,75,75],"relic_stats":{"counters":[8,54],"obtain_stats":[{"RabbitCall":0,"ReplayTheSpireMod:Ring of Exchange":3,"infinitespire:BottledMercury":9,"BackwardClock":12,"CogitoBucket":0,"Pondfish Scales":7,"Ring of Peace":3,"LetterFromLob":1,"Replay:Bottled Flurry":10,"hermit:Momento":0},{"RabbitCall":0,"ReplayTheSpireMod:Ring of Exchange":1,"infinitespire:BottledMercury":4,"BackwardClock":7,"CogitoBucket":0,"Pondfish Scales":3,"Ring of Peace":1,"LetterFromLob":1,"Replay:Bottled Flurry":5,"hermit:Momento":0},{"RabbitCall":0,"ReplayTheSpireMod:Ring of Exchange":3,"infinitespire:BottledMercury":22,"BackwardClock":43,"CogitoBucket":0,"Pondfish Scales":18,"Ring of Peace":3,"LetterFromLob":3,"Replay:Bottled Flurry":31,"hermit:Momento":0}]},"card_choices":[{"not_picked":["hermit:Dive","hermit:Desperado"],"picked":"hermit:GhostlyPresence","floor":1},{"not_picked":["MHz","SnowQueen","VoidDream"],"picked":"Singing Bowl","floor":1},{"not_picked":["FieryBird","HeroicMonk"],"picked":"UniverseFragment","floor":1},{"not_picked":["LittlePrince","OldLady","FairyFestival"],"picked":"Singing Bowl","floor":4},{"not_picked":["hermit:HeroicBravado","hermit:Spite","hermit:Ricochet"],"picked":"SKIP","floor":4},{"not_picked":["hermit:Ricochet","hermit:Snipe"],"picked":"hermit:BigShot","floor":7},{"not_picked":["BeautyBeast","NakedNest","Scorched"],"picked":"Singing Bowl","floor":7},{"not_picked":["hermit:Brawl","hermit:ShadowCloak"],"picked":"hermit:Vantage","floor":8},{"not_picked":["OldLady","WhitesApple","PunishingBird"],"picked":"Singing Bowl","floor":8},{"not_picked":["hermit:Gestalt","hermit:Spite"],"picked":"hermit:Headshot","floor":10},{"not_picked":["Porccubus","BigBadWolf","LongBird"],"picked":"Singing Bowl","floor":10},{"not_picked":["MeatLantern","GalaxyChild","SnowQueen"],"picked":"Singing Bowl","floor":12},{"not_picked":["hermit:FullyLoaded","hermit:Feint","hermit:Malice"],"picked":"SKIP","floor":12}],"player_experience":944350,"relics_obtained":[{"floor":1,"key":"LetterFromLob"},{"floor":3,"key":"ReplayTheSpireMod:Ring of Exchange"},{"floor":3,"key":"Ring of Peace"},{"floor":7,"key":"Pondfish Scales"},{"floor":9,"key":"infinitespire:BottledMercury"},{"floor":10,"key":"Replay:Bottled Flurry"}],"event_choices":[{"cards_removed":["hermit:Strike_Hermit"],"damage_healed":0,"gold_gain":0,"player_choice":"Card Removal","damage_taken":7,"max_hp_gain":0,"max_hp_loss":0,"event_name":"Golden Wing","floor":2,"gold_loss":0},{"damage_healed":17,"gold_gain":0,"player_choice":"Leave","damage_taken":0,"max_hp_gain":0,"max_hp_loss":75,"event_name":"betterThird:BetterShining","floor":13,"gold_loss":0},{"damage_healed":0,"gold_gain":0,"cards_transformed":["hermit:Strike_Hermit"],"player_choice":"Transformed","damage_taken":0,"max_hp_gain":0,"max_hp_loss":0,"event_name":"Transmorgrifier","floor":14,"gold_loss":0,"cards_obtained":["hermit:Feint"]}],"is_beta":false,"boss_relics":[],"items_purged_floors":[5],"is_endless":false,"potions_floor_spawned":[7,10],"killed_by":"Slime Boss","ascension_level":1}}