{"host":"tw7a6rmo9h75ssrt","time":1610152741,"event":{"mods":["AchievementEnabler","Act Like it!","BaseMod","Colored Map","Highlight Path","Minty Spire (QoL Compilation)","Permanent Neow","Quick Restart","Relic Stats","SuperFastMode"],"gold_per_floor":[119,119,119,138,212,246,263,263,263],"floor_reached":8,"playtime":157,"items_purged":[],"score":142,"play_id":"b8dddb48-3db0-458a-8236-48a51589ad48","local_time":"20210109083901","is_ascension_mode":true,"campfire_choices":[],"circlet_count":0,"master_deck":["AscendersBane","Strike_R","Strike_R","Strike_R","Strike_R","Strike_R","Defend_R","Defend_R","Defend_R","Defend_R","Bash+1","Carnage"],"relics":["Burning Blood","NeowsBlessing","Blue Candle","Gremlin Horn"],"acts_visited":["Exordium"],"potions_floor_usage":[8],"damage_taken":[{"damage":0.0,"enemies":"Jaw Worm","floor":1.0,"turns":1.0},{"damage":0.0,"enemies":"Cultist","floor":4.0,"turns":1.0},{"damage":0.0,"enemies":"Lagavulin","floor":6.0,"turns":1.0},{"damage":10.0,"enemies":"Small Slimes","floor":7.0,"turns":4.0},{"damage":35,"enemies":"3 Sentries","floor":8,"turns":4}],"seed_played":"-6413467895637399519","potions_obtained":[{"floor":1.0,"key":"ElixirPotion"},{"floor":6.0,"key":"DuplicationPotion"}],"is_trial":false,"path_per_floor":["M","?","$","M","T","E","M","E"],"character_chosen":"IRONCLAD","items_purchased":[],"campfire_rested":0,"item_purchase_floors":[],"current_hp_per_floor":[74,74,74,75,75,75,71,36,36],"gold":263,"neow_bonus":"THREE_ENEMY_KILL","is_daily":false,"chose_seed":false,"campfire_upgraded":0,"win_rate":0.0,"timestamp":1610152741,"path_taken":["M","?","?","M","?","E","M","E"],"items_purchased_type":[],"build_version":"2020-12-22","purchased_purges":0,"victory":false,"max_hp_per_floor":[75,75,75,75,75,75,75,75,75],"relic_stats":{"Gremlin Horn":[2,2],"counters":[5,11],"Blue Candle":[0],"obtain_stats":[{"NeowsBlessing":0,"Gremlin Horn":6,"Blue Candle":5,"Burning Blood":0},{"NeowsBlessing":0,"Gremlin Horn":3,"Blue Candle":2,"Burning Blood":0},{"NeowsBlessing":0,"Gremlin Horn":3,"Blue Candle":2,"Burning Blood":0}],"Burning Blood":13},"card_choices":[{"not_picked":["Shockwave","Clothesline","Warcry"],"picked":"SKIP","floor":1.0},{"not_picked":["Clothesline","Intimidate","Clash"],"picked":"SKIP","floor":4.0},{"not_picked":["True Grit","Pommel Strike"],"picked":"Carnage","floor":6.0},{"not_picked":["Metallicize","Seeing Red","Body Slam"],"picked":"SKIP","floor":7.0}],"player_experience":125057,"relics_obtained":[{"floor":5.0,"key":"Blue Candle"},{"floor":6.0,"key":"Gremlin Horn"}],"event_choices":[{"damage_healed":0.0,"max_hp_gain":0.0,"max_hp_loss":0.0,"gold_gain":0.0,"event_name":"Accursed Blacksmith","player_choice":"Forge","floor":2.0,"gold_loss":0.0,"damage_taken":0.0,"cards_upgraded":["Bash"]}],"is_beta":false,"boss_relics":[],"items_purged_floors":[],"is_endless":false,"potions_floor_spawned":[1,6],"killed_by":"3 Sentries","ascension_level":15}}