{"host":"2yqfi47fogfu1ic4","time":1610176038,"event":{"mods":["AchievementEnabler","BaseMod","Colored Map","Colored Powertips","Highlight Path","Minty Spire (QoL Compilation)","Permanent Neow","Relic Stats","StSLib"],"gold_per_floor":[109,184,204,222,222,250,250,278,278,278,278],"floor_reached":10,"playtime":481,"items_purged":[],"score":152,"play_id":"4b33ea4d-e2ac-44c1-9672-c58cc31291af","local_time":"20210109080718","is_ascension_mode":true,"campfire_choices":[{"floor":7,"key":"REST"}],"circlet_count":0,"master_deck":["AscendersBane","Strike_G","Strike_G","Strike_G","Strike_G","Strike_G","Defend_G","Defend_G","Defend_G","Defend_G","Defend_G","Survivor","Neutralize","Poisoned Stab","Cloak And Dagger+1","Endless Agony","Accuracy","Leg Sweep"],"relics":["WristBlade","Snake Skull","Torii","Bottled Lightning"],"acts_visited":["Exordium"],"potions_floor_usage":[8,8],"damage_taken":[{"damage":0,"enemies":"Small Slimes","floor":1,"turns":4},{"damage":14,"enemies":"Jaw Worm","floor":3,"turns":4},{"damage":0,"enemies":"2 Louse","floor":4,"turns":3},{"damage":30,"enemies":"3 Sentries","floor":6,"turns":11},{"damage":8,"enemies":"Lagavulin","floor":8,"turns":6},{"damage":43,"enemies":"Gremlin Nob","floor":10,"turns":4}],"seed_played":"-3019341804068470721","potions_obtained":[{"floor":3,"key":"Block Potion"},{"floor":6,"key":"Regen Potion"}],"is_trial":false,"path_per_floor":["M","?","M","M","?","E","R","E","T","E"],"character_chosen":"THE_SILENT","items_purchased":[],"campfire_rested":1,"item_purchase_floors":[],"current_hp_per_floor":[59,48,34,34,34,4,23,30,30,0,0],"gold":278,"neow_bonus":"BOSS_RELIC","is_daily":false,"chose_seed":false,"campfire_upgraded":0,"win_rate":0.0,"timestamp":1610176038,"path_taken":["M","?","M","M","?","E","R","E","T","E"],"items_purchased_type":[],"build_version":"2020-12-22","purchased_purges":0,"victory":false,"max_hp_per_floor":[66,66,66,66,66,66,66,66,66,66,66],"relic_stats":{"Torii":0,"counters":[6,32],"Snake Skull":[2],"obtain_stats":[{"WristBlade":0,"Torii":8,"Snake Skull":6,"Bottled Lightning":9,"Ring of the Snake":0},{"WristBlade":0,"Torii":5,"Snake Skull":4,"Bottled Lightning":5,"Ring of the Snake":0},{"WristBlade":0,"Torii":28,"Snake Skull":22,"Bottled Lightning":28,"Ring of the Snake":0}]},"card_choices":[{"not_picked":["Quick Slash","Tactician"],"picked":"Poisoned Stab","floor":1},{"not_picked":["Flying Knee","Riddle With Holes"],"picked":"Cloak And Dagger","floor":3},{"not_picked":["Flying Knee","Setup"],"picked":"Endless Agony","floor":4},{"not_picked":["Deflect","Phantasmal Killer"],"picked":"Accuracy","floor":6},{"not_picked":["Well Laid Plans","Flechettes"],"picked":"Leg Sweep","floor":8}],"player_experience":2130526,"relics_obtained":[{"floor":6,"key":"Snake Skull"},{"floor":8,"key":"Torii"},{"floor":9,"key":"Bottled Lightning"}],"event_choices":[{"damage_healed":0,"gold_gain":75,"player_choice":"Gather Gold","damage_taken":11,"max_hp_gain":0,"max_hp_loss":0,"event_name":"World of Goop","floor":2,"gold_loss":0},{"damage_healed":0,"gold_gain":0,"player_choice":"Grow","damage_taken":0,"max_hp_gain":0,"max_hp_loss":0,"event_name":"Living Wall","floor":5,"gold_loss":0,"cards_upgraded":["Cloak And Dagger"]}],"is_beta":false,"boss_relics":[],"items_purged_floors":[],"is_endless":false,"potions_floor_spawned":[3,6],"killed_by":"Gremlin Nob","ascension_level":20}}