{"host":"b995t17pt6d05w8c","time":1610207100,"event":{"mods":["AchievementEnabler","BaseMod","Colored Map","Minty Spire (QoL Compilation)","SuperFastMode"],"gold_per_floor":[110,130,130,142,162,162,87,104,104,104,4,19,50,125,125,230,230,240,260,260,260,185,185,185,216,216,216,232,248,119,137,137,242,242,252,304,404,421,297,297,310,310,310,112,137,20,39,39,39,39],"floor_reached":51,"playtime":1004,"items_purged":["Strike_P","Strike_P","Defend_P","Strike_P","Defend_P","Vigilance"],"score":1280,"play_id":"7363e6f8-0f09-470f-a1dd-8e59652c88ac","local_time":"20210110004500","is_ascension_mode":true,"campfire_choices":[{"data":"Eruption","floor":6,"key":"SMITH"},{"data":"TalkToTheHand","floor":10,"key":"SMITH"},{"data":"Ragnarok","floor":15,"key":"SMITH"},{"floor":23,"key":"REST"},{"floor":27,"key":"REST"},{"floor":32,"key":"REST"},{"data":"MentalFortress","floor":40,"key":"SMITH"},{"data":"Scrawl","floor":42,"key":"SMITH"},{"data":"Adaptation","floor":49,"key":"SMITH"}],"circlet_count":0,"master_deck":["AscendersBane","Eruption+1","Halt","Ragnarok+1","TalkToTheHand+1","Scrawl+1","FearNoEvil","InnerPeace","Adaptation+1","MentalFortress+1","Adaptation"],"relics":["Runic Pyramid","TeardropLocket","Smiling Mask","Empty Cage","Gremlin Horn","HornCleat","SlaversCollar","CaptainsWheel","Sundial","Medical Kit","Unceasing Top"],"acts_visited":["Exordium","TheCity","TheBeyond"],"potions_floor_usage":[13,25,50],"damage_taken":[{"damage":0.0,"enemies":"2 Louse","floor":1.0,"turns":3.0},{"damage":1.0,"enemies":"Cultist","floor":2.0,"turns":3.0},{"damage":2,"enemies":"Jaw Worm","floor":4,"turns":3},{"damage":7,"enemies":"Exordium Wildlife","floor":5,"turns":3},{"damage":3,"enemies":"Looter","floor":8,"turns":2},{"damage":0,"enemies":"3 Louse","floor":12,"turns":1},{"damage":0,"enemies":"Lagavulin","floor":13,"turns":2},{"damage":24,"enemies":"Slime Boss","floor":16,"turns":10},{"damage":17,"enemies":"2 Thieves","floor":18,"turns":3},{"damage":4,"enemies":"Shell Parasite","floor":19,"turns":3},{"damage":29,"enemies":"Slavers","floor":25,"turns":3},{"damage":5,"enemies":"Shelled Parasite and Fungi","floor":28,"turns":3},{"damage":19,"enemies":"Snake Plant","floor":29,"turns":2},{"damage":0,"enemies":"Snecko","floor":31,"turns":2},{"damage":0,"enemies":"Automaton","floor":33,"turns":2},{"damage":0,"enemies":"3 Shapes","floor":35,"turns":2},{"damage":0,"enemies":"2 Orb Walkers","floor":36,"turns":1},{"damage":6,"enemies":"3 Darklings","floor":38,"turns":2},{"damage":0,"enemies":"Jaw Worm Horde","floor":41,"turns":3},{"damage":0,"enemies":"Nemesis","floor":45,"turns":1},{"damage":15,"enemies":"Spire Growth","floor":47,"turns":2},{"damage":0,"enemies":"Time Eater","floor":50,"turns":3}],"seed_played":"-5670178325861642963","potions_obtained":[{"floor":5,"key":"SteroidPotion"},{"floor":8,"key":"SteroidPotion"},{"floor":12,"key":"LiquidBronze"},{"floor":16,"key":"Energy Potion"},{"floor":25,"key":"AttackPotion"},{"floor":29,"key":"CultistPotion"},{"floor":45,"key":"StancePotion"}],"is_trial":false,"path_per_floor":["M","M","?","M","M","R","$","M","T","R","$","M","E","?","R","B",null,"M","M","?","?","?","R","?","E","T","R","M","M","$","M","R","B",null,"M","?","?","M","$","R","M","R","T","$","E","$","M","?","R","B",null],"character_chosen":"WATCHER","items_purchased":["InnerPeace","MentalFortress","Medical Kit","Adaptation"],"campfire_rested":3,"item_purchase_floors":[30,39,44,46],"current_hp_per_floor":[65,64,64,62,55,55,55,52,52,52,52,52,52,41,41,17,58,41,37,37,24,24,47,47,18,18,41,36,17,17,17,40,40,68,68,68,68,62,62,62,62,62,62,62,62,62,47,47,47,47],"gold":39,"neow_bonus":"BOSS_RELIC","is_daily":false,"chose_seed":false,"campfire_upgraded":6,"win_rate":0.0,"timestamp":1610207100,"path_taken":["M","M","?","M","M","R","$","?","T","R","?","M","E","?","R","BOSS","M","M","?","?","?","R","?","E","T","R","?","M","?","M","R","BOSS","M","?","?","?","$","R","M","R","T","$","E","$","M","?","R","BOSS"],"items_purchased_type":["Card","Card","Relic","Card"],"build_version":"2020-12-22","purchased_purges":6,"victory":true,"max_hp_per_floor":[72,72,72,72,72,72,72,72,72,72,72,72,72,72,72,72,72,72,72,72,77,77,77,77,77,77,77,77,77,77,77,77,77,77,77,77,77,77,77,77,77,77,77,77,77,77,77,77,77,77],"card_choices":[{"not_picked":["Evaluate","FollowUp","SashWhip"],"picked":"SKIP","floor":1.0},{"not_picked":["Vengeance","CrushJoints"],"picked":"Halt","floor":2.0},{"not_picked":["CutThroughFate","Nirvana"],"picked":"TalkToTheHand","floor":4},{"not_picked":["ForeignInfluence","Collect","LikeWater"],"picked":"SKIP","floor":5},{"not_picked":["CutThroughFate","ThirdEye","SandsOfTime"],"picked":"SKIP","floor":8},{"not_picked":["ReachHeaven","Evaluate","SashWhip"],"picked":"SKIP","floor":12},{"not_picked":["CrushJoints","Ragnarok"],"picked":"Scrawl","floor":13},{"not_picked":["FlurryOfBlows","CutThroughFate+1","Consecrate+1"],"picked":"SKIP","floor":18},{"not_picked":["CutThroughFate","Protect","Evaluate"],"picked":"SKIP","floor":19},{"not_picked":["WindmillStrike+1","CrushJoints","Vengeance"],"picked":"SKIP","floor":25},{"not_picked":["EmptyBody","ReachHeaven","ThirdEye"],"picked":"SKIP","floor":28},{"not_picked":["FlurryOfBlows","Pray"],"picked":"FearNoEvil","floor":29},{"not_picked":["SashWhip","EmptyFist"],"picked":"Adaptation","floor":31},{"not_picked":["Study+1","Wallop","Halt+1"],"picked":"SKIP","floor":35},{"not_picked":["Halt","Evaluate","Consecrate+1"],"picked":"SKIP","floor":38},{"not_picked":["Swivel","SignatureMove+1","Wireheading"],"picked":"SKIP","floor":41},{"not_picked":["Vengeance","CarveReality+1","PathToVictory"],"picked":"SKIP","floor":45},{"not_picked":["FollowUp","Alpha","CutThroughFate+1"],"picked":"SKIP","floor":47}],"player_experience":77934,"relics_obtained":[{"floor":9,"key":"TeardropLocket"},{"floor":13,"key":"Smiling Mask"},{"floor":25,"key":"Gremlin Horn"},{"floor":26,"key":"HornCleat"},{"floor":36,"key":"CaptainsWheel"},{"floor":43,"key":"Sundial"},{"floor":45,"key":"Unceasing Top"}],"event_choices":[{"damage_healed":0,"gold_gain":0,"player_choice":"1 cards matched","damage_taken":0,"max_hp_gain":0,"max_hp_loss":0,"event_name":"Match and Keep!","floor":3,"gold_loss":0,"cards_obtained":["Ragnarok"]},{"damage_healed":0,"gold_gain":75,"player_choice":"Gather Gold","damage_taken":11,"max_hp_gain":0,"max_hp_loss":0,"event_name":"World of Goop","floor":14,"gold_loss":0},{"damage_healed":0,"gold_gain":0,"player_choice":"Ignored","damage_taken":0,"max_hp_gain":0,"max_hp_loss":0,"event_name":"Ghosts","floor":20,"gold_loss":0},{"damage_healed":0,"gold_gain":0,"player_choice":"Shed Blood","damage_taken":18,"max_hp_gain":5,"max_hp_loss":0,"event_name":"Forgotten Altar","floor":21,"gold_loss":0},{"cards_removed":["Defend_P"],"damage_healed":0,"gold_gain":0,"player_choice":"Gave Gold","damage_taken":0,"max_hp_gain":0,"max_hp_loss":0,"event_name":"Beggar","floor":22,"gold_loss":75},{"damage_healed":0,"gold_gain":0,"player_choice":"Bought 0 Potions","damage_taken":0,"max_hp_gain":0,"max_hp_loss":0,"event_name":"The Woman in Blue","floor":24,"gold_loss":0},{"damage_healed":0,"gold_gain":0,"player_choice":"Fight","damage_taken":0,"max_hp_gain":0,"max_hp_loss":0,"event_name":"Mysterious Sphere","floor":36,"gold_loss":0},{"damage_healed":0,"gold_gain":100,"player_choice":"Pray","damage_taken":0,"max_hp_gain":0,"max_hp_loss":0,"event_name":"Golden Shrine","floor":37,"gold_loss":0},{"damage_healed":0,"gold_gain":0,"player_choice":"Memory 1","damage_taken":0,"max_hp_gain":0,"max_hp_loss":0,"event_name":"SensoryStone","floor":48,"gold_loss":0}],"is_beta":false,"boss_relics":[{"not_picked":["Cursed Key","Ectoplasm"],"picked":"Empty Cage"},{"not_picked":["Velvet Choker","Black Star"],"picked":"SlaversCollar"}],"items_purged_floors":[7,11,30,39,44,46],"is_endless":false,"potions_floor_spawned":[5,8,12,16,19,25,29,35,36,45],"ascension_level":10}}