{"host":"94qggqh0xz0sp6ai","time":1610166055,"event":{"mods":["Abigail Mod","Act Like it!","BaseMod","CapriCore","Downfall","Friendly Minions","Gensokyo","Hermit","Jorbs\u0027s Wanderer Trilogy","Koishi","Marisa（霧雨　魔理沙）","Minty Spire (QoL Compilation)","Permanent Neow","Reimu（博??梦）","StSLib","The Alterego","The Construct","The Cursed","The Hierophant","The Immortal","The Marked","The Servant 0.9.4","TheBandit","Waifu the Spire"],"gold_per_floor":[111,111,125,125,199,199,199,265,265,265,280,330,391,405,405,405,405],"floor_reached":16,"playtime":398,"items_purged":[],"score":156,"play_id":"ad3fa6dd-4cfc-4da4-b294-e8c9d0cfd1bd","local_time":"20210108222055","is_ascension_mode":true,"campfire_choices":[{"data":"Koishi:JumpScare","floor":6,"key":"SMITH"},{"data":"Koishi:HauntingSlash","floor":10,"key":"SMITH"},{"data":"Koishi:Untouchable","floor":15,"key":"SMITH"}],"circlet_count":0,"master_deck":["AscendersBane","Koishi:BasicStrike","Koishi:BasicStrike","Koishi:BasicStrike","Koishi:BasicStrike","Koishi:BasicDefend","Koishi:BasicDefend","Koishi:BasicDefend","Koishi:BasicDefend","Koishi:Provoke","Koishi:HauntingSlash+1","Koishi:ConfinedInnocent+1","Koishi:SpiritedAway","Koishi:JumpScare+1","Koishi:PhantomStrike+1","Koishi:Vanish","Koishi:Untouchable+1"],"relics":["Koishi:ImaginaryFriend","SsserpentHead","Du-Vu Doll"],"acts_visited":["Exordium"],"potions_floor_usage":[16],"damage_taken":[{"damage":4,"enemies":"Small Slimes","floor":1,"turns":4},{"damage":7,"enemies":"Jaw Worm","floor":3,"turns":5},{"damage":5,"enemies":"2 Louse","floor":8,"turns":4},{"damage":10,"enemies":"Red Slaver","floor":11,"turns":4},{"damage":3,"enemies":"2 Fungi Beasts","floor":13,"turns":3},{"damage":35,"enemies":"Lots of Slimes","floor":14,"turns":6},{"damage":29,"enemies":"Slime Boss","floor":16,"turns":8}],"seed_played":"2884646003213849910","potions_obtained":[{"floor":3,"key":"LiquidBronze"},{"floor":14,"key":"Dexterity Potion"}],"is_trial":false,"path_per_floor":["M","?","M","?","?","R","?","M","T","R","M","?","M","M","R","B"],"character_chosen":"KOISHI","items_purchased":[],"campfire_rested":0,"item_purchase_floors":[],"current_hp_per_floor":[49,49,42,47,47,47,47,48,48,48,46,46,49,22,22,0,0],"gold":405,"neow_bonus":"ONE_RANDOM_RARE_CARD","is_daily":false,"chose_seed":false,"campfire_upgraded":3,"win_rate":0.0,"timestamp":1610166055,"path_taken":["M","?","M","?","?","R","?","?","T","R","M","?","?","M","R","BOSS"],"items_purchased_type":[],"build_version":"2020-12-22","purchased_purges":0,"victory":false,"max_hp_per_floor":[57,57,57,62,62,62,62,62,62,62,62,62,62,62,62,62,62],"card_choices":[{"not_picked":["Koishi:ParalyzingFear","Koishi:RacingHeart"],"picked":"Koishi:SpiritedAway","floor":1},{"not_picked":["Koishi:PhantomBarrier","Koishi:ReleaseOfTheId"],"picked":"Koishi:JumpScare","floor":3},{"not_picked":["Koishi:DreadfulBlow","Koishi:CatchAndRose"],"picked":"Koishi:PhantomStrike","floor":8},{"not_picked":["Koishi:Jaunt","Koishi:BloodcurdlingScream","Koishi:TraumaticStroke"],"picked":"SKIP","floor":11},{"not_picked":["Koishi:UnansweredLove","Koishi:MindNumbingTerror"],"picked":"Koishi:Vanish","floor":13},{"not_picked":["Koishi:PhantomBarrier","Koishi:UnconsciousUprising"],"picked":"Koishi:Untouchable","floor":14}],"player_experience":1360177,"relics_obtained":[{"floor":9,"key":"Du-Vu Doll"}],"event_choices":[{"damage_healed":0,"gold_gain":0,"player_choice":"Grow","damage_taken":0,"max_hp_gain":0,"max_hp_loss":0,"event_name":"Living Wall","floor":2,"gold_loss":0,"cards_upgraded":["Koishi:ConfinedInnocent"]},{"damage_healed":0,"gold_gain":0,"player_choice":"Donut","damage_taken":0,"max_hp_gain":5,"max_hp_loss":0,"event_name":"Big Fish","floor":4,"gold_loss":0},{"damage_healed":0,"gold_gain":74,"player_choice":"Gained Gold","damage_taken":0,"max_hp_gain":0,"max_hp_loss":0,"event_name":"Golden Wing","floor":5,"gold_loss":0},{"damage_healed":0,"gold_gain":0,"player_choice":"Trade","damage_taken":0,"relics_obtained":["SsserpentHead"],"max_hp_gain":0,"max_hp_loss":0,"event_name":"FaceTrader","floor":7,"gold_loss":0},{"damage_healed":0,"gold_gain":0,"player_choice":"Upgraded","damage_taken":0,"max_hp_gain":0,"max_hp_loss":0,"event_name":"Upgrade Shrine","floor":12,"gold_loss":0,"cards_upgraded":["Koishi:PhantomStrike"]}],"is_beta":false,"boss_relics":[],"items_purged_floors":[],"is_endless":false,"potions_floor_spawned":[3,14],"killed_by":"Slime Boss","ascension_level":14}}