{"host":"i0s8vbixp24k5aul","time":1610228265,"event":{"mods":["2.2 Compatiblity","Act Like it!","Arknights The Spire","Aspiration","BaseMod","Better Note","Better Third Choice","Better Vampires","BetterUpgradePreview","Colorless Booster Pack","Displayed Cursed Tome","GifTheSpireLib","Gremlin Mod","Halation","Hermit","Hubris","Jedi Mod","Minty Spire (QoL Compilation)","Optimize The Spire","Random Character Mod","Shade Mod","StSLib","Stuff the Spire","Swap Starting Deck Mod","The Bug Knight","The Construct","The Cursed","The Disciple","The Mystic","TheHero","TheWitcher","vexMod","??????REMEMod"],"gold_per_floor":[111,36,36,50,0,0,10,58,81,18,18,18,18,18,18,18,18,0,0,0,0,0,0,0,0,0,0,0,0,0,0,0],"floor_reached":31,"playtime":1261,"items_purged":["Strike_G","Strike_G"],"score":375,"play_id":"8b3bad49-a2bd-4ab8-a838-01cb64a24d80","local_time":"20210110003745","is_ascension_mode":true,"campfire_choices":[{"data":"Neutralize","floor":6,"key":"SMITH"},{"data":"Panacea","floor":11,"key":"SMITH"},{"data":"Skewer","floor":13,"key":"SMITH"},{"data":"Well Laid Plans","floor":15,"key":"SMITH"},{"floor":23,"key":"REST"},{"floor":25,"key":"REST"},{"data":"A Thousand Cuts","floor":27,"key":"SMITH"},{"data":"Corpse Explosion","floor":29,"key":"SMITH"}],"circlet_count":0,"master_deck":["AscendersBane","Strike_G","Strike_G","Strike_G","Defend_G","Defend_G","Defend_G","Defend_G","Survivor","Neutralize+1","Backstab+1","Flying Knee","Well Laid Plans+1","Backstab","Prepared","Panacea+1","Skewer+1","A Thousand Cuts+1","Blade Dance","All Out Attack","Dagger Spray","Flying Knee","Malaise","Corpse Explosion+1","StuffTheSpire:Python"],"relics":["Ring of the Snake","REME_ComplimentaryCards","REME_HandOfSuture","HollowMod:PaleOreRelic","jedi:ominousloannote","Potion Belt","StuffTheSpire:GrapeVine","Philosopher\u0027s Stone"],"acts_visited":["Exordium","TheCity"],"potions_floor_usage":[8,16,16,16,16,16,16,20,24,31],"damage_taken":[{"damage":0,"enemies":"Small Slimes","floor":1,"turns":5},{"damage":0,"enemies":"Cultist","floor":4,"turns":2},{"damage":4,"enemies":"Jaw Worm","floor":7,"turns":1},{"damage":9,"enemies":"Exordium Wildlife","floor":8,"turns":4},{"damage":0,"enemies":"Looter","floor":12,"turns":1},{"damage":31,"enemies":"Hexaghost","floor":16,"turns":11},{"damage":22,"enemies":"2 Thieves","floor":18,"turns":4},{"damage":18,"enemies":"3 Byrds","floor":20,"turns":5},{"damage":8,"enemies":"Snake Plant","floor":21,"turns":3},{"damage":0,"enemies":"Centurion and Healer","floor":22,"turns":3},{"damage":4,"enemies":"Cultist and Chosen","floor":24,"turns":4},{"damage":17,"enemies":"3 Cultists","floor":30,"turns":4},{"damage":62,"enemies":"hubris:Merchant","floor":31,"turns":4}],"seed_played":"-6048367975500719572","potions_obtained":[{"floor":4,"key":"REME_GoldPotion"},{"floor":8,"key":"EntropicBrew"},{"floor":12,"key":"EntropicBrew"},{"floor":22,"key":"jedi:StrikingPotion"},{"floor":24,"key":"GamblersBrew"}],"is_trial":false,"path_per_floor":["M","$","?","M","?","R","M","M","T","$","R","M","R","$","R","B",null,"M","$","M","M","M","R","M","R","T","R","?","R","M","$"],"character_chosen":"THE_SILENT","items_purchased":["jedi:ominousloannote","Panacea","Potion Belt","StuffTheSpire:GrapeVine"],"campfire_rested":2,"item_purchase_floors":[10,10,10,10],"current_hp_per_floor":[63,63,63,63,63,63,59,50,50,50,50,50,50,50,50,51,65,43,43,25,17,17,38,34,55,55,55,55,55,38,0,0],"gold":0,"neow_bonus":"RANDOM_COMMON_RELIC","is_daily":false,"chose_seed":false,"campfire_upgraded":6,"win_rate":0.0,"timestamp":1610228265,"path_taken":["M","$","?","?","?","R","M","M","T","?","R","M","R","$","R","BOSS","M","?","M","M","?","R","M","R","T","R","?","R","M","$"],"items_purchased_type":["Relic","Card","Relic","Relic"],"build_version":"2020-12-22","purchased_purges":2,"victory":false,"max_hp_per_floor":[70,70,70,70,70,70,70,70,70,70,70,70,70,70,70,70,70,70,70,70,70,70,70,70,70,70,70,70,70,70,70,70],"card_choices":[{"not_picked":["Setup","Deflect"],"picked":"Flying Knee","floor":1},{"not_picked":["Backflip","Bullet Time"],"picked":"Well Laid Plans","floor":4},{"not_picked":["Dash","Deadly Poison"],"picked":"Backstab","floor":7},{"not_picked":["Expertise","StuffTheSpire:Fury"],"picked":"Prepared","floor":8},{"not_picked":["Cloak And Dagger","Poisoned Stab"],"picked":"Skewer","floor":12},{"not_picked":["jedi:rejectivetoxin","REME_CopyPotion"],"picked":"A Thousand Cuts","floor":16},{"not_picked":["StuffTheSpire:ClusterCrunch+1","Concentrate"],"picked":"Blade Dance","floor":18},{"not_picked":["Poisoned Stab","Outmaneuver"],"picked":"All Out Attack","floor":20},{"not_picked":["Tactician","Choke"],"picked":"Dagger Spray","floor":21},{"not_picked":["Dagger Spray","Distraction"],"picked":"Flying Knee","floor":22},{"not_picked":["Flechettes","Dagger Throw"],"picked":"Malaise","floor":24},{"not_picked":["Skewer","PiercingWail+1"],"picked":"StuffTheSpire:Python","floor":30}],"player_experience":935279,"relics_obtained":[{"floor":9,"key":"HollowMod:PaleOreRelic"}],"event_choices":[{"damage_healed":0,"gold_gain":0,"player_choice":"Upgraded","damage_taken":0,"max_hp_gain":0,"max_hp_loss":0,"event_name":"Upgrade Shrine","floor":3,"gold_loss":0,"cards_upgraded":["Backstab"]},{"cards_removed":["Defend_G"],"damage_healed":0,"gold_gain":0,"player_choice":"Card Removal","damage_taken":0,"max_hp_gain":0,"max_hp_loss":0,"event_name":"The Cleric","floor":5,"gold_loss":50},{"cards_removed":["A Thousand Cuts"],"damage_healed":0,"gold_gain":0,"player_choice":"Take \u0026 Give","damage_taken":0,"max_hp_gain":0,"max_hp_loss":0,"event_name":"betterNote:BetterNote","floor":28,"gold_loss":0,"cards_obtained":["Corpse Explosion"]}],"is_beta":false,"boss_relics":[{"not_picked":["vexMod:MysteryBossChallenge","Empty Cage"],"picked":"Philosopher\u0027s Stone"}],"items_purged_floors":[2,10],"is_endless":false,"potions_floor_spawned":[4,8,12,22,24],"killed_by":"hubris:Merchant","ascension_level":13}}