{"host":"jaenq4nnke2yzwbu","time":1610172888,"event":{"mods":["BaseMod","Colored Map","Colored Powertips","Hermit","Minty Spire (QoL Compilation)","StSLib","The Cursed"],"gold_per_floor":[115,190,190,190,207,242,242,262,262,262,326,326,326,351,351,482,482,495,514,514,537,557,557,570,606,661,693,705,717,929,964,976,988,988],"floor_reached":33,"playtime":2210,"items_purged":[],"score":267,"play_id":"9b5f7f6b-7145-455a-ba19-93608a9186ad","local_time":"20210109071448","is_ascension_mode":false,"campfire_choices":[{"floor":7.0,"key":"REST"},{"data":"Noxious Fumes","floor":10.0,"key":"SMITH"},{"floor":12.0,"key":"REST"},{"floor":15.0,"key":"REST"},{"floor":23.0,"key":"REST"},{"floor":28.0,"key":"REST"},{"floor":32.0,"key":"REST"}],"circlet_count":0,"master_deck":["Strike_G+1","Strike_G+1","Strike_G+1","Strike_G+1","Strike_G+1","Defend_G+1","Defend_G+1","Defend_G+1","Defend_G+1","Defend_G+1","Survivor","Neutralize","Deflect+1","Slice","Noxious Fumes+1","Bane","Injury","Deflect","Night Terror","Flying Knee"],"relics":["Ring of the Snake","Darkstone Periapt","Meat on the Bone","InkBottle","Golden Idol","Busted Crown","Bag of Preparation","MawBank","MutagenicStrength"],"acts_visited":["Exordium","TheCity"],"potions_floor_usage":[],"damage_taken":[{"damage":5.0,"enemies":"2 Louse","floor":1.0,"turns":5.0},{"damage":0.0,"enemies":"Small Slimes","floor":5.0,"turns":4.0},{"damage":23.0,"enemies":"3 Sentries","floor":6.0,"turns":16.0},{"damage":0.0,"enemies":"Jaw Worm","floor":8.0,"turns":5.0},{"damage":58.0,"enemies":"Gremlin Nob","floor":11.0,"turns":6.0},{"damage":0.0,"enemies":"Looter","floor":14.0,"turns":4.0},{"damage":39.0,"enemies":"The Guardian","floor":16.0,"turns":12.0},{"damage":8.0,"enemies":"Shell Parasite","floor":18.0,"turns":5.0},{"damage":9.0,"enemies":"3 Byrds","floor":19.0,"turns":6.0},{"damage":0.0,"enemies":"Centurion and Healer","floor":21.0,"turns":6.0},{"damage":19.0,"enemies":"Snake Plant","floor":22.0,"turns":5.0},{"damage":16.0,"enemies":"Cultist and Chosen","floor":24.0,"turns":7.0},{"damage":29.0,"enemies":"Book of Stabbing","floor":25.0,"turns":7.0},{"damage":21.0,"enemies":"3 Cultists","floor":27.0,"turns":6.0},{"damage":1.0,"enemies":"Centurion and Healer","floor":31.0,"turns":6.0},{"damage":123,"enemies":"Automaton","floor":33,"turns":12}],"seed_played":"-1566020149451376745","potions_obtained":[{"floor":8.0,"key":"FairyPotion"},{"floor":14.0,"key":"PowerPotion"},{"floor":16.0,"key":"Fire Potion"},{"floor":18.0,"key":"Ancient Potion"}],"is_trial":false,"path_per_floor":["M","?","?","$","M","E","R","M","T","R","?","R","?","M","R","B",null,"M","M","?","M","M","R","M","E","T","M","R","?","?","M","R","B"],"character_chosen":"THE_SILENT","items_purchased":[],"campfire_rested":6,"item_purchase_floors":[],"current_hp_per_floor":[72,61,61,61,61,38,61,61,61,61,15,38,44,44,68,41,83,75,66,66,66,47,71,55,38,38,29,53,53,53,52,76,0,0],"gold":988,"neow_bonus":"TEN_PERCENT_HP_BONUS","is_daily":false,"chose_seed":false,"campfire_upgraded":1,"win_rate":0.0,"timestamp":1610172888,"path_taken":["M","?","?","$","M","E","R","M","T","R","?","R","?","M","R","BOSS","M","M","?","M","M","R","M","E","T","M","R","?","?","M","R","BOSS"],"items_purchased_type":[],"build_version":"2020-12-22","purchased_purges":0,"victory":false,"max_hp_per_floor":[77,77,77,77,77,77,77,77,77,77,77,77,83,83,83,83,83,83,83,83,83,83,83,83,83,83,83,83,83,83,83,83,83,83],"card_choices":[{"not_picked":["Outmaneuver","PiercingWail"],"picked":"Deflect","floor":1.0},{"not_picked":["Prepared","Calculated Gamble","Deadly Poison"],"picked":"SKIP","floor":5.0},{"not_picked":["Underhanded Strike","Quick Slash"],"picked":"Slice","floor":6.0},{"not_picked":["Endless Agony","Predator"],"picked":"Noxious Fumes","floor":8.0},{"not_picked":["Outmaneuver","Finisher"],"picked":"Bane","floor":11.0},{"not_picked":["Finisher","Bane"],"picked":"Deflect","floor":14.0},{"not_picked":["Unload","Tools of the Trade"],"picked":"Night Terror","floor":16.0},{"not_picked":[],"picked":"Flying Knee","floor":18.0},{"not_picked":["Prepared+1"],"picked":"SKIP","floor":19.0},{"not_picked":["Dodge and Roll"],"picked":"SKIP","floor":21.0},{"not_picked":["Quick Slash"],"picked":"SKIP","floor":22.0},{"not_picked":["Dagger Spray"],"picked":"SKIP","floor":24.0},{"not_picked":["Well Laid Plans+1"],"picked":"SKIP","floor":25.0},{"not_picked":["Choke"],"picked":"SKIP","floor":27.0},{"not_picked":["Acrobatics"],"picked":"SKIP","floor":31.0}],"player_experience":45615,"relics_obtained":[{"floor":6.0,"key":"Darkstone Periapt"},{"floor":9.0,"key":"Meat on the Bone"},{"floor":11.0,"key":"InkBottle"},{"floor":25.0,"key":"Bag of Preparation"},{"floor":26.0,"key":"MawBank"}],"event_choices":[{"damage_healed":0.0,"max_hp_gain":0.0,"max_hp_loss":0.0,"gold_gain":75.0,"event_name":"World of Goop","player_choice":"Gather Gold","floor":2.0,"gold_loss":0.0,"damage_taken":11.0},{"damage_healed":0.0,"max_hp_gain":0.0,"max_hp_loss":0.0,"gold_gain":0.0,"event_name":"Living Wall","player_choice":"Grow","floor":3.0,"gold_loss":0.0,"damage_taken":0.0,"cards_upgraded":["Deflect"]},{"damage_healed":0.0,"max_hp_gain":0.0,"max_hp_loss":0.0,"gold_gain":0.0,"event_name":"Dead Adventurer","player_choice":"Searched \u00272\u0027 times","floor":11.0,"gold_loss":0.0,"damage_taken":0.0},{"damage_healed":0.0,"max_hp_gain":0.0,"max_hp_loss":0.0,"gold_gain":0.0,"event_name":"Golden Idol","player_choice":"Take Wound","floor":13.0,"gold_loss":0.0,"damage_taken":0.0,"relics_obtained":["Golden Idol"],"cards_obtained":["Injury"]},{"damage_healed":0.0,"max_hp_gain":0.0,"max_hp_loss":0.0,"gold_gain":0.0,"event_name":"Back to Basics","player_choice":"Simplicity","floor":20.0,"gold_loss":0.0,"damage_taken":0.0,"cards_upgraded":["Strike_G","Strike_G","Strike_G","Strike_G","Strike_G","Defend_G","Defend_G","Defend_G","Defend_G","Defend_G"]},{"damage_healed":0.0,"max_hp_gain":0.0,"max_hp_loss":0.0,"gold_gain":0.0,"event_name":"Drug Dealer","player_choice":"Inject Mutagens","floor":29.0,"gold_loss":0.0,"damage_taken":0.0,"relics_obtained":["MutagenicStrength"]},{"damage_healed":0.0,"max_hp_gain":0.0,"max_hp_loss":0.0,"gold_gain":250.0,"event_name":"The Joust","player_choice":"Bet on Owner","floor":30.0,"gold_loss":50.0,"damage_taken":0.0}],"is_beta":false,"boss_relics":[{"not_picked":["Coffee Dripper","Ring of the Serpent"],"picked":"Busted Crown"}],"items_purged_floors":[],"is_endless":false,"potions_floor_spawned":[8,14,16,18,22,27,31],"killed_by":"Automaton","ascension_level":0}}