{"host":"q79spna8ofw6hj3r","time":1610220722,"event":{"mods":["Aspiration","BaseMod","Bestiary","Better Altar","Better Match","Better Note","Better Sensory Stone","Better Skull","Better Third Choice","Better Vampires","BetterRewards","Block Reminder","Card Filter","Challenge The Spire","Colored Map","Colored Powertips","Conspire","Custom Start","Energized Spire","Halation","Hubris","Infinite Spire","Jedi Mod","Mimic Mod","Minty Spire (QoL Compilation)","Permanent Neow","Quick Restart","Relic Filter","Relic Sorter","Replay The Spire","Shop Mod","StSLib","SuperFastMode","Synergy Search","The Runesmith","The Servant 0.9.4","vexMod"],"gold_per_floor":[118,118,128,78,91,91,91,126,166,182,182,199,219,237,237,342,342,355,355],"floor_reached":18,"playtime":1255,"items_purged":[],"score":166,"play_id":"13668d6f-781a-4ca2-8bd0-1bde085f9cd0","local_time":"20210109213202","is_ascension_mode":false,"campfire_choices":[{"data":"Runesmith:Fortify","floor":6,"key":"SMITH"},{"data":"Runesmith:Grindstone","floor":11,"key":"SMITH"},{"floor":15,"key":"REST"}],"circlet_count":0,"master_deck":["Runesmith:Strike_RS","Runesmith:Strike_RS","Runesmith:Defend_RS","Runesmith:Defend_RS","Runesmith:Defend_RS","Runesmith:Defend_RS","Runesmith:CraftFirestone","Runesmith:Fortify+1","Runesmith:FrozenChisel","Runesmith:CraftSpiculum","Runesmith:Accelerate","Runesmith:Grindstone+1","Runesmith:ChiselStab","Runesmith:ChiselStab","Runesmith:Duplicate"],"relics":["Runesmith:BrokenRuby","NeowsBlessing","Strawberry","vexMod:InvisibilityCloak","Dream Catcher","vexMod:MysteryBossChallenge","Sozu"],"acts_visited":["Exordium","TheCity"],"potions_floor_usage":[8,8,8],"damage_taken":[{"damage":0,"enemies":"Cultist","floor":1,"turns":1},{"damage":0,"enemies":"Jaw Worm","floor":3,"turns":1},{"damage":0,"enemies":"2 Louse","floor":5,"turns":2},{"damage":15,"enemies":"Gremlin Nob","floor":8,"turns":5},{"damage":0,"enemies":"Gremlin Gang","floor":9,"turns":7},{"damage":10,"enemies":"Gremlin Gang","floor":10,"turns":6},{"damage":0,"enemies":"Blue Slaver","floor":12,"turns":4},{"damage":0,"enemies":"Exordium Wildlife","floor":13,"turns":5},{"damage":5,"enemies":"Gremlin Gang","floor":14,"turns":6},{"damage":45,"enemies":"Fading Forest","floor":16,"turns":11},{"damage":11,"enemies":"3 Byrds","floor":18,"turns":6}],"seed_played":"-6287146948551741233","potions_obtained":[{"floor":1,"key":"Adrenaline Potion"},{"floor":3,"key":"Flashbang"},{"floor":5,"key":"Block Potion"},{"floor":8,"key":"Strength Potion"},{"floor":12,"key":"EssenceOfSteel"},{"floor":14,"key":"SneckoOil"}],"is_trial":false,"path_per_floor":["M","?","M","?","M","R","?","E","MIM","M","R","M","M","M","R","B",null,"M"],"character_chosen":"RUNESMITH_CLASS","items_purchased":[],"campfire_rested":1,"item_purchase_floors":[],"current_hp_per_floor":[70,74,74,74,74,74,74,59,59,49,49,49,49,44,67,32,77,66,66],"gold":355,"neow_bonus":"THREE_ENEMY_KILL","is_daily":false,"chose_seed":false,"campfire_upgraded":2,"win_rate":0.0,"timestamp":1610220722,"path_taken":["M","?","M","?","M","R","?","E","MIM","M","R","M","?","M","R","BOSS","M"],"items_purchased_type":[],"build_version":"2020-12-22","purchased_purges":0,"victory":false,"max_hp_per_floor":[70,77,77,77,77,77,77,77,77,77,77,77,77,77,77,77,77,77,77],"card_choices":[{"not_picked":["Runesmith:WhiteBalance","Runesmith:MakeshiftArmor","Runesmith:CraftProtectio"],"picked":"SKIP","floor":1},{"not_picked":["Runesmith:Accelerate","Runesmith:UnstableHammer"],"picked":"Runesmith:FrozenChisel","floor":3},{"not_picked":["Runesmith:RuneHurl","aspiration:UnbridledHammer"],"picked":"Runesmith:CraftSpiculum","floor":5},{"not_picked":["Runesmith:DoubleUp","Runesmith:NegativeSpace"],"picked":"Runesmith:Accelerate","floor":8},{"not_picked":["Runesmith:Terraform","Runesmith:CraftIncendium"],"picked":"Runesmith:Grindstone","floor":10},{"not_picked":["Runesmith:CraftMedicinae","Runesmith:HeatExchange","Runesmith:EnergizedChisel"],"picked":"SKIP","floor":12},{"not_picked":["Runesmith:RunicBlueprint","Runesmith:ChiselStab","Runesmith:ShiftingStrike"],"picked":"SKIP","floor":13},{"not_picked":["Runesmith:RunicBlueprint","Runesmith:ShiftingStrike"],"picked":"Runesmith:ChiselStab","floor":13},{"not_picked":["Runesmith:CraftProtectio","Runesmith:ChaoticBlast","Runesmith:Repurpose"],"picked":"SKIP","floor":14},{"not_picked":["Runesmith:UnstableHammer","Runesmith:Malloc"],"picked":"Runesmith:ChiselStab","floor":15},{"not_picked":["Runesmith:CraftPrismatica","Runesmith:CraftIndustria"],"picked":"Runesmith:Duplicate","floor":16}],"player_experience":230159,"relics_obtained":[{"floor":8,"key":"vexMod:InvisibilityCloak"},{"floor":9,"key":"Dream Catcher"}],"event_choices":[{"damage_healed":0,"gold_gain":0,"player_choice":"Relic ","damage_taken":3,"max_hp_gain":0,"max_hp_loss":0,"event_name":"betterThird:BetterScrap","floor":2,"gold_loss":0,"cards_obtained":["Dropkick"]},{"cards_removed":["Runesmith:Strike_RS"],"damage_healed":0,"gold_gain":0,"player_choice":"Card Removal","damage_taken":0,"max_hp_gain":0,"max_hp_loss":0,"event_name":"The Cleric","floor":4,"gold_loss":50},{"cards_removed":["Runesmith:Strike_RS"],"damage_healed":0,"gold_gain":0,"player_choice":"Offered Basic","damage_taken":0,"max_hp_gain":0,"max_hp_loss":0,"event_name":"Bonfire Elementals","floor":7,"gold_loss":0}],"is_beta":false,"boss_relics":[{"not_picked":["Coffee Dripper","aspiration:MobileForge"],"picked":"vexMod:MysteryBossChallenge"}],"items_purged_floors":[],"is_endless":false,"potions_floor_spawned":[1,3,5,8,12,14],"killed_by":"3 Byrds","ascension_level":0}}