{"host":"ik8ww1p4uabx5gam","time":1610187353,"event":{"mods":["Always Whale","Aspiration","BaseMod","Beaked The Cultist","Better Third Choice","BetterRewards","Colored Map","Colored Powertips","Conspire","Energized Spire","FetchMod","GifTheSpireLib","Hubris","Infinite Spire","Ironclad Rager","Jedi Mod","Minty Spire (QoL Compilation)","Random Character Button","Replay The Spire","Shop Mod","Spicy Shops","Spikes Relics","StSLib","Stuff the Spire","The Bladedancer","The Blue Laboratory","The Runesmith","Wandering Minibosses","??????REMEMod"],"gold_per_floor":[113,113,38,84,84,84,149,212,261,340,340,22,94,126,126,273,273,328,278,293,484,548,548,548,609,609,640,640,658,735,796,796,894,894,955,955,955,660,679,679,697,724,751,824,824,838,883,883],"floor_reached":47,"playtime":2961,"items_purged":["Looming Evil","Strike_B","Strike_B"],"score":704,"play_id":"c3e5ff9b-2eff-4cdf-a828-3bd11bcf7bea","local_time":"20210109041553","is_ascension_mode":true,"campfire_choices":[{"data":"Dualcast","floor":6,"key":"SMITH"},{"floor":11,"key":"REST"},{"floor":15,"key":"REST"},{"floor":23,"key":"REST"},{"floor":28,"key":"REST"},{"floor":32,"key":"REST"},{"data":"jedi:meditation","floor":40,"key":"SMITH"},{"data":"infinitespire:SevenWalls","floor":45,"key":"SMITH"}],"circlet_count":0,"master_deck":["Strike_B","Strike_B","Defend_B","Defend_B","Defend_B","Defend_B","Dualcast+1","Forethought","StuffTheSpire:Plugnplay","Ball Lightning","jedi:overflow+1","Glacier","Barrage","aspiration:Polymerization","Consume","jedi:bruteforce","Buffer","Capacitor","Hologram+1","Caltrops","Loop","infinitespire:Fortify","infinitespire:SevenWalls+1","Self Repair","BasicCrystalCard+1","StuffTheSpire:Coldhearted","jedi:meditation+1","Conserve Battery+1","Coolheaded","Meteor Strike"],"relics":["Cracked Core","REME_ComplimentaryCards","ReplayTheSpireMod:Ring of Challenge","Ring of Hypnosis","Toy Ornithopter","Pen Nib","beaked:ShinyBauble","Iron Hammer","Membership Card","hubris:BallOfYels","hubris:DisguiseKit","ChewingGum","Unceasing Top","Sozu","Replay:Antivirus Software","hubris:RGBLights","aspiration:HiddenCompartment","jedi:firstaidkit","Nuclear Battery","Replay:Frozen Program","Lantern","Art of War","TungstenRod","Bronze Scales","White Beast Statue"],"acts_visited":["Exordium","TheCity","TheBeyond"],"potions_floor_usage":[10,14,18,21],"damage_taken":[{"damage":1,"enemies":"2 Louse","floor":1,"turns":3},{"damage":4,"enemies":"Jaw Worm","floor":4,"turns":5},{"damage":14,"enemies":"Cultist","floor":7,"turns":4},{"damage":30,"enemies":"Gremlin Nob","floor":8,"turns":5},{"damage":24,"enemies":"3 Sentries","floor":10,"turns":11},{"damage":25,"enemies":"Gremlin Nob","floor":13,"turns":4},{"damage":2,"enemies":"3 Louse","floor":14,"turns":3},{"damage":0,"enemies":"Slime Boss","floor":16,"turns":6},{"damage":19,"enemies":"3 Byrds","floor":18,"turns":10},{"damage":10,"enemies":"Spheric Guardian","floor":20,"turns":3},{"damage":33,"enemies":"Snake Plant","floor":21,"turns":7},{"damage":14,"enemies":"Centurion and Healer","floor":22,"turns":12},{"damage":7,"enemies":"Shelled Parasite and Fungi","floor":25,"turns":7},{"damage":27,"enemies":"Chosen and Byrds","floor":27,"turns":8},{"damage":0,"enemies":"conspire:HollyBat","floor":29,"turns":7},{"damage":0,"enemies":"conspire:SneckoGhost","floor":30,"turns":6},{"damage":12,"enemies":"Centurion and Healer","floor":31,"turns":8},{"damage":32,"enemies":"hubris:MusketHawk","floor":33,"turns":9},{"damage":4,"enemies":"3 Shapes","floor":35,"turns":16},{"damage":0,"enemies":"Orb Walker","floor":39,"turns":2},{"damage":0,"enemies":"3 Darklings","floor":41,"turns":4},{"damage":45,"enemies":"Jaw Worm Horde","floor":42,"turns":6},{"damage":0,"enemies":"Nemesis","floor":44,"turns":5},{"damage":0,"enemies":"Sphere and 2 Shapes","floor":46,"turns":3},{"damage":88,"enemies":"infinitespire:Three Voidlings","floor":47,"turns":4}],"seed_played":"2672310743373124606","potions_obtained":[{"floor":8,"key":"blueLaboratory:BottleOfVodka"},{"floor":10,"key":"Explosive Potion"},{"floor":14,"key":"blueLaboratory:AbyssPotion"},{"floor":16,"key":"blueLaboratory:CoolantVial"},{"floor":20,"key":"Milkshake"}],"is_trial":false,"path_per_floor":["M","?","$","M","?","R","M","E","T","E","R","$","E","M","R","B",null,"M","?","M","M","M","R","AVR","M","T","M","R","M","E","M","R","B",null,"M","?","?","$","M","R","M","M","T","E","R","M","?"],"character_chosen":"DEFECT","items_purchased":["Membership Card","hubris:BallOfYels","Consume","Replay:Frozen Program","Lantern","Art of War"],"campfire_rested":5,"item_purchase_floors":[12,12,12,38,38,38],"current_hp_per_floor":[81,81,81,77,77,77,63,33,33,14,38,38,13,16,40,40,82,63,63,53,25,11,35,35,28,28,11,35,42,49,44,68,39,82,82,78,78,78,78,78,78,60,60,67,67,67,0,0],"gold":883,"neow_bonus":"TEN_PERCENT_HP_BONUS","is_daily":false,"chose_seed":false,"campfire_upgraded":3,"win_rate":0.0,"timestamp":1610187353,"path_taken":["M","?","$","M","?","R","?","E","T","E","R","$","E","M","R","BOSS","M","?","M","?","M","R","AVR","M","T","M","R","M","E","M","R","BOSS","M","?","?","$","M","R","?","M","T","E","R","M","?"],"items_purchased_type":["Relic","Relic","Card","Relic","Relic","Relic"],"build_version":"2020-12-22","purchased_purges":3,"victory":false,"max_hp_per_floor":[82,82,82,82,82,82,82,82,82,82,82,82,82,82,82,82,82,82,82,82,82,82,82,82,82,82,82,82,82,82,82,82,82,82,82,78,78,78,78,78,78,78,78,78,78,78,78,78],"card_choices":[{"not_picked":["Stack","Turbo"],"picked":"StuffTheSpire:Plugnplay","floor":1},{"not_picked":["REME_Compress","RefreshScreen"],"picked":"Ball Lightning","floor":4},{"not_picked":["Redo","Cold Snap"],"picked":"Glacier","floor":7},{"not_picked":["Beam Cell","Reprogram"],"picked":"Barrage","floor":8},{"not_picked":["Rebound","BasicCrystalCard"],"picked":"aspiration:Polymerization","floor":10},{"not_picked":["Panic Button","Ball Lightning"],"picked":"jedi:bruteforce","floor":13},{"not_picked":["REME_SelfUpgrade","Beam Cell","Barrage","Outmaneuver"],"picked":"SKIP","floor":14},{"not_picked":["jedi:bruteforce","hubris:SpecializedCircuitry","jedi:studypoison"],"picked":"Buffer","floor":16},{"not_picked":["Panic Button+1","Turbo","Escape Plan"],"picked":"Capacitor","floor":18},{"not_picked":["Blizzard","StuffTheSpire:LoadUp","Replay:Poison Smokescreen"],"picked":"Hologram+1","floor":20},{"not_picked":["Reboot","Redo","jedi:blockon"],"picked":"Caltrops","floor":21},{"not_picked":["Compile Driver","Cold Snap+1","StuffTheSpire:BumpUp"],"picked":"Loop","floor":22},{"not_picked":["Cold Snap","Barrage","Finisher"],"picked":"Self Repair","floor":25},{"not_picked":["Buffer","ReplaySort+1","ReplayTheSpireMod:Shiv Toss"],"picked":"BasicCrystalCard+1","floor":27},{"not_picked":["jedi:BurstLightning","jedi:blockon","Panic Button","Flechettes"],"picked":"SKIP","floor":29},{"not_picked":["Electrodynamics","Sweeping Beam","StuffTheSpire:Sprint"],"picked":"StuffTheSpire:Coldhearted","floor":30},{"not_picked":["Static Discharge+1","Streamline","Lockon","StuffTheSpire:Shiver"],"picked":"SKIP","floor":31},{"not_picked":["Amplify","Mirror Shield","Venomology"],"picked":"jedi:meditation","floor":33},{"not_picked":["Stack+1","jedi:markofdeath","StuffTheSpire:BumpUp"],"picked":"Conserve Battery+1","floor":35},{"not_picked":["Chill","Ball Lightning+1","Deflect"],"picked":"Coolheaded","floor":39},{"not_picked":["Hologram+1","ReplayGash+1","jedi:sharpshooter+1","Tactician"],"picked":"SKIP","floor":41},{"not_picked":["jedi:hex+1","Beam Cell+1","Poisoned Stab"],"picked":"Meteor Strike","floor":42},{"not_picked":["Coolheaded","jedi:blockon","ReplayGash+1","StuffTheSpire:ClusterCrunch"],"picked":"SKIP","floor":44},{"not_picked":["Conserve Battery","Redo","ReplayTheSpireMod:System Scan+1","Pace"],"picked":"SKIP","floor":46}],"player_experience":1005805,"relics_obtained":[{"floor":2,"key":"ReplayTheSpireMod:Ring of Challenge"},{"floor":2,"key":"Ring of Hypnosis"},{"floor":8,"key":"Toy Ornithopter"},{"floor":9,"key":"Pen Nib"},{"floor":10,"key":"beaked:ShinyBauble"},{"floor":10,"key":"Iron Hammer"},{"floor":13,"key":"hubris:DisguiseKit"},{"floor":18,"key":"Unceasing Top"},{"floor":26,"key":"hubris:RGBLights"},{"floor":27,"key":"aspiration:HiddenCompartment"},{"floor":30,"key":"jedi:firstaidkit"},{"floor":42,"key":"TungstenRod"},{"floor":43,"key":"Bronze Scales"},{"floor":44,"key":"White Beast Statue"}],"event_choices":[{"damage_healed":0,"gold_gain":0,"player_choice":"Bet on Murderer","damage_taken":0,"max_hp_gain":0,"max_hp_loss":0,"event_name":"The Joust","floor":19,"gold_loss":50},{"damage_healed":0,"gold_gain":0,"player_choice":"Max HP","damage_taken":0,"max_hp_gain":0,"max_hp_loss":4,"event_name":"Winding Halls","floor":36,"gold_loss":0},{"damage_healed":0,"gold_gain":0,"player_choice":"Got Potions","damage_taken":0,"max_hp_gain":0,"max_hp_loss":0,"event_name":"Lab","floor":37,"gold_loss":0}],"is_beta":false,"boss_relics":[{"not_picked":["hubris:RunicObelisk","Runic Pyramid"],"picked":"ChewingGum"},{"not_picked":["REME_DemonsWealth","infinitespire:Cupcake"],"picked":"Nuclear Battery"}],"items_purged_floors":[3,12,38],"is_endless":false,"potions_floor_spawned":[8,10,14,16,20,25,30,35,41,46],"killed_by":"infinitespire:Three Voidlings","ascension_level":1}}