{"host":"bq4pt811tk9yrmjl","time":1610198755,"event":{"mods":["AchievementEnabler","BaseMod","Colored Map","Colored Powertips","Defuse TimeMaze Blight","Hermit","Minty Spire (QoL Compilation)","StSLib","SuperFastMode"],"gold_per_floor":[117,117,132,145,145,145,178,246,246,57,57,69,69,89,89,196,246,265,265,278,309,309,350,350,350,350,372,372,401,433,433,433,549,549,575,163,196,196,12,12,0,14,14],"floor_reached":42,"playtime":1224,"items_purged":[],"score":462,"play_id":"6fae9123-adcd-4d8b-8814-763d089d26fe","local_time":"20210109112555","is_ascension_mode":true,"campfire_choices":[{"data":"hermit:Snapshot","floor":6.0,"key":"SMITH"},{"floor":15.0,"key":"REST"},{"floor":24.0,"key":"REST"},{"floor":32.0,"key":"REST"},{"floor":40,"key":"RECALL"}],"circlet_count":0,"master_deck":["hermit:Strike_Hermit+1","hermit:Strike_Hermit+1","hermit:Strike_Hermit+1","hermit:Strike_Hermit+1","hermit:Defend_Hermit+1","hermit:Defend_Hermit+1","hermit:Defend_Hermit+1","hermit:Defend_Hermit+1","hermit:Snapshot+1","hermit:Covet","hermit:GoldenBullet+1","Apotheosis+1","hermit:Dive+1","hermit:Scavenge+1","hermit:Showdown","hermit:Scavenge+1","hermit:Manifest+1","hermit:EyeOfTheStorm+1","hermit:TakeCover+1","hermit:Virtue+1","hermit:Gambit+1","hermit:FullyLoaded+1","hermit:Shortfuse"],"relics":["hermit:Momento","NeowsBlessing","Toxic Egg 2","Pocketwatch","Tiny House","MutagenicStrength","hermit:Horseshoe","Blue Candle","Cursed Key","OrangePellets","Shuriken","Medical Kit","Red Mask"],"acts_visited":["Exordium","TheCity","TheBeyond"],"potions_floor_usage":[37],"damage_taken":[{"damage":0.0,"enemies":"Cultist","floor":1.0,"turns":1.0},{"damage":6.0,"enemies":"2 Louse","floor":3.0,"turns":2.0},{"damage":0.0,"enemies":"Small Slimes","floor":4.0,"turns":1.0},{"damage":6.0,"enemies":"Gremlin Nob","floor":7.0,"turns":3.0},{"damage":11.0,"enemies":"3 Louse","floor":12.0,"turns":3.0},{"damage":0.0,"enemies":"Red Slaver","floor":14.0,"turns":2.0},{"damage":24.0,"enemies":"Hexaghost","floor":16.0,"turns":13.0},{"damage":8.0,"enemies":"Shell Parasite","floor":18.0,"turns":5.0},{"damage":0.0,"enemies":"Chosen","floor":20.0,"turns":5.0},{"damage":7.0,"enemies":"Snake Plant","floor":21.0,"turns":4.0},{"damage":44.0,"enemies":"Slavers","floor":23.0,"turns":10.0},{"damage":0.0,"enemies":"3 Cultists","floor":27.0,"turns":9.0},{"damage":0.0,"enemies":"Centurion and Healer","floor":29.0,"turns":8.0},{"damage":0.0,"enemies":"Snecko","floor":30.0,"turns":7.0},{"damage":38,"enemies":"Automaton","floor":33,"turns":18},{"damage":3,"enemies":"Orb Walker","floor":35,"turns":4},{"damage":12,"enemies":"3 Darklings","floor":37,"turns":7},{"damage":70,"enemies":"Nemesis","floor":42,"turns":9}],"seed_played":"-8219389583034074479","potions_obtained":[{"floor":14.0,"key":"Explosive Potion"},{"floor":16.0,"key":"Weak Potion"},{"floor":17.0,"key":"BlessingOfTheForge"},{"floor":18.0,"key":"SkillPotion"},{"floor":30.0,"key":"FearPotion"},{"floor":33,"key":"SneckoOil"},{"floor":35,"key":"Block Potion"}],"is_trial":false,"path_per_floor":["M","$","M","M","?","R","E","?","T","$","?","M","?","M","R","B",null,"M","?","M","M","?","E","R","?","T","M","?","M","M","?","R","B",null,"M","$","M","?","$","R","?","E"],"character_chosen":"HERMIT","items_purchased":["Apotheosis+1","OrangePellets","Shuriken","Medical Kit","hermit:Shortfuse"],"campfire_rested":3,"item_purchase_floors":[10,36,36,39,39],"current_hp_per_floor":[75,75,69,69,69,69,63,63,63,63,68,57,57,57,75,51,80,72,72,72,65,65,21,45,45,45,45,45,45,45,45,69,31,80,77,77,65,65,65,65,65,0,0],"gold":14,"neow_bonus":"THREE_ENEMY_KILL","is_daily":false,"chose_seed":false,"campfire_upgraded":1,"win_rate":0.0,"timestamp":1610198755,"path_taken":["M","$","?","M","?","R","E","?","T","$","?","?","?","M","R","BOSS","M","?","M","M","?","E","R","?","T","M","?","M","?","?","R","BOSS","M","$","M","?","?","R","?","E"],"items_purchased_type":["Card","Relic","Relic","Relic","Card"],"build_version":"2020-12-22","purchased_purges":0,"victory":false,"max_hp_per_floor":[75,75,75,75,75,75,75,75,75,75,75,75,75,75,75,75,80,80,80,80,80,80,80,80,80,80,80,80,80,80,80,80,80,80,80,80,80,80,80,80,80,80,80],"card_choices":[{"not_picked":["hermit:BodyArmor","hermit:Glare"],"picked":"hermit:GoldenBullet","floor":1.0},{"not_picked":["hermit:PistolWhip","hermit:TakeCover","hermit:Ricochet"],"picked":"SKIP","floor":3.0},{"not_picked":["hermit:LuckOfTheDraw","hermit:Headshot","hermit:LoneWolf"],"picked":"SKIP","floor":4.0},{"not_picked":["hermit:Misfire","hermit:Glare+1"],"picked":"hermit:Coalescence+1","floor":7.0},{"not_picked":["hermit:WideOpen","hermit:TakeAim"],"picked":"hermit:Dive+1","floor":12.0},{"not_picked":["hermit:WideOpen","hermit:Desperado"],"picked":"hermit:Scavenge+1","floor":14.0},{"not_picked":["hermit:Glare+1","hermit:Snipe+1"],"picked":"hermit:Showdown","floor":17.0},{"not_picked":["hermit:BodyArmor+1","hermit:CursedWeapon"],"picked":"hermit:Scavenge+1","floor":18.0},{"not_picked":["hermit:HoleUp+1","hermit:Determination"],"picked":"hermit:Manifest+1","floor":20.0},{"not_picked":["hermit:Roulette","hermit:BigShot"],"picked":"hermit:EyeOfTheStorm+1","floor":21.0},{"not_picked":["hermit:Magnum","hermit:SprayPray"],"picked":"hermit:TakeCover+1","floor":23.0},{"not_picked":["hermit:Desperado","hermit:Misfire+1"],"picked":"hermit:Virtue+1","floor":27.0},{"not_picked":["hermit:Dive+1","hermit:ItchyTrigger","hermit:CalledShot"],"picked":"SKIP","floor":29.0},{"not_picked":["hermit:TrackingShot","hermit:Dive+1","hermit:ItchyTrigger"],"picked":"SKIP","floor":30.0},{"not_picked":["hermit:Purgatory","hermit:EternalForm"],"picked":"hermit:Gambit+1","floor":33},{"not_picked":["hermit:Desperado+1","hermit:Determination","hermit:PistolWhip"],"picked":"SKIP","floor":35},{"not_picked":["hermit:Virtue+1","hermit:Snipe+1"],"picked":"hermit:FullyLoaded+1","floor":37}],"player_experience":147579,"relics_obtained":[{"floor":7.0,"key":"Toxic Egg 2"},{"floor":23.0,"key":"hermit:Horseshoe"},{"floor":26.0,"key":"Blue Candle"}],"event_choices":[{"damage_healed":0.0,"max_hp_gain":0.0,"max_hp_loss":0.0,"gold_gain":0.0,"event_name":"Living Wall","player_choice":"Grow","floor":5.0,"gold_loss":0.0,"damage_taken":0.0,"cards_upgraded":["hermit:GoldenBullet"]},{"damage_healed":0.0,"max_hp_gain":0.0,"max_hp_loss":0.0,"gold_gain":68.0,"event_name":"Golden Wing","player_choice":"Gained Gold","floor":8.0,"gold_loss":0.0,"damage_taken":0.0},{"cards_removed":["hermit:Coalescence"],"damage_healed":5.0,"max_hp_gain":0.0,"max_hp_loss":0.0,"gold_gain":0.0,"event_name":"Bonfire Elementals","player_choice":"Offered Common","floor":11.0,"gold_loss":0.0,"damage_taken":0.0},{"cards_removed":["hermit:Coalescence"],"damage_healed":5.0,"max_hp_gain":0.0,"max_hp_loss":0.0,"gold_gain":0.0,"event_name":"Bonfire Elementals","player_choice":"Offered Special","floor":11.0,"gold_loss":0.0,"damage_taken":0.0},{"damage_healed":0.0,"max_hp_gain":0.0,"max_hp_loss":0.0,"gold_gain":0.0,"event_name":"Big Fish","player_choice":"Box","floor":13.0,"gold_loss":0.0,"damage_taken":0.0,"relics_obtained":["Pocketwatch"],"cards_obtained":["Regret"]},{"damage_healed":0.0,"max_hp_gain":0.0,"max_hp_loss":0.0,"gold_gain":0.0,"event_name":"Cursed Tome","player_choice":"Ignored","floor":19.0,"gold_loss":0.0,"damage_taken":0.0},{"damage_healed":0.0,"max_hp_gain":0.0,"max_hp_loss":0.0,"gold_gain":0.0,"event_name":"Drug Dealer","player_choice":"Inject Mutagens","floor":22.0,"gold_loss":0.0,"damage_taken":0.0,"relics_obtained":["MutagenicStrength"]},{"damage_healed":0.0,"max_hp_gain":0.0,"max_hp_loss":0.0,"gold_gain":0.0,"event_name":"Beggar","player_choice":"Ignored","floor":25.0,"gold_loss":0.0,"damage_taken":0.0},{"damage_healed":0.0,"max_hp_gain":0.0,"max_hp_loss":0.0,"gold_gain":0.0,"event_name":"Vampires","player_choice":"Ignored","floor":28.0,"gold_loss":0.0,"damage_taken":0.0},{"damage_healed":0.0,"max_hp_gain":0.0,"max_hp_loss":0.0,"gold_gain":0.0,"event_name":"Back to Basics","player_choice":"Simplicity","floor":31.0,"gold_loss":0.0,"damage_taken":0.0,"cards_upgraded":["hermit:Strike_Hermit","hermit:Strike_Hermit","hermit:Strike_Hermit","hermit:Strike_Hermit","hermit:Defend_Hermit","hermit:Defend_Hermit","hermit:Defend_Hermit"]},{"cards_removed":["Regret"],"damage_healed":0,"gold_gain":0,"player_choice":"Removed Curses","damage_taken":0,"max_hp_gain":0,"max_hp_loss":0,"event_name":"Fountain of Cleansing","floor":38,"gold_loss":0},{"damage_healed":0,"gold_gain":0,"player_choice":"Paid","damage_taken":0,"relics_obtained":["Red Mask"],"max_hp_gain":0,"max_hp_loss":0,"event_name":"Tomb of Lord Red Mask","floor":41,"gold_loss":12}],"is_beta":false,"boss_relics":[{"not_picked":["Empty Cage","hermit:BartenderGlass"],"picked":"Tiny House"},{"not_picked":["Runic Dome","hermit:DentedPlate"],"picked":"Cursed Key"}],"items_purged_floors":[],"is_endless":false,"potions_floor_spawned":[14,16,18,20,30,33,35],"killed_by":"Nemesis","ascension_level":1}}