{"host":"edndssuekvzbh3is","time":1610171130,"event":{"mods":["BaseMod","Minty Spire (QoL Compilation)"],"gold_per_floor":[110,185,197,197,221,256,271,271,271,291,303,303,332,344,344,448,448,448,408,408,139,139,139,139,64,64,64,64,64,64,64,64,64,64,64,64,64,64,64,64,64,64,64,64,15,15,15,15,15,15,15],"floor_reached":50,"playtime":1815,"items_purged":["Strike_R"],"score":772,"play_id":"7e94c441-0545-45a9-b6d8-d8988be84cfc","local_time":"20210109004530","is_ascension_mode":true,"campfire_choices":[{"data":"Clothesline","floor":8,"key":"SMITH"},{"data":"Spot Weakness","floor":12,"key":"SMITH"},{"data":"Pummel","floor":15,"key":"SMITH"},{"data":"Flame Barrier","floor":23,"key":"SMITH"},{"data":"Pommel Strike","floor":29,"key":"SMITH"},{"data":"Shockwave","floor":32,"key":"SMITH"},{"data":"Double Tap","floor":40,"key":"SMITH"},{"data":"Impervious","floor":41,"key":"SMITH"},{"floor":49,"key":"RECALL"}],"circlet_count":0,"master_deck":["Strike_R","Strike_R","Strike_R","Defend_R","Defend_R","Defend_R","Defend_R","Bash","Cleave","Clothesline+1","Pummel+1","True Grit+1","Spot Weakness+1","Pommel Strike+1","Impervious+1","Anger+1","Shockwave+1","Flame Barrier+1","Inflame","Warcry","Armaments+1","Spot Weakness","Anger","Pommel Strike","Double Tap+1","True Grit+1","Iron Wave+1","Pommel Strike+1","Shrug It Off+1","Flame Barrier+1","Shrug It Off+1","Battle Trance+1","Body Slam+1"],"relics":["Burning Blood","NeowsBlessing","Orichalcum","Pantograph","White Beast Statue","Art of War","Ectoplasm","Ancient Tea Set","Bag of Marbles","Pear","Coffee Dripper","WingedGreaves","Bag of Preparation"],"acts_visited":["Exordium","TheCity","TheBeyond"],"potions_floor_usage":[13,13,16,16,24,27,33,39,47],"damage_taken":[{"damage":0,"enemies":"Jaw Worm","floor":1,"turns":1},{"damage":0,"enemies":"Small Slimes","floor":3,"turns":1},{"damage":0,"enemies":"3 Sentries","floor":6,"turns":1},{"damage":10,"enemies":"2 Louse","floor":7,"turns":2},{"damage":20,"enemies":"Exordium Thugs","floor":10,"turns":4},{"damage":6,"enemies":"2 Fungi Beasts","floor":11,"turns":4},{"damage":15,"enemies":"Lagavulin","floor":13,"turns":6},{"damage":7,"enemies":"Blue Slaver","floor":14,"turns":3},{"damage":22,"enemies":"Slime Boss","floor":16,"turns":5},{"damage":22,"enemies":"Spheric Guardian","floor":18,"turns":4},{"damage":8,"enemies":"Chosen","floor":20,"turns":5},{"damage":6,"enemies":"Snecko","floor":22,"turns":4},{"damage":0,"enemies":"Gremlin Leader","floor":24,"turns":5},{"damage":12,"enemies":"Snake Plant","floor":27,"turns":3},{"damage":14,"enemies":"Book of Stabbing","floor":28,"turns":4},{"damage":11,"enemies":"Chosen and Byrds","floor":31,"turns":4},{"damage":17,"enemies":"Collector","floor":33,"turns":7},{"damage":24,"enemies":"3 Shapes","floor":35,"turns":3},{"damage":10,"enemies":"Orb Walker","floor":36,"turns":4},{"damage":19,"enemies":"Spire Growth","floor":37,"turns":5},{"damage":19,"enemies":"2 Orb Walkers","floor":39,"turns":5},{"damage":2,"enemies":"Transient","floor":44,"turns":5},{"damage":11,"enemies":"Nemesis","floor":47,"turns":7},{"damage":1,"enemies":"4 Shapes","floor":48,"turns":5},{"damage":65,"enemies":"Time Eater","floor":50,"turns":6}],"seed_played":"-4344356835619943437","potions_obtained":[{"floor":6,"key":"PowerPotion"},{"floor":7,"key":"Dexterity Potion"},{"floor":10,"key":"CultistPotion"},{"floor":13,"key":"SpeedPotion"},{"floor":14,"key":"DistilledChaos"},{"floor":16,"key":"DuplicationPotion"},{"floor":18,"key":"Weak Potion"},{"floor":20,"key":"Fire Potion"},{"floor":22,"key":"SteroidPotion"},{"floor":24,"key":"Swift Potion"},{"floor":27,"key":"ColorlessPotion"},{"floor":28,"key":"Fire Potion"},{"floor":33,"key":"DuplicationPotion"},{"floor":35,"key":"CultistPotion"},{"floor":39,"key":"DistilledChaos"},{"floor":47,"key":"Explosive Potion"}],"is_trial":false,"path_per_floor":["M","?","M","?","T","E","M","R","T","M","M","R","E","M","R","B",null,"M","?","M","$","M","R","E","?","T","M","E","R","?","M","R","B",null,"M","M","M","?","?","R","R","?","T","M","$","?","E","M","R","B"],"character_chosen":"IRONCLAD","items_purchased":["Flame Barrier","Inflame","Flex","BloodPotion"],"campfire_rested":0,"item_purchase_floors":[21,21,21,45],"current_hp_per_floor":[78,67,73,73,73,79,75,75,75,61,61,61,52,51,51,60,75,59,59,57,57,57,57,63,63,63,57,59,59,41,36,36,50,84,66,62,49,49,36,36,36,36,36,40,40,40,35,40,40,0,0],"gold":15,"neow_bonus":"THREE_ENEMY_KILL","is_daily":false,"chose_seed":false,"campfire_upgraded":8,"win_rate":0.0,"timestamp":1610171130,"path_taken":["M","?","M","?","?","E","M","R","T","M","M","R","E","M","R","BOSS","M","?","M","?","M","R","E","?","T","M","E","R","?","M","R","BOSS","M","M","M","?","?","R","R","?","T","M","?","?","E","M","R","BOSS"],"items_purchased_type":["Card","Card","Card","Potion"],"build_version":"2020-12-22","purchased_purges":1,"victory":false,"max_hp_per_floor":[80,80,80,80,80,80,80,80,80,80,80,80,80,80,80,80,80,80,80,80,80,80,80,80,80,80,80,90,90,95,95,95,95,95,95,95,95,95,95,95,95,90,90,90,90,90,90,90,90,90,90],"card_choices":[{"not_picked":["Hemokinesis","Rampage"],"picked":"Cleave","floor":1},{"not_picked":["Infernal Blade","Twin Strike"],"picked":"Clothesline","floor":3},{"not_picked":["Sentinel","Clash","Reckless Charge"],"picked":"SKIP","floor":6},{"not_picked":["Berserk","Warcry"],"picked":"Pummel","floor":7},{"not_picked":["Dark Embrace","Iron Wave"],"picked":"True Grit","floor":10},{"not_picked":["Armaments","Intimidate"],"picked":"Spot Weakness","floor":11},{"not_picked":["Havoc","Clothesline"],"picked":"Pommel Strike","floor":13},{"not_picked":["Clothesline","Infernal Blade","Body Slam"],"picked":"SKIP","floor":14},{"not_picked":["Berserk","Juggernaut"],"picked":"Impervious","floor":16},{"not_picked":["Evolve","Headbutt"],"picked":"Anger+1","floor":18},{"not_picked":["Twin Strike","Body Slam"],"picked":"Shockwave","floor":20},{"not_picked":["Body Slam","Cleave"],"picked":"Warcry","floor":22},{"not_picked":["Fiend Fire","Bloodletting"],"picked":"Armaments+1","floor":24},{"not_picked":["Sword Boomerang","Bloodletting"],"picked":"Spot Weakness","floor":27},{"not_picked":["Iron Wave","Sever Soul+1"],"picked":"Anger","floor":28},{"not_picked":["Flex","Clash"],"picked":"Pommel Strike","floor":31},{"not_picked":["Bludgeon","Juggernaut"],"picked":"Double Tap","floor":33},{"not_picked":["Warcry+1","Sever Soul+1"],"picked":"True Grit+1","floor":35},{"not_picked":["Flame Barrier","Dropkick+1"],"picked":"Iron Wave+1","floor":36},{"not_picked":["Combust","True Grit+1"],"picked":"Pommel Strike+1","floor":37},{"not_picked":["Thunderclap","Twin Strike+1"],"picked":"Shrug It Off+1","floor":39},{"not_picked":["Wild Strike+1","Twin Strike+1"],"picked":"Flame Barrier+1","floor":44},{"not_picked":["Ghostly Armor+1","Carnage"],"picked":"Battle Trance+1","floor":47},{"not_picked":["Searing Blow+1","Bludgeon"],"picked":"Body Slam+1","floor":48}],"player_experience":290561,"relics_obtained":[{"floor":5,"key":"Orichalcum"},{"floor":6,"key":"Pantograph"},{"floor":9,"key":"White Beast Statue"},{"floor":13,"key":"Art of War"},{"floor":24,"key":"Ancient Tea Set"},{"floor":26,"key":"Bag of Marbles"},{"floor":28,"key":"Pear"},{"floor":39,"key":"WingedGreaves"},{"floor":47,"key":"Bag of Preparation"}],"event_choices":[{"damage_healed":0,"gold_gain":75,"player_choice":"Gather Gold","damage_taken":11,"max_hp_gain":0,"max_hp_loss":0,"event_name":"World of Goop","floor":2,"gold_loss":0},{"damage_healed":0,"gold_gain":0,"player_choice":"Ignored","damage_taken":0,"max_hp_gain":0,"max_hp_loss":0,"event_name":"Golden Idol","floor":4,"gold_loss":0},{"damage_healed":0,"gold_gain":0,"player_choice":"Upgrade","damage_taken":0,"max_hp_gain":0,"max_hp_loss":0,"event_name":"Designer","floor":19,"gold_loss":40,"cards_upgraded":["True Grit"]},{"cards_removed":["Strike_R"],"damage_healed":0,"gold_gain":0,"player_choice":"Gave Gold","damage_taken":0,"max_hp_gain":0,"max_hp_loss":0,"event_name":"Beggar","floor":25,"gold_loss":75},{"damage_healed":0,"gold_gain":0,"player_choice":"Shed Blood","damage_taken":23,"max_hp_gain":5,"max_hp_loss":0,"event_name":"Forgotten Altar","floor":30,"gold_loss":0},{"cards_removed":["Flex"],"damage_healed":0,"gold_gain":0,"player_choice":"Removed Skill","damage_taken":0,"max_hp_gain":0,"max_hp_loss":0,"event_name":"Falling","floor":38,"gold_loss":0},{"damage_healed":0,"gold_gain":0,"player_choice":"Fight","damage_taken":0,"max_hp_gain":0,"max_hp_loss":0,"event_name":"Mysterious Sphere","floor":39,"gold_loss":0},{"damage_healed":0,"gold_gain":0,"player_choice":"Max HP","damage_taken":0,"max_hp_gain":0,"max_hp_loss":5,"event_name":"Winding Halls","floor":42,"gold_loss":0},{"damage_healed":0,"gold_gain":0,"player_choice":"Copied","damage_taken":0,"max_hp_gain":0,"max_hp_loss":0,"event_name":"Duplicator","floor":46,"gold_loss":0,"cards_obtained":["Shrug It Off"]}],"is_beta":false,"boss_relics":[{"not_picked":["Cursed Key","Mark of Pain"],"picked":"Ectoplasm"},{"not_picked":["Runic Cube","Calling Bell"],"picked":"Coffee Dripper"}],"items_purged_floors":[21],"is_endless":false,"potions_floor_spawned":[6,7,10,11,13,14,16,18,20,22,24,27,28,31,33,35,36,37,39,44,47,48],"killed_by":"Time Eater","ascension_level":7}}