{"host":"pvafbce70weqvzks","time":1610156232,"event":{"mods":["BaseMod","Gremlin Mod","Hermit","Minty Spire (QoL Compilation)","StSLib","themimic"],"gold_per_floor":[109,128,141,158,158,158,176,187,187,201,52,127,138,152,152,257,257,267,281,295,46,66,66,66,66],"floor_reached":24,"playtime":1522,"items_purged":[],"score":196,"play_id":"d9cbc821-7b29-47be-8303-01e0eb4995dd","local_time":"20210108223712","is_ascension_mode":false,"campfire_choices":[{"data":"Zap","floor":6,"key":"SMITH"},{"floor":15,"key":"REST"},{"floor":23,"key":"REST"}],"circlet_count":0,"master_deck":["Strike_B","Strike_B","Strike_B","Strike_B","Defend_B","Defend_B","Defend_B","Defend_B","Zap+1","Dualcast","Steam","Genetic Algorithm+1","Rebound","Chill","Redo","Leap","Go for the Eyes","Defragment","Double Energy","Echo Form","Gash","Cold Snap","Lockon","Swift Strike","Melter","Genetic Algorithm","Rebound","Streamline+1"],"relics":["Cracked Core","NeowsBlessing","Mummified Hand","Lantern","Cursed Key"],"acts_visited":["Exordium","TheCity"],"potions_floor_usage":[8,8,16,16,22,24],"damage_taken":[{"damage":0,"enemies":"Jaw Worm","floor":1,"turns":1},{"damage":0,"enemies":"Cultist","floor":2,"turns":1},{"damage":0,"enemies":"2 Louse","floor":3,"turns":1},{"damage":9,"enemies":"Gremlin Gang","floor":4,"turns":6},{"damage":1,"enemies":"3 Louse","floor":7,"turns":4},{"damage":0,"enemies":"Exordium Thugs","floor":8,"turns":2},{"damage":17,"enemies":"Large Slime","floor":10,"turns":6},{"damage":0,"enemies":"Lots of Slimes","floor":13,"turns":5},{"damage":0,"enemies":"Looter","floor":14,"turns":3},{"damage":6,"enemies":"The Guardian","floor":16,"turns":13},{"damage":7,"enemies":"Spheric Guardian","floor":18,"turns":5},{"damage":20,"enemies":"3 Byrds","floor":19,"turns":6},{"damage":41,"enemies":"Snake Plant","floor":20,"turns":6},{"damage":26,"enemies":"Centurion and Healer","floor":22,"turns":7},{"damage":28,"enemies":"Slavers","floor":24,"turns":3}],"seed_played":"5249047333847944288","potions_obtained":[{"floor":1,"key":"Fire Potion"},{"floor":7,"key":"AttackPotion"},{"floor":8,"key":"Dexterity Potion"},{"floor":10,"key":"FairyPotion"},{"floor":14,"key":"FocusPotion"},{"floor":18,"key":"DistilledChaos"},{"floor":22,"key":"PowerPotion"}],"is_trial":false,"path_per_floor":["M","M","M","M","?","R","M","M","T","M","$","?","M","M","R","B",null,"M","M","M","$","M","R","E"],"character_chosen":"DEFECT","items_purchased":["Lantern","Swift Strike","Melter","Genetic Algorithm","Rebound"],"campfire_rested":2,"item_purchase_floors":[11,21,21,21,21],"current_hp_per_floor":[75,75,75,66,66,66,65,65,65,48,48,41,41,41,63,57,75,68,48,7,7,6,28,0,0],"gold":66,"neow_bonus":"THREE_ENEMY_KILL","is_daily":false,"chose_seed":false,"campfire_upgraded":1,"win_rate":0.0,"timestamp":1610156232,"path_taken":["M","M","M","M","?","R","M","M","T","?","$","?","M","M","R","BOSS","M","M","M","$","?","R","E"],"items_purchased_type":["Relic","Card","Card","Card","Card"],"build_version":"2020-12-22","purchased_purges":0,"victory":false,"max_hp_per_floor":[75,75,75,75,75,75,75,75,75,75,75,75,75,75,75,75,75,75,75,75,75,75,75,75,75],"card_choices":[{"not_picked":["Steam Power","Sweeping Beam"],"picked":"Steam","floor":1},{"not_picked":["Darkness","Capacitor"],"picked":"Genetic Algorithm","floor":2},{"not_picked":["Reprogram","Glacier"],"picked":"Rebound","floor":3},{"not_picked":["Stack","Blizzard"],"picked":"Chill","floor":4},{"not_picked":["Hologram","Barrage"],"picked":"Redo","floor":7},{"not_picked":["Lockon","Ball Lightning"],"picked":"Leap","floor":8},{"not_picked":["Darkness","Beam Cell"],"picked":"Go for the Eyes","floor":10},{"not_picked":["Skim","Hologram"],"picked":"Defragment","floor":13},{"not_picked":["Conserve Battery","Echo Form"],"picked":"Double Energy","floor":14},{"not_picked":["Thunder Strike","Fission"],"picked":"Echo Form","floor":16},{"not_picked":["Compile Driver","Conserve Battery+1"],"picked":"Gash","floor":18},{"not_picked":["Conserve Battery","Darkness"],"picked":"Cold Snap","floor":19},{"not_picked":["Redo","Hologram"],"picked":"Lockon","floor":20},{"not_picked":["Lockon+1","Chaos"],"picked":"Streamline+1","floor":22}],"player_experience":59515,"relics_obtained":[{"floor":9,"key":"Mummified Hand"}],"event_choices":[{"damage_healed":0,"gold_gain":0,"player_choice":"Forge","damage_taken":0,"max_hp_gain":0,"max_hp_loss":0,"event_name":"Accursed Blacksmith","floor":5,"gold_loss":0,"cards_upgraded":["Genetic Algorithm"]},{"damage_healed":0,"gold_gain":75,"player_choice":"Touch","damage_taken":7,"max_hp_gain":0,"max_hp_loss":0,"event_name":"FaceTrader","floor":12,"gold_loss":0}],"is_beta":false,"boss_relics":[{"not_picked":["Fusion Hammer","Pandora\u0027s Box"],"picked":"Cursed Key"}],"items_purged_floors":[],"is_endless":false,"potions_floor_spawned":[1,7,8,10,14,18,22],"killed_by":"Slavers","ascension_level":0}}