{"host":"rolltorest","time":1610183116,"event":{"mods":["BaseMod","Minty Spire (QoL Compilation)","Relic Stats","Robot Space Explorer","Slay the Relics Exporter","StSLib"],"gold_per_floor":[118,118,130,130,280,310,63,138,212,241,141,168,23,53,53,128,128,143,143,143,158,176,176,176,176],"floor_reached":24,"playtime":1495,"items_purged":["Doubt","RobotSpaceExplorer:Strike"],"score":447,"play_id":"7b10af48-488e-4fbd-b26e-68afdd47f7f8","local_time":"20210109010516","is_ascension_mode":true,"campfire_choices":[{"floor":15,"key":"REST"},{"floor":23,"key":"REST"}],"circlet_count":0,"master_deck":["AscendersBane","RobotSpaceExplorer:Defend","RobotSpaceExplorer:Defend","RobotSpaceExplorer:Defend","RobotSpaceExplorer:Scan","RobotSpaceExplorer:MiniLasers","RobotSpaceExplorer:StunGrenade","RobotSpaceExplorer:Fix","RobotSpaceExplorer:Asteroid","RobotSpaceExplorer:FrostMissile","RobotSpaceExplorer:Electropulse","RobotSpaceExplorer:Electropulse","RobotSpaceExplorer:ScrapMissile","RobotSpaceExplorer:StunGrenade","RobotSpaceExplorer:Blaster","RobotSpaceExplorer:ShockMissile+1","RobotSpaceExplorer:LaserBurst+1","RobotSpaceExplorer:MiniDrones+1","RobotSpaceExplorer:Blitz","Decay","RobotSpaceExplorer:PlasmaMissile+1","RobotSpaceExplorer:GearShield"],"relics":["RobotSpaceExplorer:RoboCore","NeowsBlessing","Toy Ornithopter","RobotSpaceExplorer:SlideRule","Shuriken","Turnip","Unceasing Top","Odd Mushroom","Astrolabe"],"acts_visited":["Exordium","TheCity"],"potions_floor_usage":[14,16],"damage_taken":[{"damage":0,"enemies":"Jaw Worm","floor":1,"turns":1},{"damage":0,"enemies":"Cultist","floor":3,"turns":1},{"damage":0,"enemies":"Gremlin Nob","floor":6,"turns":1},{"damage":23,"enemies":"3 Sentries","floor":10,"turns":8},{"damage":20,"enemies":"Gremlin Nob","floor":12,"turns":4},{"damage":4,"enemies":"The Mushroom Lair","floor":14,"turns":3},{"damage":22,"enemies":"Slime Boss","floor":16,"turns":7},{"damage":14,"enemies":"Shell Parasite","floor":18,"turns":4},{"damage":14,"enemies":"Spheric Guardian","floor":21,"turns":4},{"damage":15,"enemies":"Snake Plant","floor":22,"turns":5},{"damage":52,"enemies":"Gremlin Leader","floor":24,"turns":8}],"seed_played":"-1131649098039079398","potions_obtained":[{"floor":3,"key":"Explosive Potion"},{"floor":6,"key":"CultistPotion"},{"floor":14,"key":"Explosive Potion"},{"floor":18,"key":"Dexterity Potion"}],"is_trial":false,"path_per_floor":["M","?","M","?","?","E","$","?","T","E","$","E","$","?","R","B",null,"M","$","?","M","M","R","E"],"character_chosen":"RobotSpaceExplorer","items_purchased":["RobotSpaceExplorer:SlideRule","RobotSpaceExplorer:Electropulse","RobotSpaceExplorer:ScrapMissile"],"campfire_rested":2,"item_purchase_floors":[7,13,13],"current_hp_per_floor":[64,64,64,57,57,61,61,50,50,31,31,15,15,16,37,24,59,49,49,49,39,28,49,1,1],"gold":176,"neow_bonus":"THREE_ENEMY_KILL","is_daily":false,"chose_seed":false,"campfire_upgraded":0,"win_rate":0.0,"timestamp":1610183116,"path_taken":["M","?","?","?","?","E","$","?","T","E","?","E","?","?","R","BOSS","M","$","?","M","M","R","E"],"items_purchased_type":["Relic","Card","Card"],"build_version":"2020-12-18","purchased_purges":2,"victory":false,"max_hp_per_floor":[71,71,71,71,71,71,71,71,71,71,71,71,71,71,71,71,71,71,71,71,71,71,71,71,71],"relic_stats":{"counters":[11,46],"Shuriken":[17],"Astrolabe":["RobotSpaceExplorer:ShockMissile","RobotSpaceExplorer:LaserBurst","RobotSpaceExplorer:MiniDrones"],"Turnip":[14],"obtain_stats":[{"RobotSpaceExplorer:SlideRule":7,"NeowsBlessing":0,"Shuriken":9,"Astrolabe":17,"RobotSpaceExplorer:RoboCore":0,"Turnip":10,"Odd Mushroom":14,"Toy Ornithopter":6,"Unceasing Top":12},{"RobotSpaceExplorer:SlideRule":3,"NeowsBlessing":0,"Shuriken":3,"Astrolabe":7,"RobotSpaceExplorer:RoboCore":0,"Turnip":4,"Odd Mushroom":6,"Toy Ornithopter":3,"Unceasing Top":5},{"RobotSpaceExplorer:SlideRule":3,"NeowsBlessing":0,"Shuriken":3,"Astrolabe":25,"RobotSpaceExplorer:RoboCore":0,"Turnip":11,"Odd Mushroom":18,"Toy Ornithopter":3,"Unceasing Top":15}],"Toy Ornithopter":10,"Unceasing Top":[0]},"card_choices":[{"not_picked":["RobotSpaceExplorer:Counterblock","RobotSpaceExplorer:StarDust"],"picked":"RobotSpaceExplorer:StunGrenade","floor":1},{"not_picked":["RobotSpaceExplorer:GlueShot","RobotSpaceExplorer:SlimeMissile"],"picked":"RobotSpaceExplorer:Fix","floor":3},{"not_picked":["RobotSpaceExplorer:SurgingStrike","RobotSpaceExplorer:Probe"],"picked":"RobotSpaceExplorer:Asteroid","floor":6},{"not_picked":["RobotSpaceExplorer:MiniBoosters","RobotSpaceExplorer:Ammunition"],"picked":"RobotSpaceExplorer:FrostMissile","floor":10},{"not_picked":["RobotSpaceExplorer:MetalStrike","RobotSpaceExplorer:FranticSearch"],"picked":"RobotSpaceExplorer:Electropulse","floor":12},{"not_picked":["RobotSpaceExplorer:ShovelStrike","RobotSpaceExplorer:Probe"],"picked":"RobotSpaceExplorer:StunGrenade","floor":14},{"not_picked":["RobotSpaceExplorer:Autoloader","RobotSpaceExplorer:Exploration"],"picked":"RobotSpaceExplorer:Blaster","floor":16},{"not_picked":["RobotSpaceExplorer:Electropulse","RobotSpaceExplorer:MiniDrones"],"picked":"RobotSpaceExplorer:Blitz","floor":18},{"not_picked":["RobotSpaceExplorer:JunkDive","RobotSpaceExplorer:ScrapShield"],"picked":"RobotSpaceExplorer:PlasmaMissile+1","floor":21},{"not_picked":["RobotSpaceExplorer:FrostMissile+1","RobotSpaceExplorer:Probe+1"],"picked":"RobotSpaceExplorer:GearShield","floor":22}],"player_experience":1816007,"relics_obtained":[{"floor":6,"key":"Toy Ornithopter"},{"floor":9,"key":"Shuriken"},{"floor":10,"key":"Turnip"},{"floor":12,"key":"Unceasing Top"},{"floor":14,"key":"Odd Mushroom"}],"event_choices":[{"damage_healed":0,"gold_gain":0,"player_choice":"Ignored","damage_taken":0,"max_hp_gain":0,"max_hp_loss":0,"event_name":"Accursed Blacksmith","floor":2,"gold_loss":0},{"cards_removed":["RobotSpaceExplorer:Strike"],"damage_healed":0,"gold_gain":0,"player_choice":"Card Removal","damage_taken":7,"max_hp_gain":0,"max_hp_loss":0,"event_name":"Golden Wing","floor":4,"gold_loss":0},{"damage_healed":0,"gold_gain":150,"player_choice":"AGREE","damage_taken":0,"max_hp_gain":0,"max_hp_loss":0,"event_name":"Liars Game","floor":5,"gold_loss":0,"cards_obtained":["Doubt"]},{"damage_healed":0,"gold_gain":75,"player_choice":"Gather Gold","damage_taken":11,"max_hp_gain":0,"max_hp_loss":0,"event_name":"World of Goop","floor":8,"gold_loss":0},{"damage_healed":0,"gold_gain":0,"player_choice":"Fought Mushrooms","damage_taken":0,"max_hp_gain":0,"max_hp_loss":0,"event_name":"Mushrooms","floor":14,"gold_loss":0},{"damage_healed":0,"gold_gain":0,"player_choice":"Cursed","damage_taken":0,"max_hp_gain":0,"max_hp_loss":0,"event_name":"Wheel of Change","floor":20,"gold_loss":0,"cards_obtained":["Decay"]}],"is_beta":true,"boss_relics":[{"not_picked":["Empty Cage","Tiny House"],"picked":"Astrolabe"}],"items_purged_floors":[7,11],"is_endless":false,"potions_floor_spawned":[3,6,14,18],"killed_by":"Gremlin Leader","ascension_level":18}}