{"host":"cllrhzw6u2711n9p","time":1610169444,"event":{"mods":["Aspiration","BaseMod","Better Altar","Better Skull","Better Third Choice","BetterRewards","Highlight Path","Hubris","Infinite Spire","Minty Spire (QoL Compilation)","Replay The Spire","Spicy Shops","StSLib","SuperFastMode","vexMod"],"gold_per_floor":[119,119,119,119,137,162,180,215,215,246,246,261,16,36,36,131,797,808,819,20,40,40,40,59,59,59,59,70,70,96,131,131,234,234,248,208,224,224,259,259,285,285,285,285,285],"floor_reached":44,"playtime":4704,"items_purged":["Strike_R"],"score":549,"play_id":"fd30321a-5764-4854-8792-413fe7374b33","local_time":"20210109001724","daily_mods":["Colorless Cards","Heirloom","DeadlyEvents","Elite Swarm"],"is_ascension_mode":false,"campfire_choices":[{"floor":23,"key":"REST"},{"floor":27,"key":"DIG"},{"data":"Sword Boomerang","floor":29,"key":"SMITH"},{"data":"infinitespire:SevenWalls","floor":42,"key":"SMITH"}],"circlet_count":0,"master_deck":["Strike_R","Strike_R","Strike_R","Strike_R+1","Defend_R","Defend_R","Defend_R","Defend_R","Sword Boomerang+1","Deep Breath","Mayhem+1","Bandage Up","Barricade+1","hubris:EnhanceAbility","Cleave","infinitespire:OneForAll+1","Demon Form+1","Pommel Strike+1","Anger+1","Finesse+1","Iron Wave","Replay:Undeath\u0027s Touch+1","Rampage","Limit Break+1","Offering+1","Double Tap+1","Iron Wave","Seeing Red+1","infinitespire:SevenWalls+1","Juggernaut"],"relics":["Burning Blood","Ice Cream","Regal Pillow","ReplayTheSpireMod:Ring of Exchange","Ring of Hypnosis","Letter Opener","Gambling Chip","hubris:Reverence","infinitespire:Bottled Soul","hubris:Metronome","vexMod:RockOfEvil","Boot","Replay:Multitool","hubris:GlazedTorus","Toy Ornithopter","ReplayTheSpireMod:TigerMarble","Replay:Wax Seal","Vajra","vexMod:ImprovementManual","hubris:SlimyHat","Replay:Mystery Machine","Magic Flower","Mango"],"acts_visited":["Exordium","TheCity","TheBeyond"],"potions_floor_usage":[8,16,21,30,39],"damage_taken":[{"damage":11,"enemies":"2 Louse","floor":1,"turns":3},{"damage":2,"enemies":"Cultist","floor":5,"turns":3},{"damage":51,"enemies":"3 Sentries","floor":6,"turns":10},{"damage":9,"enemies":"infinitespire:Voidling","floor":7,"turns":4},{"damage":6,"enemies":"Lagavulin","floor":8,"turns":7},{"damage":32,"enemies":"Gremlin Nob","floor":10,"turns":5},{"damage":9,"enemies":"Blue Slaver","floor":12,"turns":5},{"damage":0,"enemies":"3 Louse","floor":14,"turns":2},{"damage":72,"enemies":"Slime Boss","floor":16,"turns":14},{"damage":61,"enemies":"Shell Parasite","floor":18,"turns":7},{"damage":21,"enemies":"3 Byrds","floor":19,"turns":6},{"damage":30,"enemies":"Centurion and Healer","floor":21,"turns":4},{"damage":30,"enemies":"Shelled Parasite and Fungi","floor":24,"turns":4},{"damage":9,"enemies":"3 Cultists","floor":28,"turns":4},{"damage":33,"enemies":"Replay:Snechameleon","floor":30,"turns":4},{"damage":38,"enemies":"Gremlin Leader","floor":31,"turns":6},{"damage":21,"enemies":"Champ","floor":33,"turns":7},{"damage":6,"enemies":"3 Shapes","floor":35,"turns":1},{"damage":42,"enemies":"3 Darklings","floor":37,"turns":3},{"damage":21,"enemies":"Reptomancer","floor":39,"turns":3},{"damage":29,"enemies":"Giant Head","floor":41,"turns":6},{"damage":91,"enemies":"Nightmare","floor":44,"turns":6}],"seed_played":"4564157731462717984","potions_obtained":[{"floor":6,"key":"Milkshake"},{"floor":7,"key":"Weak Potion"},{"floor":14,"key":"Explosive Potion"},{"floor":28,"key":"Energy Potion"},{"floor":33,"key":"Energy Potion"},{"floor":37,"key":"Elixir"},{"floor":39,"key":"GamblersBrew"}],"is_trial":true,"path_per_floor":["M","?","?","?","M","E","M","E","T","E","$","M","$","M","R","B",null,"M","M","$","M","?","R","M","R","T","R","M","R","E","E","R","B",null,"M","?","M","AVR","E","R","E","R","T","NM"],"character_chosen":"IRONCLAD","items_purchased":["hubris:Metronome","Boot","Replay:Multitool","hubris:GlazedTorus","PowerPotion"],"campfire_rested":1,"item_purchase_floors":[13,20,20,20,20],"current_hp_per_floor":[75,75,75,75,79,34,31,35,35,13,13,22,22,32,71,25,80,41,38,38,22,22,61,41,80,80,80,77,77,53,29,68,61,80,80,80,48,48,42,80,65,65,79,0,0],"gold":285,"neow_bonus":"","is_daily":false,"chose_seed":false,"campfire_upgraded":2,"win_rate":0.0,"timestamp":1610169444,"path_taken":["M","?","?","?","?","E","M","E","T","?","?","M","$","?","R","BOSS","M","M","$","M","?","R","M","R","T","R","?","R","?","E","R","BOSS","M","?","M","AVR","?","R","E","R","T","NM"],"items_purchased_type":["Relic","Relic","Relic","Relic","Potion"],"build_version":"2020-12-22","purchased_purges":1,"victory":false,"max_hp_per_floor":[80,80,80,80,80,80,80,80,80,80,80,80,80,80,80,80,80,80,80,80,80,80,80,80,80,80,80,80,80,80,80,80,80,80,80,80,80,80,80,80,80,80,94,94,94],"card_choices":[{"not_picked":["Reckless Charge","Flex"],"picked":"Sword Boomerang","floor":1},{"not_picked":["Sword Boomerang","Ghostly Armor"],"picked":"Deep Breath","floor":5},{"not_picked":["Transmutation","Double Tap"],"picked":"Mayhem","floor":6},{"not_picked":["Impatience","Iron Wave"],"picked":"Bandage Up","floor":7},{"not_picked":["vexMod:StairwayStrike","Impervious"],"picked":"Barricade","floor":8},{"not_picked":["Magnetism","Crow Ritual"],"picked":"hubris:EnhanceAbility","floor":10},{"not_picked":["Reckless Charge","Havoc"],"picked":"Cleave","floor":12},{"not_picked":["Dark Embrace","Thunderclap"],"picked":"infinitespire:OneForAll","floor":14},{"not_picked":["Limit Break","Midas Touch"],"picked":"Demon Form","floor":16},{"not_picked":["Warcry","True Grit+1"],"picked":"Pommel Strike","floor":18},{"not_picked":["Cleave","Searing Blow"],"picked":"Anger","floor":19},{"not_picked":["Clothesline+1","ReplayTheSpireMod:Strike From Hell"],"picked":"Finesse+1","floor":21},{"not_picked":["hubris:ReadiedAction","Iron Wave"],"picked":"Replay:Undeath\u0027s Touch","floor":24},{"not_picked":["Pommel Strike","True Grit+1"],"picked":"Rampage","floor":28},{"not_picked":["hubris:EnhanceAbility","Apotheosis"],"picked":"Limit Break","floor":30},{"not_picked":["Apotheosis","Thinking Ahead"],"picked":"Offering","floor":31},{"not_picked":["Crow Ritual","ReplayTheSpireMod:Brewmster"],"picked":"Double Tap","floor":33},{"not_picked":["Perfected Strike+1","Deep Breath"],"picked":"Iron Wave","floor":35},{"not_picked":["Second Wind+1","Warcry+1"],"picked":"Seeing Red+1","floor":37},{"not_picked":["The Bomb","Chrysalis","Eclipse"],"picked":"SKIP","floor":39},{"not_picked":["Chrysalis","Brutality"],"picked":"Juggernaut","floor":41}],"player_experience":5675,"relics_obtained":[{"floor":2,"key":"Regal Pillow"},{"floor":3,"key":"ReplayTheSpireMod:Ring of Exchange"},{"floor":3,"key":"Ring of Hypnosis"},{"floor":6,"key":"Letter Opener"},{"floor":8,"key":"Gambling Chip"},{"floor":9,"key":"hubris:Reverence"},{"floor":10,"key":"infinitespire:Bottled Soul"},{"floor":26,"key":"Toy Ornithopter"},{"floor":27,"key":"ReplayTheSpireMod:TigerMarble"},{"floor":30,"key":"Replay:Wax Seal"},{"floor":31,"key":"Vajra"},{"floor":39,"key":"Replay:Mystery Machine"},{"floor":41,"key":"Magic Flower"},{"floor":43,"key":"Mango"}],"event_choices":[{"cards_removed":["Languid"],"damage_healed":0,"gold_gain":0,"player_choice":"Purged","damage_taken":0,"max_hp_gain":0,"max_hp_loss":0,"event_name":"Purifier","floor":4,"gold_loss":0},{"cards_removed":["Bash"],"damage_healed":0,"gold_gain":0,"player_choice":"Took Card","damage_taken":0,"max_hp_gain":0,"max_hp_loss":0,"event_name":"NoteForYourself","floor":22,"gold_loss":0,"cards_obtained":["Iron Wave"]},{"damage_healed":0,"gold_gain":0,"player_choice":"Upgraded Two","damage_taken":0,"max_hp_gain":0,"max_hp_loss":0,"event_name":"Designer","floor":36,"gold_loss":40,"cards_upgraded":["Strike_R","Pommel Strike"]}],"is_beta":false,"boss_relics":[{"not_picked":["vexMod:MegatonBomb","Ooze Armor"],"picked":"vexMod:RockOfEvil"},{"not_picked":["Brimstone","aspiration:FutureDiary"],"picked":"vexMod:ImprovementManual"}],"items_purged_floors":[38],"is_endless":false,"potions_floor_spawned":[6,7,14,28,33,37,39],"killed_by":"Nightmare","ascension_level":0}}