{"host":"3xls0xm49ftugio7","time":1610215038,"event":{"mods":["2.2 Compatiblity","AchievementEnabler","Act Like it!","BaseMod","Colored Powertips","Downfall","GifTheSpireLib","Minty Spire (QoL Compilation)","Quick Restart","Relic Stats","StSLib","Waifu the Spire"],"gold_per_floor":[99,167,210,210,221,272,272,336,336,23,23,101,101,18,55,177,177,177,194,235,312,375,432,432,163,202,255,180,218,254,299,312,414,414,414,455,490,246,263,277,301,320,393,421,446,472,322,334,353,353,353,385,19,19,44],"floor_reached":56,"playtime":5333,"items_purged":["sneckomod:Strike","sneckomod:Strike","sneckomod:Defend"],"score":1723,"play_id":"6a126333-ceec-433d-869e-ba2706c3a7dd","local_time":"20210109195718","is_ascension_mode":true,"campfire_choices":[{"data":"HandOfGreed","floor":1.0,"key":"SMITH"},{"data":"sneckomod:MorePower","floor":9.0,"key":"SMITH"},{"data":"sneckomod:SerpentIdol","floor":11.0,"key":"SMITH"},{"floor":13.0,"key":"REST"},{"floor":18.0,"key":"RECALL"},{"floor":28,"key":"REST"},{"floor":35,"key":"REST"},{"floor":47,"key":"REST"},{"floor":54,"key":"REST"}],"circlet_count":0,"master_deck":["sneckomod:Defend+1","sneckomod:Defend+1","sneckomod:TailWhip+1","sneckomod:SnekBite+1","sneckomod:Unknown+2","sneckomod:Unknown+2","HandOfGreed+1","sneckomod:UnknownStrike+2","sneckomod:Nope+1","sneckomod:SerpentIdol+1","sneckomod:ImprovisedGuard+1","sneckomod:UnknownClassHEXA_GHOST_PURPLE+2","sneckomod:MorePower+1","sneckomod:SlitherStrike+1","sneckomod:UnknownRareSkill+1","sneckomod:UnknownClassPURPLE+2","sneckomod:UnknownExhaust+1","sneckomod:UnknownClassHEXA_GHOST_PURPLE+2","sneckomod:UnknownClassGUARDIAN+1","sneckomod:UnknownUncommonPower+2","hexamod:SixthSeal","sneckomod:UnknownRarePower+1","sneckomod:UnknownEthereal+2","sneckomod:UnknownClassTHE_CHAMP_GRAY+1","sneckomod:UnknownRarePower+2","sneckomod:SerpentIdol+1","sneckomod:UnknownClassSLIMEBOUND+1","sneckomod:SerpentIdol+1","sneckomod:UnknownUncommonPower+1","sneckomod:CheapStock+1","sneckomod:UnknownClassBLUE+1","sneckomod:UnknownClassGUARDIAN+2","hexamod:SixthSeal","sneckomod:UnknownUncommonPower+1","sneckomod:UnknownUncommonAttack+1","sneckomod:UnknownStrength+1","sneckomod:UnknownClassGUARDIAN+2","sneckomod:UnknownClassTHE_CHAMP_GRAY+1","sneckomod:UnknownDexterity+1","sneckomod:UnknownStrength+1","sneckomod:CheapStock+1","sneckomod:UnknownClassTHE_CHAMP_GRAY+1","sneckomod:Unknown0Cost+2","sneckomod:Unknown3Cost+1","sneckomod:DangerNoodle+1","sneckomod:Unknown0Cost+1","sneckomod:SlitherStrike+1","sneckomod:CheapStock+1","expansioncontent:Chronoboost+1","sneckomod:UnknownUncommonAttack+1","sneckomod:UnknownEthereal+2","sneckomod:UnknownClassRED+1","sneckomod:UnknownEthereal+2","sneckomod:UnknownRarePower+1","sneckomod:Unknown0Cost+1","sneckomod:SoulDraw+1","sneckomod:UnknownRareAttack+1","sneckomod:UnknownUncommonPower+1","sneckomod:Unknown3Cost+1","sneckomod:UnknownX+1","sneckomod:MasterEye+1","sneckomod:CheapStock+1","sneckomod:SoulExchange+1","sneckomod:UnknownUncommonSkill+1"],"relics":["sneckomod:SneckoSoul","Meat on the Bone","Guardian:GemstoneGun","Vajra","Odd Mushroom","Fusion Hammer","Gambling Chip","champ:DeflectingBracers","hexamod:BolsterEngine","Mummified Hand","downfall:HeartBlessingRed","Philosopher\u0027s Stone","Chemical X","Bronze Scales","CaptainsWheel","Shuriken","Dream Catcher","Frozen Egg 2","downfall:HeartBlessingGreen","downfall:HeartBlessingBlue","Bottled Lightning","Frozen Eye"],"acts_visited":["Exordium","TheCity","TheBeyond","TheEnding"],"potions_floor_usage":[22,23,33,36,40,43,46,46,48,55,55],"damage_taken":[{"damage":5.0,"enemies":"2 Louse","floor":2.0,"turns":5.0},{"damage":6.0,"enemies":"Cultist","floor":3.0,"turns":4.0},{"damage":7.0,"enemies":"Jaw Worm","floor":5.0,"turns":3.0},{"damage":46.0,"enemies":"Lagavulin","floor":6.0,"turns":8.0},{"damage":3.0,"enemies":"Exordium Wildlife","floor":8.0,"turns":3.0},{"damage":0.0,"enemies":"downfall:FleeingMerchant","floor":10.0,"turns":4.0},{"damage":3.0,"enemies":"The Mushroom Lair","floor":12.0,"turns":4.0},{"damage":8.0,"enemies":"downfall:FleeingMerchant","floor":14.0,"turns":4.0},{"damage":8.0,"enemies":"2 Fungi Beasts","floor":15.0,"turns":3.0},{"damage":21.0,"enemies":"downfall:Silent","floor":16.0,"turns":9.0},{"damage":5.0,"enemies":"Shell Parasite","floor":19.0,"turns":4.0},{"damage":0.0,"enemies":"Snake Plant","floor":20.0,"turns":3.0},{"damage":40.0,"enemies":"Shelled Parasite and Fungi","floor":21.0,"turns":8.0},{"damage":11,"enemies":"Centurion and Healer","floor":22,"turns":8},{"damage":15,"enemies":"Gremlin Leader","floor":23,"turns":7},{"damage":5,"enemies":"downfall:FleeingMerchant","floor":25,"turns":5},{"damage":0,"enemies":"Snecko","floor":26,"turns":6},{"damage":11,"enemies":"Slavers","floor":27,"turns":4},{"damage":0,"enemies":"Snake Plant","floor":29,"turns":4},{"damage":27,"enemies":"Centurion and Healer","floor":30,"turns":6},{"damage":12,"enemies":"Snecko","floor":31,"turns":4},{"damage":1,"enemies":"Chosen and Byrds","floor":32,"turns":4},{"damage":13,"enemies":"downfall:Ironclad","floor":33,"turns":4},{"damage":35,"enemies":"3 Darklings","floor":36,"turns":6},{"damage":1,"enemies":"Orb Walker","floor":37,"turns":3},{"damage":15,"enemies":"downfall:FleeingMerchant","floor":38,"turns":4},{"damage":0,"enemies":"Sphere and 2 Shapes","floor":39,"turns":5},{"damage":17,"enemies":"Writhing Mass","floor":40,"turns":4},{"damage":34,"enemies":"Spire Growth","floor":42,"turns":3},{"damage":46,"enemies":"2 Orb Walkers","floor":43,"turns":5},{"damage":4,"enemies":"Nemesis","floor":44,"turns":7},{"damage":0,"enemies":"Reptomancer","floor":46,"turns":5},{"damage":18,"enemies":"Jaw Worm Horde","floor":48,"turns":4},{"damage":22,"enemies":"4 Shapes","floor":49,"turns":7},{"damage":20,"enemies":"downfall:Watcher","floor":50,"turns":8},{"damage":37,"enemies":"downfall:CharBossMerchant","floor":52,"turns":5},{"damage":48,"enemies":"downfall:NeowBoss","floor":55,"turns":15}],"seed_played":"1869018380485740837","potions_obtained":[{"floor":5.0,"key":"DuplicationPotion"},{"floor":12.0,"key":"SmokeBomb"},{"floor":15.0,"key":"PowerPotion"},{"floor":21.0,"key":"EntropicBrew"},{"floor":23,"key":"Dexterity Potion"},{"floor":33,"key":"Regen Potion"},{"floor":36,"key":"AttackPotion"},{"floor":42,"key":"Regen Potion"},{"floor":48,"key":"Weak Potion"}],"is_trial":false,"path_per_floor":["R","M","M","?","M","E","T","M","R","$","R","?","R","$","M","B",null,"R","M","M","M","M","E","T","$","M","E","R","M","M","M","M","B",null,"R","M","M","$","M","M","T","M","?","E","?","E","R","M","M","B",null,"E","$","R","B",null],"character_chosen":"THE_SNECKO","items_purchased":["Vajra","sneckomod:UnknownClassPURPLE","sneckomod:UnknownUncommonPower","hexamod:BolsterEngine","Chemical X","Bronze Scales","sneckomod:CheapStock","expansioncontent:Chronoboost","sneckomod:CheapStock+1","sneckomod:SoulExchange","Frozen Eye"],"campfire_rested":5,"item_purchase_floors":[10,10,14,25,38,38,38,38,53,53,53],"current_hp_per_floor":[81,77,71,71,64,38,38,47,47,49,49,48,74,76,72,57,93,93,88,89,54,69,55,55,56,58,64,94,94,68,57,58,65,107,107,85,84,69,87,88,88,59,38,52,52,60,107,103,121,114,127,113,113,129,129],"gold":44,"neow_bonus":"RANDOM_COLORLESS_2","is_daily":false,"chose_seed":false,"campfire_upgraded":3,"win_rate":0.0,"timestamp":1610215038,"path_taken":["R","M","M","?","?","E","T","M","R","$","R","?","R","$","M","BOSS","R","M","M","M","M","E","T","$","M","E","R","M","M","M","M","BOSS","R","M","M","$","M","M","T","M","?","E","?","E","R","M","M","BOSS","E","$","R","BOSS"],"items_purchased_type":["Relic","Card","Card","Relic","Relic","Relic","Card","Card","Card","Card","Relic"],"build_version":"2020-12-22","purchased_purges":3,"victory":true,"max_hp_per_floor":[81,82,82,82,82,83,83,83,83,85,85,87,87,89,91,93,93,93,93,94,95,97,98,98,99,101,102,102,102,103,104,106,107,107,107,108,108,108,108,109,109,109,110,112,112,114,124,126,127,127,127,128,128,129,129],"relic_stats":{"Dream Catcher":2,"counters":[37,195],"Mummified Hand":[285],"Shuriken":[11],"Gambling Chip":[19],"Bronze Scales":[122],"Chemical X":[6],"obtain_stats":[{"downfall:HeartBlessingRed":28,"Guardian:GemstoneGun":7,"Vajra":10,"downfall:HeartBlessingGreen":47,"champ:DeflectingBracers":24,"Odd Mushroom":12,"Frozen Egg 2":46,"sneckomod:SneckoSoul":0,"Frozen Eye":53,"CaptainsWheel":43,"Dream Catcher":45,"Mummified Hand":27,"Shuriken":44,"downfall:HeartBlessingBlue":47,"Gambling Chip":23,"Bronze Scales":38,"Philosopher\u0027s Stone":34,"Fusion Hammer":17,"Chemical X":38,"Bottled Lightning":52,"hexamod:BolsterEngine":25,"Meat on the Bone":6},{"downfall:HeartBlessingRed":18,"Guardian:GemstoneGun":4,"Vajra":6,"downfall:HeartBlessingGreen":32,"champ:DeflectingBracers":15,"Odd Mushroom":7,"Frozen Egg 2":32,"sneckomod:SneckoSoul":0,"Frozen Eye":36,"CaptainsWheel":30,"Dream Catcher":31,"Mummified Hand":18,"Shuriken":31,"downfall:HeartBlessingBlue":32,"Gambling Chip":15,"Bronze Scales":26,"Philosopher\u0027s Stone":23,"Fusion Hammer":10,"Chemical X":26,"Bottled Lightning":36,"hexamod:BolsterEngine":16,"Meat on the Bone":4},{"downfall:HeartBlessingRed":92,"Guardian:GemstoneGun":20,"Vajra":27,"downfall:HeartBlessingGreen":156,"champ:DeflectingBracers":77,"Odd Mushroom":31,"Frozen Egg 2":156,"sneckomod:SneckoSoul":0,"Frozen Eye":180,"CaptainsWheel":144,"Dream Catcher":151,"Mummified Hand":92,"Shuriken":151,"downfall:HeartBlessingBlue":156,"Gambling Chip":77,"Bronze Scales":127,"Philosopher\u0027s Stone":114,"Fusion Hammer":47,"Chemical X":127,"Bottled Lightning":180,"hexamod:BolsterEngine":82,"Meat on the Bone":20}],"Meat on the Bone":60},"card_choices":[{"not_picked":["Metamorphosis","Panache"],"picked":"HandOfGreed","floor":0.0},{"not_picked":["sneckomod:RainOfDice","sneckomod:UnknownCommonSkill"],"picked":"sneckomod:UnknownStrike","floor":2.0},{"not_picked":["sneckomod:ImprovisedGuard","sneckomod:UnknownStrike"],"picked":"sneckomod:Nope","floor":3.0},{"not_picked":["sneckomod:DiceBoulder","sneckomod:UnknownStrike"],"picked":"sneckomod:ImprovisedGuard","floor":5.0},{"not_picked":["sneckomod:SoulDraw","sneckomod:SoulRoll"],"picked":"sneckomod:UnknownClassHEXA_GHOST_PURPLE","floor":6.0},{"not_picked":["sneckomod:UnknownExhaust","sneckomod:UnknownEthereal"],"picked":"sneckomod:MorePower","floor":8.0},{"not_picked":["sneckomod:UnknownExhaust","sneckomod:Nope"],"picked":"sneckomod:SlitherStrike","floor":10.0},{"not_picked":["sneckomod:UnknownClassRED+1","sneckomod:UnknownStrength+1"],"picked":"sneckomod:UnknownRareSkill+1","floor":10.0},{"not_picked":["sneckomod:UnknownClassRED+1","sneckomod:UnknownClassHEXA_GHOST_PURPLE+1"],"picked":"sneckomod:UnknownExhaust+1","floor":12.0},{"not_picked":["sneckomod:Nope","sneckomod:QuickBite"],"picked":"sneckomod:UnknownClassHEXA_GHOST_PURPLE","floor":12.0},{"not_picked":["sneckomod:UnknownStrike+1","sneckomod:UnknownUncommonAttack+1"],"picked":"sneckomod:UnknownClassGUARDIAN+1","floor":14.0},{"not_picked":["sneckomod:Mudshield","sneckomod:SoulRoll","sneckomod:QuickBite"],"picked":"SKIP","floor":14.0},{"not_picked":["hexamod:FirstSeal","hexamod:FourthSeal"],"picked":"hexamod:SixthSeal","floor":15.0},{"not_picked":["sneckomod:Unknown2Cost+1","sneckomod:UnknownClassGUARDIAN+1"],"picked":"sneckomod:UnknownRarePower+1","floor":15.0},{"not_picked":["sneckomod:QuickMove","sneckomod:UnknownClassBLUE"],"picked":"sneckomod:UnknownEthereal","floor":15.0},{"not_picked":["sneckomod:UnknownClassSLIMEBOUND+1","sneckomod:UnknownClassHEXA_GHOST_PURPLE+1"],"picked":"sneckomod:UnknownClassTHE_CHAMP_GRAY+1","floor":16.0},{"not_picked":["sneckomod:Restock","sneckomod:SoulExchange"],"picked":"sneckomod:UnknownRarePower","floor":16.0},{"not_picked":["sneckomod:DiceBoulder+1","sneckomod:UnknownVulnerable"],"picked":"sneckomod:SerpentIdol","floor":19.0},{"not_picked":["sneckomod:UnknownCommonAttack+1","sneckomod:UnknownClassGREEN+1"],"picked":"sneckomod:UnknownClassSLIMEBOUND+1","floor":20.0},{"not_picked":["sneckomod:DiceBlock","sneckomod:WideSting"],"picked":"sneckomod:SerpentIdol","floor":20.0},{"not_picked":["sneckomod:UnknownStrike+1","sneckomod:UnknownX+1"],"picked":"sneckomod:UnknownUncommonPower+1","floor":21.0},{"not_picked":["sneckomod:UnlimitedRolls","sneckomod:Nope"],"picked":"sneckomod:CheapStock","floor":21.0},{"not_picked":["sneckomod:UnknownCommonSkill+1","sneckomod:Unknown+1"],"picked":"sneckomod:UnknownClassBLUE+1","floor":22},{"not_picked":["sneckomod:UnknownCommonAttack+1","sneckomod:UnknownClassGREEN"],"picked":"sneckomod:UnknownClassGUARDIAN","floor":22},{"not_picked":["hexamod:FourthSeal","hexamod:SecondSeal"],"picked":"hexamod:SixthSeal","floor":23},{"not_picked":["sneckomod:UnknownEthereal+1","sneckomod:Unknown1Cost+1"],"picked":"sneckomod:UnknownUncommonPower+1","floor":23},{"not_picked":["sneckomod:DiceCrush","sneckomod:UnknownClassBLUE","sneckomod:Unknown1Cost"],"picked":"SKIP","floor":23},{"not_picked":["sneckomod:TrashToTreasure","sneckomod:PureSnecko+1"],"picked":"sneckomod:UnknownUncommonAttack+1","floor":25},{"not_picked":["sneckomod:UnknownClassHEXA_GHOST_PURPLE+1","sneckomod:UnknownStrike+1"],"picked":"sneckomod:UnknownStrength+1","floor":26},{"not_picked":["sneckomod:UnknownBlock","sneckomod:DiceCrush"],"picked":"sneckomod:UnknownClassGUARDIAN","floor":26},{"not_picked":["sneckomod:Unknown+1","sneckomod:UnknownUncommonAttack+1"],"picked":"sneckomod:UnknownClassTHE_CHAMP_GRAY+1","floor":27},{"not_picked":["sneckomod:Unknown1Cost","sneckomod:IronFang","sneckomod:ImprovisedAttack"],"picked":"SKIP","floor":27},{"not_picked":["sneckomod:UnknownVulnerable","sneckomod:QuickBite","sneckomod:UnknownCommonSkill"],"picked":"SKIP","floor":29},{"not_picked":["sneckomod:UnknownVulnerable","sneckomod:QuickBite","sneckomod:UnknownCommonSkill"],"picked":"SKIP","floor":29},{"not_picked":["sneckomod:UnknownEthereal+1","sneckomod:UnknownClassGREEN+1"],"picked":"sneckomod:UnknownDexterity+1","floor":30},{"not_picked":["sneckomod:SlitherStrike","sneckomod:ImprovisedGuard","sneckomod:SoulRoll"],"picked":"SKIP","floor":30},{"not_picked":["sneckomod:UnknownVulnerable+1","sneckomod:UnknownClassSLIMEBOUND+1"],"picked":"sneckomod:UnknownStrength+1","floor":31},{"not_picked":["sneckomod:DefensiveFlair","sneckomod:Rotation"],"picked":"sneckomod:CheapStock","floor":31},{"not_picked":["sneckomod:UnknownStrike+1","sneckomod:UnknownUncommonAttack+1"],"picked":"sneckomod:UnknownClassTHE_CHAMP_GRAY+1","floor":32},{"not_picked":["sneckomod:UnknownClassHEXA_GHOST_PURPLE","sneckomod:UnknownVulnerable"],"picked":"sneckomod:Unknown0Cost","floor":32},{"not_picked":["sneckomod:UnknownCommonSkill+1","sneckomod:UnknownClassGUARDIAN+1"],"picked":"sneckomod:Unknown3Cost+1","floor":33},{"not_picked":["sneckomod:UnknownRareAttack","sneckomod:UnknownRareSkill"],"picked":"sneckomod:DangerNoodle","floor":33},{"not_picked":["sneckomod:UnknownWeak","sneckomod:QuickMove"],"picked":"sneckomod:Unknown0Cost+1","floor":36},{"not_picked":["sneckomod:RainOfDice","sneckomod:QuickMove+1","sneckomod:Nope"],"picked":"SKIP","floor":36},{"not_picked":["sneckomod:UnknownCommonSkill+1","sneckomod:DiceBlock","sneckomod:Nope"],"picked":"SKIP","floor":37},{"not_picked":["sneckomod:UnknownVulnerable+1","sneckomod:SoulRoll+1"],"picked":"sneckomod:SlitherStrike+1","floor":38},{"not_picked":["sneckomod:UnknownBlock","sneckomod:QuickMove+1","sneckomod:RainOfDice"],"picked":"SKIP","floor":39},{"not_picked":["sneckomod:RainOfDice","sneckomod:UnknownWeak"],"picked":"sneckomod:UnknownUncommonAttack+1","floor":40},{"not_picked":["sneckomod:UnknownBlock","sneckomod:DiceBlock","sneckomod:UnknownVulnerable+1"],"picked":"SKIP","floor":42},{"not_picked":["sneckomod:QuickBite+1","sneckomod:ImprovisedGuard"],"picked":"sneckomod:UnknownEthereal","floor":43},{"not_picked":["sneckomod:Unknown1Cost+1","sneckomod:UnknownCommonAttack+1"],"picked":"sneckomod:UnknownClassRED+1","floor":44},{"not_picked":["sneckomod:Mudshield","sneckomod:UnknownStrike"],"picked":"sneckomod:UnknownEthereal","floor":44},{"not_picked":["sneckomod:UnknownCommonAttack+1","sneckomod:UnknownClassTHE_CHAMP_GRAY+1"],"picked":"sneckomod:UnknownRarePower+1","floor":46},{"not_picked":["sneckomod:UnknownStrike+1","sneckomod:UnknownBlock"],"picked":"sneckomod:Unknown0Cost+1","floor":46},{"not_picked":["sneckomod:RainOfDice+1","sneckomod:QuickBite+1"],"picked":"sneckomod:SoulDraw+1","floor":47},{"not_picked":["sneckomod:UnknownUncommonSkill+1","sneckomod:UnknownWeak+1"],"picked":"sneckomod:UnknownRareAttack+1","floor":48},{"not_picked":["sneckomod:SoulRoll+1","sneckomod:TrashToTreasure"],"picked":"sneckomod:UnknownUncommonPower+1","floor":48},{"not_picked":["sneckomod:UnknownClassBLUE+1","sneckomod:UnknownClassSLIMEBOUND+1"],"picked":"sneckomod:Unknown3Cost+1","floor":49},{"not_picked":["sneckomod:UnknownBlock+1","sneckomod:Nope","sneckomod:UnknownVulnerable+1"],"picked":"SKIP","floor":49},{"not_picked":["sneckomod:UnknownExhaust+1","sneckomod:UnknownWeak+1"],"picked":"sneckomod:UnknownX+1","floor":52},{"not_picked":["sneckomod:UnknownStrike+1","sneckomod:Rotation+1"],"picked":"sneckomod:MasterEye+1","floor":52},{"not_picked":["sneckomod:IronFang+1","sneckomod:SoulRoll+1"],"picked":"sneckomod:UnknownUncommonSkill+1","floor":54}],"player_experience":858989,"relics_obtained":[{"floor":6.0,"key":"Meat on the Bone"},{"floor":7.0,"key":"Guardian:GemstoneGun"},{"floor":12.0,"key":"Odd Mushroom"},{"floor":23,"key":"Gambling Chip"},{"floor":24,"key":"champ:DeflectingBracers"},{"floor":27,"key":"Mummified Hand"},{"floor":43,"key":"CaptainsWheel"},{"floor":44,"key":"Shuriken"},{"floor":45,"key":"Dream Catcher"},{"floor":46,"key":"Frozen Egg 2"},{"floor":52,"key":"Bottled Lightning"}],"event_choices":[{"damage_healed":0.0,"max_hp_gain":0.0,"max_hp_loss":0.0,"gold_gain":0.0,"cards_transformed":["sneckomod:Strike"],"event_name":"Transmorgrifier","player_choice":"Transformed","floor":4.0,"gold_loss":0.0,"damage_taken":0.0,"cards_obtained":["sneckomod:SerpentIdol"]},{"damage_healed":0.0,"max_hp_gain":0.0,"max_hp_loss":0.0,"gold_gain":0.0,"event_name":"Mushrooms","player_choice":"Fought Mushrooms","floor":12.0,"gold_loss":0.0,"damage_taken":0.0},{"damage_healed":0,"gold_gain":0,"player_choice":"Fight","damage_taken":0,"max_hp_gain":0,"max_hp_loss":0,"event_name":"Mysterious Sphere","floor":43,"gold_loss":0}],"is_beta":false,"boss_relics":[{"not_picked":["SacredBark","Astrolabe"],"picked":"Fusion Hammer"},{"not_picked":["Velvet Choker","Runic Pyramid"],"picked":"Philosopher\u0027s Stone"}],"items_purged_floors":[10,25,38],"is_endless":false,"potions_floor_spawned":[5,12,15,19,21,22,23,26,32,33,36,39,42,48,49],"ascension_level":4}}