{"host":"ci7cmvrwpmzqnw7e","time":1610172088,"event":{"mods":["BaseMod","BetterRewards","Colored Map","Downfall","Highlight Path","Hubris","Minty Spire (QoL Compilation)","Rare Cards Sparkle","Replay The Spire","Shop Mod","StSLib","The Disciple"],"gold_per_floor":[99,99,99,99,46,46,72,12,29,29,39,64,64,64,79,174,174,174,184,196,196,196,196,196,209,224,243,254,269,286,286,286,286],"floor_reached":31,"playtime":1095,"items_purged":[],"score":237,"play_id":"e06a5a9e-e93b-4ec4-bc4c-3207f4d3268a","local_time":"20210108230128","is_ascension_mode":false,"campfire_choices":[{"data":"hexamod:Sear","floor":1,"key":"SMITH"},{"data":"hexamod:ExtraCrispy","floor":10,"key":"SMITH"},{"floor":13,"key":"REST"},{"data":"hexamod:HexaLevel","floor":18,"key":"SMITH"}],"circlet_count":0,"master_deck":["hexamod:Sear+1","hexamod:RainOfEmbers","hexamod:Incineration","hexamod:BurningTouch","hexamod:TurnItUp","hexamod:ThermalTransfer","hexamod:ExtraCrispy+1","hexamod:ThermalTransfer","Survivor","hexamod:FlamesFromBeyond","hexamod:HexaLevel+1","hexamod:SoulSteal","Ghostly","Ghostly","Ghostly","hexamod:CouncilsJustice","hexamod:CouncilsJustice","hexamod:CouncilsJustice","hexamod:ThermalTransfer+1","hexamod:SoulSteal","hexamod:HeatMetal","hexamod:BurningTouch"],"relics":["downfall:HeartsMalice","hubris:Icosahedron","MealTicket","hubris:PeanutButter","m_HexaRing","Ring of Chaos","hubris:BottledHeart","hubris:MedicalManual"],"acts_visited":["Exordium","TheCity"],"potions_floor_usage":[16,31,31,31],"damage_taken":[{"damage":0,"enemies":"Jaw Worm","floor":2,"turns":1},{"damage":0,"enemies":"Cultist","floor":4,"turns":1},{"damage":0,"enemies":"downfall:FleeingMerchant","floor":5,"turns":1},{"damage":10,"enemies":"downfall:FleeingMerchant","floor":8,"turns":4},{"damage":0,"enemies":"2 Louse","floor":9,"turns":3},{"damage":2,"enemies":"Blue Slaver","floor":11,"turns":3},{"damage":20,"enemies":"Lagavulin","floor":12,"turns":4},{"damage":0,"enemies":"2 Fungi Beasts","floor":15,"turns":3},{"damage":14,"enemies":"downfall:Watcher","floor":16,"turns":8},{"damage":16,"enemies":"Spheric Guardian","floor":19,"turns":4},{"damage":32,"enemies":"3 Byrds","floor":20,"turns":4},{"damage":0,"enemies":"Snake Plant","floor":25,"turns":4},{"damage":0,"enemies":"Cultist and Chosen","floor":26,"turns":6},{"damage":0,"enemies":"Centurion and Healer","floor":27,"turns":5},{"damage":0,"enemies":"Snecko","floor":28,"turns":4},{"damage":0,"enemies":"Snake Plant","floor":29,"turns":4},{"damage":0,"enemies":"Centurion and Healer","floor":30,"turns":4},{"damage":7,"enemies":"Book of Stabbing","floor":31,"turns":4}],"seed_played":"6421356439837690806","potions_obtained":[{"floor":9,"key":"PowerPotion"},{"floor":11,"key":"Swift Potion"},{"floor":15,"key":"Dexterity Potion"},{"floor":16,"key":"Ancient Potion"},{"floor":20,"key":"FearPotion"},{"floor":25,"key":"hexamod:InfernoChargePotion"},{"floor":26,"key":"BlessingOfTheForge"},{"floor":27,"key":"Block Potion"}],"is_trial":false,"path_per_floor":["R","M","?","M","$","?","T","$","M","R","M","E","R","?","M","B",null,"R","M","M","?","?","?","T","M","M","M","M","M","M","E"],"character_chosen":"THE_SPIRIT","items_purchased":["hexamod:BurningTouch","hexamod:ThermalTransfer"],"campfire_rested":1,"item_purchase_floors":[5,8],"current_hp_per_floor":[70,70,70,70,70,70,70,60,60,60,58,38,59,59,59,45,70,70,54,22,1,1,1,1,1,1,1,1,1,1,0,0,0],"gold":286,"neow_bonus":"THREE_ENEMY_KILL","is_daily":false,"chose_seed":false,"campfire_upgraded":3,"win_rate":0.0,"timestamp":1610172088,"path_taken":["R","M","?","M","?","?","T","$","?","R","M","E","R","?","M","BOSS","R","M","M","?","?","?","T","M","M","?","M","M","M","E"],"items_purchased_type":["Card","Card"],"build_version":"2020-12-22","purchased_purges":0,"victory":false,"max_hp_per_floor":[70,70,70,70,70,70,70,70,70,70,70,70,70,70,70,70,70,70,70,70,1,1,1,1,1,1,1,1,1,1,1,1,1],"card_choices":[{"not_picked":["hexamod:GhostLash","hexamod:CatchUp"],"picked":"hexamod:RainOfEmbers","floor":2},{"not_picked":["hexamod:ShieldOfDarkness","hexamod:FourthSeal","hexamod:GhostLash"],"picked":"SKIP","floor":4},{"not_picked":["hexamod:SecondSeal","hexamod:Again"],"picked":"hexamod:Incineration","floor":5},{"not_picked":["hexamod:TimeWarp","hexamod:BurningTouch"],"picked":"hexamod:TurnItUp","floor":8},{"not_picked":["hexamod:Firestarter","hexamod:NightmareGuise"],"picked":"hexamod:ExtraCrispy","floor":9},{"not_picked":["hexamod:InspiringFlames","hexamod:DynamicBlow"],"picked":"hexamod:ThermalTransfer","floor":11},{"not_picked":["hexamod:FourthSeal","hexamod:TurnItUp","hexamod:SwordOfDarkness"],"picked":"SKIP","floor":12},{"not_picked":["hexamod:SpectersWail","hexamod:GhostShield"],"picked":"hexamod:FlamesFromBeyond","floor":15},{"not_picked":["Envenom","Phantasmal Killer"],"picked":"hexamod:HexaLevel","floor":16},{"not_picked":["hexamod:GhostLash","hexamod:Rewind+1"],"picked":"hexamod:SoulSteal","floor":19},{"not_picked":["hexamod:SwordOfDarkness","hexamod:BacktrackSmack","hexamod:FourthSeal"],"picked":"SKIP","floor":20},{"not_picked":["hexamod:FastForward","hexamod:Haunt+1"],"picked":"hexamod:ThermalTransfer+1","floor":25},{"not_picked":["hexamod:ThermalTransfer+1","hexamod:BacktrackSmack+1"],"picked":"hexamod:SoulSteal","floor":26},{"not_picked":["hexamod:SwordOfDarkness","hexamod:FirstSeal","hexamod:GhostShield+1"],"picked":"SKIP","floor":27},{"not_picked":["hexamod:SoulSteal+1","hexamod:ExtraCrispy","hexamod:BacktrackSmack"],"picked":"SKIP","floor":28},{"not_picked":["hexamod:PhantomCloak+1","hexamod:Hexaguard"],"picked":"hexamod:HeatMetal","floor":29},{"not_picked":["hexamod:PowerFromBeyond","hexamod:Firestarter"],"picked":"hexamod:BurningTouch","floor":30}],"player_experience":30824,"relics_obtained":[{"floor":7,"key":"MealTicket"},{"floor":12,"key":"hubris:PeanutButter"},{"floor":24,"key":"hubris:MedicalManual"}],"event_choices":[{"cards_removed":["hexamod:Defend"],"damage_healed":0,"gold_gain":0,"player_choice":"Purged","damage_taken":0,"max_hp_gain":0,"max_hp_loss":0,"event_name":"Purifier","floor":3,"gold_loss":0},{"damage_healed":0,"gold_gain":0,"player_choice":"Ignored","damage_taken":0,"max_hp_gain":0,"max_hp_loss":0,"event_name":"NoteForYourself","floor":23,"gold_loss":0}],"is_beta":false,"boss_relics":[{"not_picked":["hubris:HollowSoul","hubris:BlackHole"],"picked":"Ring of Chaos"}],"items_purged_floors":[],"is_endless":false,"potions_floor_spawned":[9,11,15,16,20,25,26,27],"killed_by":"Book of Stabbing","ascension_level":0}}