{"host":"i1h39d0gfh5c6uxl","time":1610166680,"event":{"mods":["AchievementEnabler","BaseMod","Colored Map","Colored Powertips","Highlight Path","Minty Spire (QoL Compilation)"],"gold_per_floor":[14,14,14,33,33,67,67,67,67,88,113,113,132,173,173,269,269,283,302,58,71,95,95,95,95],"floor_reached":24,"playtime":783,"items_purged":["Injury"],"score":416,"play_id":"eebaef02-3784-424b-a033-9616cec01c5f","local_time":"20210109123120","is_ascension_mode":true,"campfire_choices":[{"data":"Fiend Fire","floor":7.0,"key":"SMITH"},{"floor":12.0,"key":"REST"},{"data":"Bludgeon","floor":15.0,"key":"SMITH"},{"data":"Dark Embrace","floor":23,"key":"SMITH"}],"circlet_count":0,"master_deck":["AscendersBane","Strike_R","Strike_R","Strike_R+1","Strike_R","Defend_R","Defend_R","Defend_R","Bash+1","Perfected Strike","Wild Strike","Whirlwind+1","Fiend Fire+1","True Grit","Dark Embrace+1","Sentinel","Bludgeon+1","Demon Form","Pommel Strike"],"relics":["Burning Blood","Golden Idol","Whetstone","Meat on the Bone","StrikeDummy","SacredBark","Bag of Preparation"],"acts_visited":["Exordium","TheCity"],"potions_floor_usage":[22],"damage_taken":[{"damage":0.0,"enemies":"2 Louse","floor":1.0,"turns":2.0},{"damage":14.0,"enemies":"Jaw Worm","floor":4.0,"turns":3.0},{"damage":35.0,"enemies":"Lagavulin","floor":6.0,"turns":6.0},{"damage":6.0,"enemies":"Cultist","floor":10.0,"turns":3.0},{"damage":39.0,"enemies":"Gremlin Gang","floor":11.0,"turns":4.0},{"damage":7.0,"enemies":"Lots of Slimes","floor":13.0,"turns":2.0},{"damage":28.0,"enemies":"3 Sentries","floor":14.0,"turns":5.0},{"damage":25.0,"enemies":"Hexaghost","floor":16.0,"turns":5.0},{"damage":28.0,"enemies":"Spheric Guardian","floor":18.0,"turns":4.0},{"damage":30.0,"enemies":"Shell Parasite","floor":19.0,"turns":4.0},{"damage":18,"enemies":"Snecko","floor":21,"turns":3},{"damage":20,"enemies":"Centurion and Healer","floor":22,"turns":5},{"damage":46,"enemies":"Book of Stabbing","floor":24,"turns":4}],"seed_played":"3583926818627964681","potions_obtained":[{"floor":4.0,"key":"EntropicBrew"},{"floor":13.0,"key":"FearPotion"},{"floor":14.0,"key":"ColorlessPotion"},{"floor":18.0,"key":"DuplicationPotion"},{"floor":19.0,"key":"DuplicationPotion"}],"is_trial":false,"path_per_floor":["M","?","$","M","?","E","R","$","T","M","M","R","M","E","R","B",null,"M","M","$","M","M","R","E"],"character_chosen":"IRONCLAD","items_purchased":["Bag of Preparation"],"campfire_rested":1,"item_purchase_floors":[20],"current_hp_per_floor":[74,74,74,66,66,37,37,37,37,49,28,50,49,39,39,32,64,54,42,42,42,40,40,0,0],"gold":95,"neow_bonus":"TRANSFORM_TWO_CARDS","is_daily":false,"chose_seed":false,"campfire_upgraded":3,"win_rate":0.0,"timestamp":1610166680,"path_taken":["M","?","$","M","?","E","R","$","T","M","M","R","M","E","R","BOSS","M","?","$","?","M","R","E"],"items_purchased_type":["Relic"],"build_version":"2020-12-22","purchased_purges":1,"victory":false,"max_hp_per_floor":[75,75,75,75,75,75,75,75,75,75,75,75,75,75,75,75,75,75,75,75,75,75,75,75,75],"card_choices":[{"not_picked":["Iron Wave","Heavy Blade"],"picked":"Whirlwind","floor":1.0},{"not_picked":["Whirlwind","Heavy Blade","Power Through"],"picked":"SKIP","floor":4.0},{"not_picked":["Metallicize","Pummel"],"picked":"Fiend Fire","floor":6.0},{"not_picked":["Dual Wield","Thunderclap"],"picked":"True Grit","floor":10.0},{"not_picked":["Body Slam","Pommel Strike"],"picked":"Dark Embrace","floor":11.0},{"not_picked":["Bloodletting","Cleave"],"picked":"Sentinel","floor":13.0},{"not_picked":["Flame Barrier","Rupture"],"picked":"Bludgeon","floor":14.0},{"not_picked":["Berserk","Impervious"],"picked":"Demon Form","floor":16.0},{"not_picked":["Clothesline","Clash+1","Thunderclap"],"picked":"SKIP","floor":18.0},{"not_picked":["Bloodletting","Dark Embrace","Flex"],"picked":"SKIP","floor":19.0},{"not_picked":["Infernal Blade","True Grit+1","Iron Wave"],"picked":"SKIP","floor":21},{"not_picked":["Evolve","Clash"],"picked":"Pommel Strike","floor":22}],"player_experience":1336008,"relics_obtained":[{"floor":6.0,"key":"Whetstone"},{"floor":9.0,"key":"Meat on the Bone"},{"floor":14.0,"key":"StrikeDummy"}],"event_choices":[{"damage_healed":0.0,"max_hp_gain":0.0,"max_hp_loss":0.0,"gold_gain":0.0,"event_name":"Golden Idol","player_choice":"Take Wound","floor":2.0,"gold_loss":0.0,"damage_taken":0.0,"relics_obtained":["Golden Idol"],"cards_obtained":["Injury"]},{"damage_healed":0.0,"max_hp_gain":0.0,"max_hp_loss":0.0,"gold_gain":0.0,"event_name":"Upgrade Shrine","player_choice":"Upgraded","floor":5.0,"gold_loss":0.0,"damage_taken":0.0,"cards_upgraded":["Bash"]}],"is_beta":false,"boss_relics":[{"not_picked":["Runic Cube","Coffee Dripper"],"picked":"SacredBark"}],"items_purged_floors":[20],"is_endless":false,"potions_floor_spawned":[4,13,14,18,19],"killed_by":"Book of Stabbing","ascension_level":20}}