{"host":"9gwavclf33b2mpxe","time":1610218136,"event":{"mods":["BaseMod","Bestiary","Block Reminder","Colored Map","Colored Powertips","Downfall","Highlight Path","Minty Spire (QoL Compilation)","Permanent Neow","Quick Restart","Relic Stats","StSLib","SuperFastMode"],"gold_per_floor":[99,117,127,142,142,142,142],"floor_reached":6,"playtime":837,"items_purged":[],"score":36,"play_id":"51e818eb-33f8-4c11-8436-9520ebfce8bd","local_time":"20210110024856","is_ascension_mode":false,"campfire_choices":[{"data":"bronze:Goto","floor":1,"key":"SMITH"}],"circlet_count":0,"master_deck":["bronze:Strike","bronze:Strike","bronze:Strike","bronze:Defend","bronze:Defend","bronze:Defend","bronze:Defend","bronze:Replicate","bronze:Goto+1","bronze:DarkDash","bronze:Refactor","bronze:ForceShield","bronze:CutThrough"],"relics":["bronze:BronzeCore"],"acts_visited":[],"potions_floor_usage":[6,6],"damage_taken":[{"damage":0,"enemies":"Small Slimes","floor":2,"turns":3},{"damage":1,"enemies":"Cultist","floor":3,"turns":4},{"damage":5,"enemies":"Jaw Worm","floor":4,"turns":6},{"damage":51,"enemies":"Gremlin Nob","floor":6,"turns":6}],"seed_played":"5952535030440970650","potions_obtained":[{"floor":5,"key":"ColorlessPotion"},{"floor":5,"key":"SkillPotion"},{"floor":5,"key":"SneckoOil"}],"is_trial":false,"path_per_floor":["R","M","M","M","?","E"],"character_chosen":"THE_AUTOMATON","items_purchased":[],"campfire_rested":0,"item_purchase_floors":[],"current_hp_per_floor":[70,70,69,64,64,13,13],"gold":142,"neow_bonus":"TRANSFORM_CARD","is_daily":false,"chose_seed":false,"campfire_upgraded":1,"win_rate":0.0,"timestamp":1610218136,"path_taken":["R","M","M","M","?","E"],"items_purchased_type":[],"build_version":"2020-12-22","purchased_purges":0,"victory":false,"max_hp_per_floor":[70,70,70,70,70,70,70],"relic_stats":{"counters":[4,19],"obtain_stats":[{"bronze:BronzeCore":0},{"bronze:BronzeCore":0},{"bronze:BronzeCore":0}]},"card_choices":[{"not_picked":["bronze:DelayedSlice","bronze:WhirlingStrike"],"picked":"bronze:Refactor","floor":2},{"not_picked":["bronze:DigitalCarnage","bronze:Boost"],"picked":"bronze:ForceShield","floor":3},{"not_picked":["bronze:ForceShield","bronze:Frontload"],"picked":"bronze:CutThrough","floor":4}],"player_experience":78115,"relics_obtained":[],"event_choices":[{"damage_healed":0,"gold_gain":0,"player_choice":"Got Potions","damage_taken":0,"max_hp_gain":0,"max_hp_loss":0,"event_name":"Lab","floor":5,"gold_loss":0}],"is_beta":false,"boss_relics":[],"items_purged_floors":[],"is_endless":false,"potions_floor_spawned":[],"killed_by":"Gremlin Nob","ascension_level":0}}