{"host":"wy5pcbg592uilh9l","time":1610230745,"event":{"mods":["AchievementEnabler","Act Like it!","BaseMod","BetterRewards","Curses Come First","Gensokyo","Hubris","Infinite Spire","Marisa????????","Minty Spire (QoL Compilation)","Permanent Neow","Replay The Spire","StSLib"],"gold_per_floor":[140,140,117,181,201,271,299,299,299,363,414,462,462,462,462,618,618,686,770,770,829,870,953,979,979],"floor_reached":24,"playtime":2770,"items_purged":["Strike_MRS","Defend_MRS","Strike_MRS"],"score":228,"play_id":"1e701407-3822-4e2d-97af-e9dc9aee0b8a","local_time":"20210109161905","is_ascension_mode":false,"campfire_choices":[{"floor":8,"key":"RECALL"},{"data":"WitchOfGreed","floor":13,"key":"SMITH"},{"data":"WitchOfGreed","floor":15,"key":"SMITH"}],"circlet_count":0,"master_deck":["Strike_MRS","Strike_MRS","Defend_MRS","Defend_MRS","Defend_MRS","MasterSpark","UpSweep","Robbery","MysteriousBeam","WitchOfGreed+1","WitchLeyline","Acceleration","MilkyWay","CasketOfStar","Acceleration+1","NonDirectionalLaser","TreasureHunter","EarthLightRay","PowerUp"],"relics":["BewitchedHakkero","ReplayTheSpireMod:TigerMarble","Lee\u0027s Waffle","ReplayTheSpireMod:Lightbulb","hubris:Reverence","StoneCalendar","Red Mask","infinitespire:Magic Flask"],"acts_visited":["Exordium","TheCity"],"potions_floor_usage":[4,7,10,10,11,11,12,16,16,18,19,19,22,22,23,23,24],"damage_taken":[{"damage":6,"enemies":"Jaw Worm","floor":1,"turns":3},{"damage":10,"enemies":"Cultist","floor":4,"turns":4},{"damage":0,"enemies":"Small Slimes","floor":5,"turns":1},{"damage":26,"enemies":"Lagavulin","floor":6,"turns":5},{"damage":4,"enemies":"Exordium Thugs","floor":7,"turns":2},{"damage":8,"enemies":"Gremlin Nob","floor":10,"turns":3},{"damage":0,"enemies":"Gremlin Gang","floor":11,"turns":1},{"damage":9,"enemies":"Blue Slaver","floor":12,"turns":2},{"damage":1,"enemies":"Slime Boss","floor":16,"turns":6},{"damage":2,"enemies":"Spheric Guardian","floor":18,"turns":3},{"damage":0,"enemies":"Masked Bandits","floor":19,"turns":2},{"damage":6,"enemies":"Chosen","floor":21,"turns":3},{"damage":37,"enemies":"Snake Plant","floor":22,"turns":5},{"damage":34,"enemies":"Replay:Snechameleon","floor":23,"turns":5},{"damage":28,"enemies":"Chosen and Byrds","floor":24,"turns":4}],"seed_played":"-1135615565803582603","potions_obtained":[{"floor":1,"key":"LiquidMemories"},{"floor":1,"key":"Regen Potion"},{"floor":4,"key":"SpeedPotion"},{"floor":6,"key":"SneckoOil"},{"floor":6,"key":"Dexterity Potion"},{"floor":7,"key":"Regen Potion"},{"floor":7,"key":"Regen Potion"},{"floor":10,"key":"Explosive Potion"},{"floor":10,"key":"Adrenaline Potion"},{"floor":11,"key":"ColorlessPotion"},{"floor":12,"key":"ColorlessPotion"},{"floor":12,"key":"AttackPotion"},{"floor":16,"key":"Weak Potion"},{"floor":16,"key":"Ancient Potion"},{"floor":18,"key":"BlessingOfTheForge"},{"floor":18,"key":"Toxic Potion"},{"floor":19,"key":"Swift Potion"},{"floor":19,"key":"Block Potion"},{"floor":21,"key":"LiquidMemories"},{"floor":21,"key":"BottledSpark"},{"floor":22,"key":"Fire Potion"},{"floor":23,"key":"AttackPotion"}],"is_trial":false,"path_per_floor":["M","?","$","M","M","E","M","R","T","E","M","M","R","?","R","B",null,"M","?","?","M","M","E","M"],"character_chosen":"MARISA","items_purchased":["ReplayTheSpireMod:TigerMarble","Lee\u0027s Waffle","WitchOfGreed","Robbery","MysteriousBeam","WitchOfGreed"],"campfire_rested":0,"item_purchase_floors":[0,0,0,0,0,3],"current_hp_per_floor":[76,76,76,71,71,45,41,41,41,52,52,43,43,70,70,69,82,80,80,82,76,39,9,0,0],"gold":979,"neow_bonus":"","is_daily":false,"chose_seed":false,"campfire_upgraded":2,"win_rate":0.0,"timestamp":1610230745,"path_taken":["M","?","?","?","M","E","?","R","T","E","M","M","R","?","R","BOSS","M","?","?","?","M","E","M"],"items_purchased_type":["Relic","Relic","Card","Card","Card","Card"],"build_version":"2020-12-22","purchased_purges":3,"victory":false,"max_hp_per_floor":[82,82,82,82,82,82,82,82,82,82,82,82,82,82,82,82,82,82,82,82,82,82,82,82,82],"card_choices":[{"not_picked":["GrandCross","BlazeAway","SuperPerseids"],"picked":"SKIP","floor":1},{"not_picked":["RefractionSpark","ShootingEcho"],"picked":"WitchLeyline","floor":4},{"not_picked":["WitchOfGreed","GalacticHalo"],"picked":"Acceleration","floor":5},{"not_picked":["DoubleSpark","Singularity"],"picked":"MilkyWay","floor":6},{"not_picked":["GravityBeat","JA","MilkyWay"],"picked":"SKIP","floor":7},{"not_picked":["EnergyRecoil","WitchLeyline","GrandCross"],"picked":"SKIP","floor":10},{"not_picked":["GalacticHalo","EventHorizon","6A"],"picked":"SKIP","floor":11},{"not_picked":["MilkyWay","ChargingUp","UnstableBomb"],"picked":"SKIP","floor":12},{"not_picked":["SatelliteIllusion","BlazingStar"],"picked":"CasketOfStar","floor":16},{"not_picked":["NonDirectionalLaser","UnstableBomb"],"picked":"Acceleration+1","floor":18},{"not_picked":["MilkyWay","Acceleration"],"picked":"NonDirectionalLaser","floor":19},{"not_picked":["DC","ShootTheMoon"],"picked":"TreasureHunter","floor":21},{"not_picked":["GrandCross","Occultation+1"],"picked":"EarthLightRay","floor":22},{"not_picked":["DC","MeteoricShower"],"picked":"PowerUp","floor":23}],"player_experience":220748,"relics_obtained":[{"floor":6,"key":"hubris:Reverence"},{"floor":10,"key":"StoneCalendar"},{"floor":19,"key":"Red Mask"},{"floor":23,"key":"infinitespire:Magic Flask"}],"event_choices":[{"damage_healed":0,"gold_gain":0,"player_choice":"Gave Potion","damage_taken":0,"relics_obtained":["ReplayTheSpireMod:Lightbulb"],"max_hp_gain":0,"max_hp_loss":0,"event_name":"WeMeetAgain","floor":2,"gold_loss":0},{"damage_healed":27,"gold_gain":0,"player_choice":"Banana","damage_taken":0,"max_hp_gain":0,"max_hp_loss":0,"event_name":"Big Fish","floor":14,"gold_loss":0},{"damage_healed":0,"gold_gain":0,"player_choice":"Fought Bandits","damage_taken":0,"max_hp_gain":0,"max_hp_loss":0,"event_name":"Masked Bandits","floor":19,"gold_loss":0},{"cards_removed":["WitchOfGreed"],"damage_healed":5,"gold_gain":0,"player_choice":"Offered Common","damage_taken":0,"max_hp_gain":0,"max_hp_loss":0,"event_name":"Bonfire Elementals","floor":20,"gold_loss":0},{"cards_removed":["WitchOfGreed"],"damage_healed":5,"gold_gain":0,"player_choice":"Offered Special","damage_taken":0,"max_hp_gain":0,"max_hp_loss":0,"event_name":"Bonfire Elementals","floor":20,"gold_loss":0}],"is_beta":false,"boss_relics":[{"not_picked":["Ring of Chaos","Busted Crown"],"picked":"BewitchedHakkero"}],"items_purged_floors":[0,0,0],"is_endless":false,"potions_floor_spawned":[1,7,12,16,19,21],"killed_by":"Chosen and Byrds","ascension_level":0}}