{"host":"evor8co6wap25kfw","time":1610216254,"event":{"mods":["ATMod(阿瑾Mod)","Act Like it!","BaseMod","Conspire","KinomotoSakuraMod(木之本樱)","Koishi","KomeijiMod","Minty Spire (QoL Compilation)","MostiFishMod","Replay The Spire","SOS（斯巴达之子）","StSLib","The Saiyan","The Servant 0.9.4","vexMod","【遗物卡牌】REMEMod"],"gold_per_floor":[138,218,263,338,513,563,604,604,604,604,622,622,622,639,639,769,769,817,716,731,779,779,821,821,833,833,909,500,500,537,583,583,712,712,725,742,769,383,396,482,502,515,560,560,571,638,653,653,653,653,653,653,138,173,173],"floor_reached":56,"playtime":1825,"items_purged":["Doubt","Shoot","MostiFishMod:WinterMarkForm"],"score":2253,"play_id":"9b4348dd-b513-4edf-93c3-539ae1b5d6be","local_time":"20210110021734","is_ascension_mode":true,"campfire_choices":[{"floor":10,"key":"REST"},{"data":"Stylechange","floor":12,"key":"SMITH"},{"data":"AT_EssenceShift","floor":15,"key":"SMITH"},{"floor":29,"key":"RECALL"},{"data":"Swordmaster","floor":44,"key":"SMITH"},{"data":"Rebellion","floor":44,"key":"SMITH"},{"data":"Demonreform","floor":49,"key":"SMITH"},{"data":"Provocation","floor":49,"key":"SMITH"},{"data":"Tools of the Trade","floor":52,"key":"SMITH"},{"data":"Attack_b","floor":52,"key":"SMITH"}],"circlet_count":0,"master_deck":["Attack_a","Attack_a","Attack_b+1","Shoot","Provocation+1","Defend_Dante","Defend_Dante","Defend_Dante","Redorb","Tools of the Trade+1","AT_EssenceShift+1","Kick13","Stylechange+1","Swordmaster+1","Demonreform+1","Rebellion+1","GilgameshcomboA+1","Royaldefend","MostiFishMod:FrostNova","Dash2+1","Stinger+1"],"relics":["SSS","Combocheck","AT_ATBox","REME_ComplimentaryCards","DaveBox","Civilization","Ancient Tea Set","SynthV:TestCard","Toy Ornithopter","ThirstyCross","Busted Crown","AT_ForceNature","vexMod:ConsolationPrize","Strawberry","Replay:Multitool","AT_ArchangelStaff","Replay:Arrowhead","FrostBlade","AT_DeathDance","AT_SunfireAegis","conspire:DeflatedDodgeball","Bottled Lightning","Bottled Flame"],"acts_visited":["Exordium","TheCity","TheBeyond","TheEnding"],"potions_floor_usage":[16,16,16,33,55,55,55],"damage_taken":[{"damage":6,"enemies":"2 Louse","floor":1,"turns":3},{"damage":9,"enemies":"Small Slimes","floor":3,"turns":5},{"damage":30,"enemies":"Lagavulin","floor":6,"turns":8},{"damage":0,"enemies":"Jaw Worm","floor":7,"turns":4},{"damage":0,"enemies":"Gremlin Gang","floor":11,"turns":1},{"damage":3,"enemies":"Large Slime","floor":14,"turns":3},{"damage":42,"enemies":"The Guardian","floor":16,"turns":6},{"damage":20,"enemies":"2 Thieves","floor":18,"turns":3},{"damage":0,"enemies":"Chosen","floor":20,"turns":3},{"damage":0,"enemies":"Centurion and Healer","floor":21,"turns":2},{"damage":6,"enemies":"Book of Stabbing","floor":23,"turns":4},{"damage":0,"enemies":"Cultist and Chosen","floor":25,"turns":1},{"damage":18,"enemies":"Slavers","floor":27,"turns":4},{"damage":24,"enemies":"Shelled Parasite and Fungi","floor":30,"turns":3},{"damage":1,"enemies":"conspire:MimicChest","floor":31,"turns":2},{"damage":0,"enemies":"Collector","floor":33,"turns":3},{"damage":2,"enemies":"3 Shapes","floor":35,"turns":2},{"damage":0,"enemies":"Orb Walker","floor":36,"turns":1},{"damage":0,"enemies":"Transient","floor":37,"turns":5},{"damage":0,"enemies":"3 Darklings","floor":39,"turns":3},{"damage":27,"enemies":"Nemesis","floor":40,"turns":4},{"damage":4,"enemies":"4 Shapes","floor":41,"turns":1},{"damage":0,"enemies":"Writhing Mass","floor":42,"turns":1},{"damage":0,"enemies":"Transient","floor":45,"turns":2},{"damage":1,"enemies":"Giant Head","floor":46,"turns":2},{"damage":4,"enemies":"4 Shapes","floor":47,"turns":1},{"damage":0,"enemies":"Awakened One","floor":50,"turns":2},{"damage":0,"enemies":"Shield and Spear","floor":54,"turns":1},{"damage":0,"enemies":"The Heart","floor":55,"turns":3}],"seed_played":"7290135207489510308","potions_obtained":[{"floor":7,"key":"PowerPotion"},{"floor":11,"key":"Strength Potion"},{"floor":14,"key":"Adrenaline Potion"},{"floor":16,"key":"Doom Potion"},{"floor":18,"key":"Adrenaline Potion"},{"floor":25,"key":"EssenceOfSteel"},{"floor":27,"key":"FearPotion"},{"floor":31,"key":"BlessingOfTheForge"},{"floor":39,"key":"DistilledChaos"},{"floor":46,"key":"DistilledChaos"}],"is_trial":false,"path_per_floor":["M","?","M","?","?","E","M","?","T","R","M","R","?","M","R","B",null,"M","$","M","M","?","E","?","M","T","E","$","R","M","?","R","B",null,"M","M","M","$","M","E","M","M","T","R","M","E","M","?","R","B",null,"R","$","E","B",null],"character_chosen":"DANTE","items_purchased":["Rebellion","Replay:Multitool","AT_DeathDance","conspire:DeflatedDodgeball","Bottled Lightning"],"campfire_rested":1,"item_purchase_floors":[19,28,38,53,53],"current_hp_per_floor":[68,68,63,52,52,27,33,33,33,62,72,72,72,80,80,65,114,108,108,123,140,140,158,158,178,178,190,190,190,191,216,216,250,306,336,369,418,418,459,474,516,563,563,563,611,659,708,708,708,766,797,797,797,857,928],"gold":173,"neow_bonus":"RANDOM_COMMON_RELIC","is_daily":false,"chose_seed":false,"campfire_upgraded":8,"win_rate":0.0,"timestamp":1610216254,"path_taken":["M","?","M","?","?","E","M","?","T","R","M","R","?","M","R","BOSS","M","$","M","M","?","E","?","M","T","E","$","R","?","?","R","BOSS","M","?","M","$","M","E","M","M","T","R","M","E","M","?","R","BOSS","R","$","E","BOSS"],"items_purchased_type":["Card","Relic","Relic","Relic","Relic"],"build_version":"2020-12-22","purchased_purges":3,"victory":true,"max_hp_per_floor":[82,82,86,86,86,91,97,97,97,97,107,107,107,118,118,130,130,144,144,159,176,176,194,194,214,214,244,244,244,269,295,295,324,324,356,389,423,423,464,506,552,599,599,599,647,696,749,749,749,807,807,807,807,867,928],"card_choices":[{"not_picked":["VitalstarM","EbonyIvory","LucifercomboB"],"picked":"SKIP","floor":1},{"not_picked":["VitalstarM","Shock","Doubleshoot","Ecstasy"],"picked":"Kick13","floor":3},{"not_picked":["Ecstasy","Stinger","LucifercomboC","BeastUppercut"],"picked":"Stylechange","floor":6},{"not_picked":["Gunslinger","Doubleshoot","Honeycombofire","Splesh","LucifercomboC"],"picked":"SKIP","floor":7},{"not_picked":["Straight","Kick13","Gunslinger","Fullhouse"],"picked":"Swordmaster","floor":11},{"not_picked":["Gunstinger","DevilstarS","VitalstarL","Honeycombofire","Millionstab"],"picked":"SKIP","floor":14},{"not_picked":["Swordcombo","Purpleorb","Airtrick","Weaponreturn"],"picked":"Demonreform","floor":16},{"not_picked":["Weaponupgrade","Rebellion","DevilstarS+1"],"picked":"SKIP","floor":18},{"not_picked":["Chargeshoot2+1","Kick13"],"picked":"GilgameshcomboA+1","floor":20},{"not_picked":["Airhike","Kick13"],"picked":"Royaldefend","floor":21},{"not_picked":["Demonreform","Weaponupgrade","Fullhouse"],"picked":"SKIP","floor":23},{"not_picked":["Airhike+1","Chargeshoot","Straight"],"picked":"SKIP","floor":25},{"not_picked":["Weaponreturn","Airhike+1","Shock"],"picked":"SKIP","floor":27},{"not_picked":["LucifercomboB","GilgameshcomboA","Chargeshoot"],"picked":"SKIP","floor":30},{"not_picked":["DevilstarS+1","Royaldefend","Shock+1"],"picked":"SKIP","floor":35},{"not_picked":["Unrisingdragon+1","Straight+1","Chargeshoot2+1"],"picked":"SKIP","floor":36},{"not_picked":["Dash2","Weaponupgrade+1","Kick13"],"picked":"SKIP","floor":37},{"not_picked":["Straight+1","LucifercomboC","DevilstarS"],"picked":"SKIP","floor":39},{"not_picked":["Shock","DevilstarS+1","Stylechange"],"picked":"SKIP","floor":40},{"not_picked":["Pandora+1","Swordmaster+1","Honeycombofire"],"picked":"SKIP","floor":41},{"not_picked":["BeastUppercut","EbonyIvory+1"],"picked":"Dash2+1","floor":42},{"not_picked":["Airhike+1","Holywater","Gunstinger"],"picked":"SKIP","floor":45},{"not_picked":["VitalstarS+1","Chargeshoot+1"],"picked":"Stinger+1","floor":46},{"not_picked":["Splesh+1","Stinger","Chargeshoot2"],"picked":"SKIP","floor":47},{"not_picked":["Hightime","Greenorb+1","Darkslayer"],"picked":"SKIP","floor":54}],"player_experience":193930,"relics_obtained":[{"floor":1,"key":"SynthV:TestCard"},{"floor":6,"key":"Toy Ornithopter"},{"floor":23,"key":"AT_ForceNature"},{"floor":26,"key":"vexMod:ConsolationPrize"},{"floor":27,"key":"Strawberry"},{"floor":31,"key":"AT_ArchangelStaff"},{"floor":40,"key":"AT_SunfireAegis"},{"floor":54,"key":"Bottled Flame"}],"event_choices":[{"damage_healed":0,"gold_gain":75,"player_choice":"Gather Gold","damage_taken":11,"max_hp_gain":0,"max_hp_loss":0,"event_name":"World of Goop","floor":4,"gold_loss":0},{"damage_healed":0,"gold_gain":175,"player_choice":"AGREE","damage_taken":0,"max_hp_gain":0,"max_hp_loss":0,"event_name":"Liars Game","floor":5,"gold_loss":0,"cards_obtained":["Doubt"]},{"damage_healed":0,"gold_gain":0,"player_choice":"Ignored","damage_taken":0,"max_hp_gain":0,"max_hp_loss":0,"event_name":"NoteForYourself","floor":24,"gold_loss":0},{"damage_healed":0,"gold_gain":0,"player_choice":"Memory 1","damage_taken":0,"max_hp_gain":0,"max_hp_loss":0,"event_name":"SensoryStone","floor":48,"gold_loss":0}],"is_beta":false,"boss_relics":[{"not_picked":["SacredBark","Calling Bell"],"picked":"Busted Crown"},{"not_picked":["FeatherPendant","vexMod:BigBerry"],"picked":"FrostBlade"}],"items_purged_floors":[19,28,38],"is_endless":false,"potions_floor_spawned":[7,11,14,16,18,25,27,31,37,39,46,47,54],"ascension_level":9}}