{"host":"mdbnki27vzqujy5q","time":1610182818,"event":{"mods":["BaseMod","Colored Powertips","Minty Spire (QoL Compilation)","Quick Restart"],"gold_per_floor":[111,123,123,1,76,120,120,120,120,161,179,202,226,267,267,395,395,419,437,129,129,9,27,54,54,54,54,4,43,43,77,77,208,208,224,247,247,313,313,313,347,347,347,363,401,416,416,439,439,439,439],"floor_reached":50,"playtime":3501,"items_purged":["Defend_P","Strike_P","Defend_P"],"score":681,"play_id":"2f48e21a-45c1-46ef-aa14-65b41b7aa305","local_time":"20210109010018","is_ascension_mode":false,"campfire_choices":[{"floor":8.0,"key":"REST"},{"data":"Eruption","floor":15,"key":"SMITH"},{"data":"Dramatic Entrance","floor":27,"key":"SMITH"},{"floor":32,"key":"REST"},{"data":"Vault","floor":40,"key":"SMITH"},{"data":"Wallop","floor":42,"key":"SMITH"},{"floor":49,"key":"RECALL"}],"circlet_count":0,"master_deck":["Strike_P","Strike_P","Strike_P","Defend_P","Defend_P","Eruption+1","Vigilance","EmptyFist","SashWhip","Dramatic Entrance+1","Conclude","CarveReality","Worship","Prostrate","CutThroughFate","DevaForm+1","MasterReality+1","Wallop+1","Fasting2+1","Study+1","DevaForm+1","Protect","Adaptation+1","DeceiveReality+1","CutThroughFate+1","Vault+1","Weave","CrushJoints","FlurryOfBlows+1","Good Instincts","FlurryOfBlows+1","MentalFortress+1","FearNoEvil","LikeWater+1","WaveOfTheHand"],"relics":["PureWater","NeowsBlessing","Golden Idol","Smiling Mask","Bag of Preparation","Mummified Hand","Frozen Egg 2","Potion Belt","SacredBark","Orichalcum","Bottled Tornado","Omamori","HornCleat","Pen Nib","Matryoshka","Regal Pillow","FossilizedHelix","Anchor","Oddly Smooth Stone","Ancient Tea Set"],"acts_visited":["TheCity","TheBeyond"],"potions_floor_usage":[16,19,23,31,31,38,41,50],"damage_taken":[{"damage":2.0,"enemies":"Small Slimes","floor":1.0,"turns":2.0},{"damage":0.0,"enemies":"2 Louse","floor":2.0,"turns":1.0},{"damage":0.0,"enemies":"3 Sentries","floor":6.0,"turns":1.0},{"damage":8.0,"enemies":"Gremlin Nob","floor":10.0,"turns":3.0},{"damage":3.0,"enemies":"Jaw Worm","floor":11.0,"turns":2.0},{"damage":3.0,"enemies":"Lots of Slimes","floor":12.0,"turns":2.0},{"damage":0.0,"enemies":"Exordium Wildlife","floor":13.0,"turns":1.0},{"damage":0.0,"enemies":"3 Sentries","floor":14.0,"turns":2.0},{"damage":2,"enemies":"Slime Boss","floor":16,"turns":6},{"damage":30,"enemies":"Shell Parasite","floor":18,"turns":4},{"damage":2,"enemies":"Spheric Guardian","floor":19,"turns":3},{"damage":27,"enemies":"Snake Plant","floor":23,"turns":4},{"damage":15,"enemies":"Slavers","floor":29,"turns":3},{"damage":0,"enemies":"Gremlin Leader","floor":31,"turns":6},{"damage":8,"enemies":"Automaton","floor":33,"turns":6},{"damage":9,"enemies":"3 Shapes","floor":35,"turns":4},{"damage":9,"enemies":"Orb Walker","floor":36,"turns":5},{"damage":0,"enemies":"2 Orb Walkers","floor":38,"turns":4},{"damage":10,"enemies":"Reptomancer","floor":41,"turns":8},{"damage":13,"enemies":"Spire Growth","floor":44,"turns":4},{"damage":0,"enemies":"Nemesis","floor":45,"turns":6},{"damage":0,"enemies":"Writhing Mass","floor":46,"turns":5},{"damage":0,"enemies":"Transient","floor":48,"turns":6},{"damage":83,"enemies":"Time Eater","floor":50,"turns":6}],"seed_played":"-2438934336460047659","potions_obtained":[{"floor":2.0,"key":"SteroidPotion"},{"floor":10.0,"key":"DistilledChaos"},{"floor":12.0,"key":"Block Potion"},{"floor":13.0,"key":"Ambrosia"},{"floor":14.0,"key":"GamblersBrew"},{"floor":29,"key":"Dexterity Potion"},{"floor":35,"key":"BottledMiracle"},{"floor":38,"key":"Energy Potion"},{"floor":41,"key":"LiquidBronze"}],"is_trial":false,"path_per_floor":["M","M","?","$","?","E","?","R","T","E","M","M","M","E","R","B",null,"M","M","$","T","$","M","T","?","T","R","$","E","?","E","R","B",null,"M","M","?","?","?","R","E","R","T","M","E","M","?","M","R","B"],"character_chosen":"WATCHER","items_purchased":["Dramatic Entrance","Conclude","Study+1","Orichalcum","Regen Potion","DevaForm+1"],"campfire_rested":2,"item_purchase_floors":[4,4,20,20,20,22],"current_hp_per_floor":[70,70,52,52,41,41,34,55,55,47,44,41,41,41,41,39,72,42,40,40,40,40,40,40,40,40,40,40,25,25,25,61,53,72,63,54,54,54,54,54,44,44,44,31,31,31,72,72,72,0,0],"gold":439,"neow_bonus":"THREE_ENEMY_KILL","is_daily":false,"chose_seed":false,"campfire_upgraded":4,"win_rate":0.0,"timestamp":1610182818,"path_taken":["M","M","?","$","?","E","?","R","T","E","?","M","M","E","R","BOSS","M","?","$","?","$","M","?","?","T","R","$","E","?","E","R","BOSS","M","M","?","?","?","R","E","R","T","M","E","M","?","M","R","BOSS"],"items_purchased_type":["Card","Card","Card","Relic","Potion","Card"],"build_version":"2020-12-22","purchased_purges":3,"victory":false,"max_hp_per_floor":[72,72,72,72,72,72,72,72,72,72,72,72,72,72,72,72,72,72,72,72,72,72,72,72,72,72,72,72,72,72,72,72,72,72,72,72,72,72,72,72,72,72,72,72,72,72,72,72,72,72,72],"card_choices":[{"not_picked":["BowlingBash","Conclude"],"picked":"EmptyFist","floor":1.0},{"not_picked":["SignatureMove","Halt"],"picked":"SashWhip","floor":2.0},{"not_picked":["Pray","CrushJoints"],"picked":"CarveReality","floor":6.0},{"not_picked":["Evaluate","SignatureMove"],"picked":"Worship","floor":10.0},{"not_picked":["ForeignInfluence","Consecrate"],"picked":"Prostrate","floor":11.0},{"not_picked":["Evaluate","JustLucky"],"picked":"CutThroughFate","floor":12.0},{"not_picked":["Protect","SignatureMove"],"picked":"FlyingSleeves","floor":13.0},{"not_picked":["PathToVictory","JustLucky"],"picked":"DevaForm+1","floor":14.0},{"not_picked":["Judgement","Blasphemy"],"picked":"MasterReality+1","floor":16},{"not_picked":["PathToVictory","JustLucky"],"picked":"Wallop","floor":18},{"not_picked":["ForeignInfluence","ReachHeaven+1"],"picked":"Fasting2+1","floor":19},{"not_picked":["ThirdEye","ForeignInfluence"],"picked":"Protect","floor":23},{"not_picked":["EmptyFist","Omniscience"],"picked":"DeceiveReality+1","floor":29},{"not_picked":["EmptyBody","Prostrate"],"picked":"CutThroughFate+1","floor":31},{"not_picked":["Judgement","Brilliance"],"picked":"Vault","floor":33},{"not_picked":["EmptyBody","FearNoEvil+1"],"picked":"Weave","floor":35},{"not_picked":["CutThroughFate+1","CarveReality+1"],"picked":"CrushJoints","floor":36},{"not_picked":["Prostrate","CutThroughFate"],"picked":"FlurryOfBlows+1","floor":38},{"not_picked":["Flash of Steel","Bandage Up"],"picked":"Good Instincts","floor":39},{"not_picked":["CutThroughFate+1","ReachHeaven"],"picked":"FlurryOfBlows+1","floor":41},{"not_picked":["ThirdEye","Tantrum"],"picked":"MentalFortress+1","floor":44},{"not_picked":["ClearTheMind+1","EmptyBody"],"picked":"FearNoEvil","floor":45},{"not_picked":["FlurryOfBlows","Weave"],"picked":"LikeWater+1","floor":46},{"not_picked":["LessonLearned","Protect+1"],"picked":"WaveOfTheHand","floor":48}],"player_experience":45303,"relics_obtained":[{"floor":6.0,"key":"Smiling Mask"},{"floor":9.0,"key":"Mummified Hand"},{"floor":10.0,"key":"Frozen Egg 2"},{"floor":14.0,"key":"Potion Belt"},{"floor":21,"key":"Bottled Tornado"},{"floor":24,"key":"Omamori"},{"floor":26,"key":"HornCleat"},{"floor":29,"key":"Pen Nib"},{"floor":31,"key":"Regal Pillow"},{"floor":38,"key":"FossilizedHelix"},{"floor":41,"key":"Anchor"},{"floor":43,"key":"Oddly Smooth Stone"},{"floor":45,"key":"Ancient Tea Set"}],"event_choices":[{"damage_healed":0.0,"max_hp_gain":0.0,"max_hp_loss":0.0,"gold_gain":0.0,"event_name":"Golden Idol","player_choice":"Take Damage","floor":3.0,"gold_loss":0.0,"damage_taken":18.0,"relics_obtained":["Golden Idol"]},{"damage_healed":0.0,"max_hp_gain":0.0,"max_hp_loss":0.0,"gold_gain":75.0,"event_name":"World of Goop","player_choice":"Gather Gold","floor":5.0,"gold_loss":0.0,"damage_taken":11.0},{"damage_healed":0.0,"max_hp_gain":0.0,"max_hp_loss":0.0,"gold_gain":0.0,"event_name":"Scrap Ooze","player_choice":"Success","floor":7.0,"gold_loss":0.0,"damage_taken":7.0,"relics_obtained":["Bag of Preparation"]},{"damage_healed":0,"gold_gain":0,"player_choice":"Read","damage_taken":0,"max_hp_gain":0,"max_hp_loss":0,"event_name":"The Library","floor":25,"gold_loss":0,"cards_obtained":["Adaptation"]},{"damage_healed":0,"gold_gain":0,"player_choice":"Opened","damage_taken":0,"relics_obtained":["Matryoshka"],"max_hp_gain":0,"max_hp_loss":0,"event_name":"The Mausoleum","floor":30,"gold_loss":0,"cards_obtained":["Writhe"]},{"cards_removed":["FlyingSleeves"],"damage_healed":0,"gold_gain":0,"player_choice":"Removed Attack","damage_taken":0,"max_hp_gain":0,"max_hp_loss":0,"event_name":"Falling","floor":37,"gold_loss":0},{"damage_healed":0,"gold_gain":0,"player_choice":"Fight","damage_taken":0,"max_hp_gain":0,"max_hp_loss":0,"event_name":"Mysterious Sphere","floor":38,"gold_loss":0},{"damage_healed":0,"gold_gain":0,"player_choice":"Memory 1","damage_taken":0,"max_hp_gain":0,"max_hp_loss":0,"event_name":"SensoryStone","floor":39,"gold_loss":0},{"damage_healed":41,"gold_gain":0,"player_choice":"Heal","damage_taken":0,"max_hp_gain":0,"max_hp_loss":0,"event_name":"MindBloom","floor":47,"gold_loss":0,"cards_obtained":["Doubt"]}],"is_beta":false,"boss_relics":[{"not_picked":["SlaversCollar","Philosopher\u0027s Stone"],"picked":"SacredBark"},{"not_picked":["Velvet Choker","Runic Pyramid","Snecko Eye"]}],"items_purged_floors":[20,22,28],"is_endless":false,"potions_floor_spawned":[2,10,12,13,14,29,35,38,41],"killed_by":"Time Eater","ascension_level":0}}