{"host":"0cm5wy4nhuju7tij","time":1610167788,"event":{"mods":["100% Spire Juice","2.2 Compatiblity","AchievementEnabler","Arknights The Spire","Aspiration","BaseMod","Better Third Choice","BetterRewards","CCEM","CapriCore","Colored Powertips","Curses Come First","Custom Start","Displayed Cursed Tome","Downfall","Energized Spire","Evolution","Filter the Spire","Fireblade Mod","Hermit","Highlight Path","Jess\u0027s Bottle","Minty Spire (QoL Compilation)","Permanent Neow","Railgun Mod","Relic Stats","Shop Mod","Spicy Shops","StSLib","The Cursed","The Servant 0.9.4"],"gold_per_floor":[109,126,146,146,146,146,179,190,215,233,245,256,290,17,17,114,164,184,203,215,61,61,61,61,61],"floor_reached":24,"playtime":1557,"items_purged":["Strike_R","Strike_R"],"score":231,"play_id":"266ff211-cb5e-4180-9b94-70248431f424","local_time":"20210108234948","is_ascension_mode":true,"campfire_choices":[{"data":"Shrug It Off","floor":6,"key":"SMITH"},{"data":"Heavy Blade","floor":15,"key":"SMITH"},{"floor":23,"key":"REST"}],"circlet_count":0,"master_deck":["Defend_R","Defend_R","Bash","Shrug It Off+1","Infernal Blade+1","Cleave","Endless Agony","Finisher","Deadly Poison","Uppercut","Anger","Battle Trance","Inflame","Demon Form","Heavy Blade+1","Flex","Reaper","Anger","Spot Weakness","Juggernaut","Anger","Heavy Blade","Berserk","Fiend Fire"],"relics":["Burning Blood","EVO:Axolotl","aspiration:Nostalgia","champ:ChampionCrown","Boot","PreservedInsect","Mercury Hourglass","Strange Spoon","Tiny House"],"acts_visited":["Exordium","TheCity"],"potions_floor_usage":[24],"damage_taken":[{"damage":2,"enemies":"Small Slimes","floor":1,"turns":4},{"damage":6,"enemies":"2 Louse","floor":2,"turns":3},{"damage":1,"enemies":"Cultist","floor":3,"turns":3},{"damage":30,"enemies":"Gremlin Nob","floor":7,"turns":4},{"damage":0,"enemies":"Large Slime","floor":8,"turns":4},{"damage":8,"enemies":"Blue Slaver","floor":10,"turns":2},{"damage":17,"enemies":"Exordium Wildlife","floor":11,"turns":2},{"damage":11,"enemies":"Looter","floor":12,"turns":2},{"damage":2,"enemies":"Lagavulin","floor":13,"turns":5},{"damage":25,"enemies":"Hexaghost","floor":16,"turns":7},{"damage":31,"enemies":"3 Byrds","floor":18,"turns":4},{"damage":26,"enemies":"2 Thieves","floor":19,"turns":4},{"damage":37,"enemies":"Snake Plant","floor":20,"turns":4},{"damage":57,"enemies":"Slavers","floor":24,"turns":2}],"seed_played":"5349293151440674984","potions_obtained":[{"floor":7,"key":"Block Potion"},{"floor":8,"key":"ElixirPotion"},{"floor":11,"key":"BlessingOfTheForge"},{"floor":16,"key":"Ancient Potion"}],"is_trial":false,"path_per_floor":["M","M","M","?","?","R","E","M","T","M","M","M","E","$","R","B",null,"M","M","M","$","?","R","E"],"character_chosen":"IRONCLAD","items_purchased":["Strange Spoon","Flex","Heavy Blade"],"campfire_rested":1,"item_purchase_floors":[14,14,21],"current_hp_per_floor":[80,80,80,80,80,80,56,62,62,60,49,44,48,48,48,29,85,68,50,19,19,19,44,0,0],"gold":61,"neow_bonus":"NOSTALGIA","is_daily":false,"chose_seed":false,"campfire_upgraded":2,"win_rate":0.0,"timestamp":1610167788,"path_taken":["M","M","M","?","?","R","E","M","T","M","M","?","E","$","R","BOSS","M","M","M","$","?","R","E"],"items_purchased_type":["Relic","Card","Card"],"build_version":"2020-12-22","purchased_purges":2,"victory":false,"max_hp_per_floor":[80,80,80,80,80,80,80,80,80,80,80,80,80,80,80,80,85,85,85,85,85,85,85,85,85],"relic_stats":{"Strange Spoon":[4],"counters":[14,49],"PreservedInsect":67,"Boot":[19],"obtain_stats":[{"Strange Spoon":14,"Tiny House":17,"aspiration:Nostalgia":0,"champ:ChampionCrown":0,"PreservedInsect":9,"EVO:Axolotl":0,"Boot":7,"Burning Blood":0,"Mercury Hourglass":13},{"Strange Spoon":9,"Tiny House":10,"aspiration:Nostalgia":0,"champ:ChampionCrown":0,"PreservedInsect":5,"EVO:Axolotl":0,"Boot":4,"Burning Blood":0,"Mercury Hourglass":9},{"Strange Spoon":29,"Tiny House":36,"aspiration:Nostalgia":0,"champ:ChampionCrown":0,"PreservedInsect":18,"EVO:Axolotl":0,"Boot":14,"Burning Blood":0,"Mercury Hourglass":29}],"Burning Blood":69,"Mercury Hourglass":[93]},"card_choices":[{"not_picked":["Clothesline","Headbutt"],"picked":"Shrug It Off","floor":1},{"not_picked":["Pommel Strike","Second Wind"],"picked":"Infernal Blade","floor":2},{"not_picked":["Warcry","Pommel Strike"],"picked":"Cleave","floor":3},{"not_picked":["Body Slam","Cleave"],"picked":"Uppercut","floor":7},{"not_picked":["Thunderclap","Headbutt"],"picked":"Anger","floor":8},{"not_picked":["Armaments","Havoc"],"picked":"Battle Trance","floor":10},{"not_picked":["Body Slam","Power Through"],"picked":"Inflame","floor":11},{"not_picked":["True Grit","Dual Wield"],"picked":"Demon Form","floor":12},{"not_picked":["Armaments","True Grit"],"picked":"Heavy Blade","floor":13},{"not_picked":["Offering","Double Tap"],"picked":"Reaper","floor":16},{"not_picked":["Clash","Dropkick"],"picked":"Anger","floor":17},{"not_picked":["Shrug It Off","Body Slam"],"picked":"Spot Weakness","floor":18},{"not_picked":["Body Slam","True Grit"],"picked":"Juggernaut","floor":19},{"not_picked":["Pommel Strike","Body Slam"],"picked":"Anger","floor":20}],"player_experience":344706,"relics_obtained":[{"floor":7,"key":"Boot"},{"floor":9,"key":"PreservedInsect"},{"floor":13,"key":"Mercury Hourglass"}],"event_choices":[{"damage_healed":0,"gold_gain":0,"player_choice":"Forge","damage_taken":0,"max_hp_gain":0,"max_hp_loss":0,"event_name":"Accursed Blacksmith","floor":5,"gold_loss":0,"cards_upgraded":["Infernal Blade"]},{"damage_healed":0,"gold_gain":0,"cards_transformed":["Strike_R","Defend_R"],"player_choice":"Became Test Subject","damage_taken":0,"max_hp_gain":0,"max_hp_loss":0,"event_name":"Drug Dealer","floor":22,"gold_loss":0,"cards_obtained":["Berserk","Fiend Fire"]}],"is_beta":false,"boss_relics":[{"not_picked":["CCEMRelics:TransientCore","Runic Cube"],"picked":"Tiny House"}],"items_purged_floors":[14,21],"is_endless":false,"potions_floor_spawned":[7,8,11,13,16,19,20],"killed_by":"Slavers","ascension_level":2}}