{"host":"ELF","time":1610207577,"event":{"mods":["BaseMod","Minty Spire (QoL Compilation)"],"gold_per_floor":[119,119,119,136,48,48,48,48,48,74,74,74,102,145,145,145,145],"floor_reached":16,"playtime":475,"items_purged":[],"score":262,"play_id":"23ea159f-8fe9-4d92-a693-aab2a3234aba","local_time":"20210109095257","is_ascension_mode":true,"campfire_choices":[{"floor":6,"key":"REST"},{"floor":8,"key":"REST"},{"data":"Leg Sweep","floor":11,"key":"SMITH"},{"floor":15,"key":"REST"}],"circlet_count":0,"master_deck":["AscendersBane","Strike_G","Strike_G","Strike_G","Strike_G","Defend_G","Defend_G","Defend_G","Defend_G","Defend_G","Survivor","Neutralize","Footwork","Poisoned Stab","Leg Sweep+1","Neutralize","Bouncing Flask","Crippling Poison"],"relics":["Ring of the Snake","NeowsBlessing","Omamori","CeramicFish","Singing Bowl","Snake Skull"],"acts_visited":["Exordium"],"potions_floor_usage":[14],"damage_taken":[{"damage":0,"enemies":"Cultist","floor":1,"turns":1},{"damage":0,"enemies":"Jaw Worm","floor":4,"turns":1},{"damage":0,"enemies":"Gremlin Nob","floor":10,"turns":1},{"damage":1,"enemies":"Small Slimes","floor":13,"turns":5},{"damage":47,"enemies":"3 Sentries","floor":14,"turns":15},{"damage":27,"enemies":"The Guardian","floor":16,"turns":10}],"seed_played":"3515575732108304265","potions_obtained":[{"floor":1,"key":"Swift Potion"},{"floor":10,"key":"Strength Potion"},{"floor":13,"key":"Block Potion"}],"is_trial":false,"path_per_floor":["M","?","?","M","$","R","?","R","T","E","R","$","M","E","R","B"],"character_chosen":"THE_SILENT","items_purchased":["Leg Sweep"],"campfire_rested":3,"item_purchase_floors":[5],"current_hp_per_floor":[59,14,14,14,14,33,33,52,52,54,54,54,53,6,26,0,0],"gold":145,"neow_bonus":"THREE_ENEMY_KILL","is_daily":false,"chose_seed":false,"campfire_upgraded":1,"win_rate":0.0,"timestamp":1610207577,"path_taken":["M","?","?","?","$","R","?","R","T","E","R","$","M","E","R","BOSS"],"items_purchased_type":["Card"],"build_version":"2020-12-18","purchased_purges":0,"victory":false,"max_hp_per_floor":[66,66,66,66,66,66,66,66,66,68,68,68,68,68,68,68,68],"card_choices":[{"not_picked":["Masterful Stab","Endless Agony"],"picked":"Footwork","floor":1},{"not_picked":["Escape Plan","Cloak And Dagger"],"picked":"Poisoned Stab","floor":4},{"not_picked":["Escape Plan","Dagger Spray","Flying Knee"],"picked":"Singing Bowl","floor":10},{"not_picked":["Deadly Poison","Adrenaline"],"picked":"Bouncing Flask","floor":13},{"not_picked":["Quick Slash","Caltrops"],"picked":"Crippling Poison","floor":14}],"player_experience":3155714,"relics_obtained":[{"floor":9,"key":"CeramicFish"},{"floor":10,"key":"Singing Bowl"},{"floor":14,"key":"Snake Skull"}],"event_choices":[{"damage_healed":0,"gold_gain":0,"player_choice":"Success","damage_taken":45,"relics_obtained":["Omamori"],"max_hp_gain":0,"max_hp_loss":0,"event_name":"Scrap Ooze","floor":2,"gold_loss":0},{"cards_removed":["Strike_G"],"damage_healed":0,"gold_gain":0,"player_choice":"Purged","damage_taken":0,"max_hp_gain":0,"max_hp_loss":0,"event_name":"Purifier","floor":3,"gold_loss":0},{"damage_healed":0,"gold_gain":0,"player_choice":"1 cards matched","damage_taken":0,"max_hp_gain":0,"max_hp_loss":0,"event_name":"Match and Keep!","floor":7,"gold_loss":0,"cards_obtained":["Neutralize"]}],"is_beta":true,"boss_relics":[],"items_purged_floors":[],"is_endless":false,"potions_floor_spawned":[1,10,13],"killed_by":"The Guardian","ascension_level":20}}