{"host":"h4lp0eeso8a0ssq0","time":1610163555,"event":{"mods":["2.2 Compatiblity","AchievementEnabler","BaseMod","CapriCore","Colored Map","Minty Spire (QoL Compilation)","StSLib","SuperFastMode"],"gold_per_floor":[117,117,140,163,47,47,82,100,100,100,136,155,196,196,196,317,317,331,356,379,392,392,433,449,449,503,503,503],"floor_reached":27,"playtime":1031,"items_purged":["Strike_R"],"score":347,"play_id":"84c5c261-3508-4bf5-949f-543e1e92ac26","local_time":"20210109123915","is_ascension_mode":true,"campfire_choices":[{"data":"Whirlwind","floor":6.0,"key":"SMITH"},{"data":"Armaments","floor":10.0,"key":"SMITH"},{"data":"Body Slam","floor":15,"key":"SMITH"},{"data":"Entrench","floor":25,"key":"SMITH"}],"circlet_count":0,"master_deck":["Strike_R","Strike_R","Defend_R","Defend_R","Defend_R","Defend_R","Bash","Shrug It Off","Iron Wave","Bloodletting","Whirlwind+1","Body Slam+1","Armaments+1","Rampage","Shrug It Off","Burning Pact","Feed","Metallicize+1","Blood for Blood","Body Slam","Warcry","Entrench+1","Doubt"],"relics":["Burning Blood","Golden Idol","MealTicket","StrikeDummy","Pocketwatch","Vajra","Cursed Key","Nilry\u0027s Codex","Frozen Egg 2"],"acts_visited":["Exordium","TheCity"],"potions_floor_usage":[23,23],"damage_taken":[{"damage":12.0,"enemies":"2 Louse","floor":1.0,"turns":3.0},{"damage":0.0,"enemies":"Small Slimes","floor":3.0,"turns":3.0},{"damage":6.0,"enemies":"Cultist","floor":4.0,"turns":4.0},{"damage":43.0,"enemies":"Lagavulin","floor":7.0,"turns":7.0},{"damage":6.0,"enemies":"2 Fungi Beasts","floor":8.0,"turns":3.0},{"damage":3.0,"enemies":"3 Sentries","floor":11.0,"turns":3.0},{"damage":0.0,"enemies":"3 Louse","floor":12.0,"turns":1.0},{"damage":13,"enemies":"Lagavulin","floor":13,"turns":4},{"damage":27,"enemies":"The Guardian","floor":16,"turns":8},{"damage":4,"enemies":"Shell Parasite","floor":18,"turns":6},{"damage":3,"enemies":"Spheric Guardian","floor":19,"turns":3},{"damage":22,"enemies":"Snecko","floor":20,"turns":6},{"damage":13,"enemies":"Snake Plant","floor":21,"turns":4},{"damage":35,"enemies":"Gremlin Leader","floor":23,"turns":6},{"damage":16,"enemies":"Cultist and Chosen","floor":24,"turns":5},{"damage":21,"enemies":"Sentry and Sphere","floor":27,"turns":6}],"seed_played":"-2761327245545877761","potions_obtained":[{"floor":8.0,"key":"Regen Potion"},{"floor":11.0,"key":"BloodPotion"},{"floor":12.0,"key":"BlessingOfTheForge"},{"floor":13,"key":"Explosive Potion"},{"floor":18,"key":"Weak Potion"}],"is_trial":false,"path_per_floor":["M","?","M","M","$","R","E","M","T","R","E","M","E","?","R","B",null,"M","M","M","M","?","E","M","R","T","M"],"character_chosen":"IRONCLAD","items_purchased":["Whirlwind"],"campfire_rested":0,"item_purchase_floors":[5],"current_hp_per_floor":[74,74,74,74,74,74,37,37,37,37,40,46,39,39,39,18,74,78,81,69,65,49,41,34,34,34,13,13],"gold":503,"neow_bonus":"REMOVE_CARD","is_daily":false,"chose_seed":false,"campfire_upgraded":4,"win_rate":0.0,"timestamp":1610163555,"path_taken":["M","?","M","M","$","R","E","M","T","R","E","M","E","?","R","BOSS","M","M","M","?","?","E","M","R","T","M"],"items_purchased_type":["Card"],"build_version":"2020-12-22","purchased_purges":1,"victory":false,"max_hp_per_floor":[80,74,74,74,74,74,74,74,74,74,74,74,74,74,74,74,74,78,81,85,88,88,92,95,95,95,95,95],"card_choices":[{"not_picked":["Thunderclap","Twin Strike"],"picked":"Shrug It Off","floor":1.0},{"not_picked":["Sword Boomerang","Flex"],"picked":"Iron Wave","floor":3.0},{"not_picked":["Metallicize","Clash"],"picked":"Bloodletting","floor":4.0},{"not_picked":["Pommel Strike","Evolve"],"picked":"Body Slam","floor":7.0},{"not_picked":["Wild Strike","Headbutt"],"picked":"Armaments","floor":8.0},{"not_picked":["Entrench","Flex"],"picked":"Rampage","floor":11.0},{"not_picked":["Iron Wave","True Grit"],"picked":"Shrug It Off","floor":12.0},{"not_picked":["Feel No Pain","Whirlwind"],"picked":"Burning Pact","floor":13},{"not_picked":["Offering","Exhume"],"picked":"Feed","floor":16},{"not_picked":["Iron Wave+1","Sword Boomerang"],"picked":"Metallicize+1","floor":18},{"not_picked":["Havoc+1","Armaments"],"picked":"Blood for Blood","floor":19},{"not_picked":["Havoc","Bludgeon"],"picked":"Body Slam","floor":20},{"not_picked":["Perfected Strike+1","Shrug It Off"],"picked":"Warcry","floor":21},{"not_picked":["Perfected Strike","Clothesline"],"picked":"Entrench","floor":23},{"not_picked":["Armaments","Bloodletting","Dropkick"],"picked":"SKIP","floor":24}],"player_experience":107517,"relics_obtained":[{"floor":7.0,"key":"MealTicket"},{"floor":9.0,"key":"StrikeDummy"},{"floor":11.0,"key":"Pocketwatch"},{"floor":13,"key":"Vajra"},{"floor":22,"key":"Nilry\u0027s Codex"},{"floor":23,"key":"Frozen Egg 2"}],"event_choices":[{"damage_healed":0.0,"max_hp_gain":0.0,"max_hp_loss":6.0,"gold_gain":0.0,"event_name":"Golden Idol","player_choice":"Lose Max HP","floor":2.0,"gold_loss":0.0,"damage_taken":0.0,"relics_obtained":["Golden Idol"]},{"cards_removed":["Strike_R"],"damage_healed":0,"gold_gain":0,"player_choice":"Offered Basic","damage_taken":0,"max_hp_gain":0,"max_hp_loss":0,"event_name":"Bonfire Elementals","floor":14,"gold_loss":0},{"damage_healed":0,"gold_gain":0,"player_choice":"Obtained Book","damage_taken":16,"max_hp_gain":0,"max_hp_loss":0,"event_name":"Cursed Tome","floor":22,"gold_loss":0}],"is_beta":false,"boss_relics":[{"not_picked":["Calling Bell","Snecko Eye"],"picked":"Cursed Key"}],"items_purged_floors":[5],"is_endless":false,"potions_floor_spawned":[8,11,12,13,18],"killed_by":"Sentry and Sphere","ascension_level":3}}