{"host":"0r9ojvl99b3119ch","time":1610176078,"event":{"mods":["100% Spire Juice","Act Like it!","BaseMod","Better Third Choice","BetterRewards","Downfall","Friendly Minions","Gensokyo","Hubris","Infinite Spire","Jorbs\u0027s Wanderer Trilogy","Koishi","Marisa????????","Minty Spire (QoL Compilation)","Prisma Mod","Quick Restart","Reimu??????","Remilia??????","Replay The Spire","Robot Space Explorer","Shop Mod","Spicy Shops","StSLib","Td1madao Mod","The Administrix","The Marked","The Senshi","The Servant 0.9.4","Waifu the Spire","WarShipGirlsR/????R mod","Youmu??????","Yuri Mod"],"gold_per_floor":[115,135,154,154,154,154,29,141,141,159,2,127,147,75,75,178,178,206,0,0,0,0,0,0,0,0,0,51,51,301,337,389,419,419,532,532,552,552,552,552,656,710,710,734,789,260,260,240,240,273,273,281,281],"floor_reached":52,"playtime":3307,"items_purged":["rmod:strick","rmod:defend","Pain","rmod:defend","Delirium"],"score":661,"play_id":"11a336ed-f6fa-485e-a2f4-18aa114f9c5c","local_time":"20210109010758","is_ascension_mode":false,"campfire_choices":[{"data":"Apotheosis","floor":6.0,"key":"SMITH"},{"floor":25.0,"key":"REST"},{"floor":27.0,"key":"RECALL"},{"floor":34.0,"key":"REST"},{"floor":47,"key":"REST"},{"floor":51,"key":"REST"}],"circlet_count":0,"master_deck":["rmod:strick","rmod:strick","rmod:strick","rmod:defend","rmod:defend","rmod:basicallowance+1","rmod:maingunfire","rmod:fletcherpendant+1","rmod:supportaircraftcarrier","rmod:goodsister","rmod:rockthrower","rmod:rockthrower","Apotheosis+1","Chrysalis","Chrysalis","rmod:sl","rmod:diamondstrike","rmod:ammunitionsupply","rmod:generalist","rmod:spoils","rmod:bulid","rmod:mineteam","rmod:secretscript","CurseOfTheBell","rmod:firesupport+1","infinitespire:Starlight","rmod:seals","rmod:aviationdawn+1","rmod:aluminumsupply","rmod:fuelsupply","rmod:expeditionaryescort","rmod:robin+1","Writhe","RobotSpaceExplorer:Scan","rmod:abidefaith","Wraith","ReplayTheSpireMod:Black Plague","rmod:expedition+1","Wraith","rmod:lonelyqueen","rmod:mineteam","Poisoned Strike","rmod:fuelsupply+1"],"relics":["ReplayTheSpireMod:ShopPack","Blue Candle","MerchantsRug","hubris:Icosahedron","WarpedTongs","Meat on the Bone","hubris:64BitClover","Replay:Lucky Slots","Calling Bell","Replay:Bandana","Ginger","Replay:Bottled Snecko","Fusion Hammer","Replay:Towering Pillar of Hats","Gensokyo:ConquerorOfFear","Replay:Bottled Steam","ReplayTheSpireMod:TigerMarble","rmod:mogul","Ring of Misfortune","ReplayTheSpireMod:Ring of Exchange","ReplayTheSpireMod:SealedPack","StoneCalendar","Bag of Marbles","Calipers","Simple Rune","rmod:quickrepair","Mastiff:ReiMu"],"acts_visited":["Exordium","Gensokyo:Gensokyoer","TheBeyond"],"potions_floor_usage":[52],"damage_taken":[{"damage":15.0,"enemies":"Small Slimes","floor":1.0,"turns":4.0},{"damage":0.0,"enemies":"Cultist","floor":2.0,"turns":3.0},{"damage":0.0,"enemies":"2 Louse","floor":3.0,"turns":2.0},{"damage":5.0,"enemies":"Exordium Wildlife","floor":8.0,"turns":4.0},{"damage":0.0,"enemies":"3 Louse","floor":10.0,"turns":1.0},{"damage":8.0,"enemies":"Large Slime","floor":12.0,"turns":5.0},{"damage":6.0,"enemies":"Gremlin Gang","floor":13.0,"turns":2.0},{"damage":27.0,"enemies":"Hexaghost","floor":16.0,"turns":6.0},{"damage":9.0,"enemies":"Gensokyo:AngelMirror","floor":18.0,"turns":3.0},{"damage":0.0,"enemies":"Gensokyo:2_Gloops","floor":31.0,"turns":3.0},{"damage":24.0,"enemies":"Gensokyo:Tenshi","floor":32.0,"turns":3.0},{"damage":43.0,"enemies":"Gensokyo:Swordslinger","floor":33.0,"turns":4.0},{"damage":63.0,"enemies":"Gensokyo:Kaguya","floor":35.0,"turns":6.0},{"damage":28.0,"enemies":"3 Shapes","floor":37.0,"turns":3.0},{"damage":48.0,"enemies":"infinitespire:Three Voidlings","floor":41.0,"turns":5.0},{"damage":0.0,"enemies":"Nightmare_Alpha","floor":41.0,"turns":1.0},{"damage":0,"enemies":"Giant Head","floor":42,"turns":5},{"damage":36,"enemies":"3 Darklings","floor":44,"turns":5},{"damage":46,"enemies":"Sphere and 2 Shapes","floor":50,"turns":4},{"damage":57,"enemies":"infinitespire:MassOfShapes","floor":52,"turns":5}],"seed_played":"2692583085596503688","potions_obtained":[{"floor":12.0,"key":"Explosive Potion"},{"floor":13.0,"key":"champ:CounterPotion"},{"floor":16.0,"key":"ZuzhouPotion:ReiMu"},{"floor":18.0,"key":"Strength Potion"},{"floor":41,"key":"Adrenaline Potion"}],"is_trial":false,"path_per_floor":["M","M","M","?","?","R","$","M","T","M","$","M","M","$","R","B",null,"M","?","AVR","?","$","PTL","PTL","R","COS","R","T","?","?","M","E","M","R","B",null,"M","?","AVR","?","?","E","T","M","T","$","R","?","?","M","R","B"],"character_chosen":"PRAEFECT","items_purchased":["ReplayTheSpireMod:ShopPack","Blue Candle","MerchantsRug","rmod:fletcherpendant","rmod:supportaircraftcarrier","rmod:goodsister","rmod:rockthrower","hubris:64BitClover","Replay:Lucky Slots","rmod:mineteam","rmod:quickrepair","Mastiff:ReiMu","Energy Potion","rmod:mineteam"],"campfire_rested":4,"item_purchase_floors":[0,0,0,0,0,0,0,11,11,14,46,46,46,46],"current_hp_per_floor":[25,25,25,25,25,25,25,20,20,32,32,36,42,42,64,49,75,66,66,66,66,66,66,66,75,75,75,75,75,75,75,66,35,57,16,75,62,62,62,62,44,44,44,35,35,35,57,57,57,23,45,0,0],"gold":281,"neow_bonus":"","is_daily":false,"chose_seed":false,"campfire_upgraded":1,"win_rate":0.0,"timestamp":1610176078,"path_taken":["M","M","M","?","?","R","$","M","T","M","$","?","M","?","R","BOSS","M","?","AVR","?","?","PTL","PTL","R","COS","R","T","?","?","?","E","M","R","BOSS","M","?","AVR","?","?","E","?","?","T","$","R","?","?","M","R","BOSS"],"items_purchased_type":["Relic","Relic","Relic","Card","Card","Card","Card","Relic","Relic","Card","Relic","Relic","Potion","Card"],"build_version":"2020-12-22","purchased_purges":5,"victory":false,"max_hp_per_floor":[75,75,75,75,75,75,75,75,75,75,75,75,75,75,75,75,75,75,75,75,75,75,75,75,75,75,75,75,75,75,75,75,75,75,75,75,75,75,75,75,75,75,75,75,75,75,75,75,75,75,75,75,75],"card_choices":[{"not_picked":["Magnetism","Violence"],"picked":"Apotheosis","floor":0.0},{"not_picked":["Replay:Parry","expansioncontent:ManipulateTime"],"picked":"Chrysalis","floor":0.0},{"not_picked":["Mind Blast","expansioncontent:Hexaburn"],"picked":"Chrysalis","floor":0.0},{"not_picked":["rmod:fuelsupply","rmod:ring"],"picked":"rmod:sl","floor":1.0},{"not_picked":["rmod:unsinkable","rmod:gendarmerie"],"picked":"rmod:diamondstrike","floor":2.0},{"not_picked":["rmod:luckystar","rmod:steelsupply"],"picked":"rmod:ammunitionsupply","floor":3.0},{"not_picked":["rmod:supportaircraftcarrier","rmod:supportescort"],"picked":"rmod:generalist","floor":8.0},{"not_picked":["rmod:unsinkable","rmod:supportescort"],"picked":"rmod:spoils","floor":10.0},{"not_picked":["rmod:ring","rmod:slowdown"],"picked":"rmod:openingtorpedo","floor":12.0},{"not_picked":["rmod:firesupport","rmod:intelligenceanalysis"],"picked":"rmod:bulid","floor":13.0},{"not_picked":["rmod:abidefaith","rmod:saltedfish"],"picked":"rmod:secretscript","floor":16.0},{"not_picked":["rmod:smokecover","rmod:ammunitionsupply"],"picked":"rmod:firesupport+1","floor":18.0},{"not_picked":["rmod:advancebysurprise","rmod:circuitoustactics"],"picked":"rmod:aviationdawn+1","floor":31.0},{"not_picked":["rmod:seals","rmod:garrisonisland"],"picked":"rmod:aluminumsupply","floor":32.0},{"not_picked":["rmod:ammunitionsupply","rmod:fletcherpendant"],"picked":"rmod:fuelsupply","floor":33.0},{"not_picked":["rmod:u235","rmod:timeschanged"],"picked":"rmod:expeditionaryescort","floor":35.0},{"not_picked":["rmod:aluminumsupply","rmod:rockthrower"],"picked":"rmod:robin+1","floor":37.0},{"not_picked":["hexamod:Sear","theSenshi:MoonPrismPowerMakeUp"],"picked":"RobotSpaceExplorer:Scan","floor":39.0},{"not_picked":["rmod:timeschanged","rmod:seals"],"picked":"rmod:abidefaith","floor":39.0},{"not_picked":["Trip","Mind Blast"],"picked":"Specialist","floor":39.0},{"not_picked":["infinitespire:Oblivion","ReplayTheSpireMod:Black Plague"],"picked":"infinitespire:SealOfDarkness+","floor":39.0},{"not_picked":["infinitespire:Gouge","ReplayTheSpireMod:Echoes of Time"],"picked":"ReplayTheSpireMod:Black Plague","floor":41},{"not_picked":["rmod:openingtorpedo","rmod:robin"],"picked":"rmod:expedition+1","floor":41},{"not_picked":["rmod:firesupport","rmod:supportescort","rmod:fuelsupply+1"],"picked":"SKIP","floor":42},{"not_picked":["rmod:timeschanged","rmod:spoils+1"],"picked":"rmod:lonelyqueen","floor":44},{"not_picked":["rmod:intelligenceanalysis","rmod:firesupport"],"picked":"rmod:fuelsupply+1","floor":50}],"player_experience":588625,"relics_obtained":[{"floor":9.0,"key":"Meat on the Bone"},{"floor":17.0,"key":"Replay:Bandana"},{"floor":17.0,"key":"Ginger"},{"floor":17.0,"key":"Replay:Bottled Snecko"},{"floor":28.0,"key":"Pet Ghost"},{"floor":31.0,"key":"Gensokyo:ConquerorOfFear"},{"floor":32.0,"key":"Replay:Bottled Steam"},{"floor":35.0,"key":"ReplayTheSpireMod:TigerMarble"},{"floor":38.0,"key":"Ring of Misfortune"},{"floor":38.0,"key":"ReplayTheSpireMod:Ring of Exchange"},{"floor":41,"key":"StoneCalendar"},{"floor":42,"key":"Bag of Marbles"},{"floor":43,"key":"Calipers"},{"floor":45,"key":"Simple Rune"}],"event_choices":[{"damage_healed":0.0,"max_hp_gain":0.0,"max_hp_loss":0.0,"gold_gain":0.0,"event_name":"Accursed Blacksmith","player_choice":"Rummage","floor":5.0,"gold_loss":0.0,"damage_taken":0.0,"relics_obtained":["WarpedTongs"],"cards_obtained":["Pain"]},{"damage_healed":0.0,"max_hp_gain":0.0,"max_hp_loss":0.0,"gold_gain":0.0,"event_name":"OrinTheCat","player_choice":"Ignored","floor":40.0,"gold_loss":0.0,"damage_taken":0.0},{"damage_healed":0,"gold_gain":0,"player_choice":"Ignored","damage_taken":0,"max_hp_gain":0,"max_hp_loss":0,"event_name":"OrinTheCat","floor":41,"gold_loss":0},{"damage_healed":0,"gold_gain":0,"cards_transformed":["Specialist"],"player_choice":"Transformed","damage_taken":0,"max_hp_gain":0,"max_hp_loss":0,"event_name":"Transmorgrifier","floor":49,"gold_loss":0,"cards_obtained":["Poisoned Strike"]}],"is_beta":false,"boss_relics":[{"not_picked":["Kintsugi","Replay:Bronze Core"],"picked":"Calling Bell"},{"not_picked":["hubris:BlackHole","Runic Dome"],"picked":"rmod:mogul"}],"items_purged_floors":[0,0,7,20,46],"is_endless":true,"potions_floor_spawned":[12,13,16,18,33,41,42],"killed_by":"infinitespire:MassOfShapes","ascension_level":0}}