{"host":"w029btg0lk3znwbc","time":1610189749,"event":{"mods":["AchievementEnabler","Act Like it!","Arknights The Spire","BaseMod","Colored Map","Colored Powertips","Downfall","Energized Spire","Evolution","Gensokyo","Hermit","Infinite Spire","Minty Spire (QoL Compilation)","Prisma Mod","Replay The Spire","StSLib","SuperFastMode","The Animator","The Blue Laboratory","The Fake Hero","The Runesmith","The Servant 0.9.4"],"gold_per_floor":[99,117,217,227,240,272,325,340,358,378,393,408,408,96,111,111,111,111],"floor_reached":16,"playtime":1145,"items_purged":[],"score":108,"play_id":"152f3805-7fc9-4aa6-bb0d-2101af85d9a8","local_time":"20210109115549","is_ascension_mode":false,"campfire_choices":[{"data":"Guardian:SphericShield","floor":13.0,"key":"SMITH"}],"circlet_count":0,"master_deck":["Guardian:Strike_Guardian","Guardian:Strike_Guardian","Guardian:Strike_Guardian","Guardian:Defend_Guardian+1","Guardian:Defend_Guardian","Guardian:Defend_Guardian","Guardian:Defend_Guardian","Guardian:CurlUp+1","Guardian:TwinSlam","Guardian:SphericShield+1","Guardian:Reroute","Guardian:Reroute","Guardian:PrismaticBeam","Guardian:Reroute","Guardian:BronzeOrb","Guardian:TemporalShield","Guardian:Emergency"],"relics":["Guardian:ModeShifter","EVO:Axolotl","Blue Doll","War Paint","Regal Pillow","Strange Spoon"],"acts_visited":["Exordium"],"potions_floor_usage":[16,16],"damage_taken":[{"damage":0.0,"enemies":"Cultist","floor":2.0,"turns":6.0},{"damage":5.0,"enemies":"Jaw Worm","floor":4.0,"turns":4.0},{"damage":0.0,"enemies":"Small Slimes","floor":5.0,"turns":3.0},{"damage":33.0,"enemies":"3 Sentries","floor":6.0,"turns":14.0},{"damage":9.0,"enemies":"2 Fungi Beasts","floor":8.0,"turns":5.0},{"damage":15.0,"enemies":"Exordium Thugs","floor":9.0,"turns":5.0},{"damage":2.0,"enemies":"Blue Slaver","floor":10.0,"turns":6.0},{"damage":4.0,"enemies":"3 Louse","floor":11.0,"turns":4.0},{"damage":7.0,"enemies":"Red Slaver","floor":12.0,"turns":4.0},{"damage":0.0,"enemies":"downfall:FleeingMerchant","floor":14.0,"turns":4.0},{"damage":12.0,"enemies":"Blue Slaver","floor":15.0,"turns":3.0},{"damage":14,"enemies":"downfall:Ironclad","floor":16,"turns":9}],"seed_played":"5284015101868390799","potions_obtained":[{"floor":2.0,"key":"sneckomod:MuddlingPotion"},{"floor":6.0,"key":"LiquidBronze"},{"floor":10.0,"key":"Energy Potion"},{"floor":15.0,"key":"blueLaboratory:StoneskinPotion"}],"is_trial":false,"path_per_floor":["R_BF","M","?","M","M","E","T","M","M","M","M","M","R","$","M","B"],"character_chosen":"GUARDIAN","items_purchased":["Regal Pillow","Strange Spoon"],"campfire_rested":0,"item_purchase_floors":[14,14],"current_hp_per_floor":[88,88,88,83,83,50,50,41,26,24,20,13,13,13,1,0,0,0],"gold":111,"neow_bonus":"TEN_PERCENT_HP_BONUS","is_daily":false,"chose_seed":false,"campfire_upgraded":1,"win_rate":0.0,"timestamp":1610189749,"path_taken":["R_BF","M","?","M","M","E","T","M","M","M","M","M","R","?","M","BOSS"],"items_purchased_type":["Relic","Relic"],"build_version":"2020-12-22","purchased_purges":0,"victory":false,"max_hp_per_floor":[88,88,88,88,88,88,88,88,88,88,88,88,88,88,88,88,88,88],"card_choices":[{"not_picked":["Guardian:TimeCapacitor","Guardian:SentryBeam"],"picked":"Guardian:Reroute","floor":2.0},{"not_picked":["Guardian:ArmoredProtocol","Guardian:Gem_Red"],"picked":"Guardian:Gem_Lightblue","floor":4.0},{"not_picked":["Guardian:Repulse","Guardian:PrimingBeam"],"picked":"Guardian:Gem_Lightblue","floor":5.0},{"not_picked":["Guardian:TemporalStrike","Guardian:Clone"],"picked":"Guardian:Reroute","floor":6.0},{"not_picked":["Guardian:ChargeUp","Guardian:Preprogram"],"picked":"Guardian:PrismaticBeam","floor":8.0},{"not_picked":["Guardian:Suspension","Guardian:VentSteam"],"picked":"Guardian:Gem_Green","floor":9.0},{"not_picked":["Guardian:TemporalShield","Guardian:MultiBeam"],"picked":"Guardian:Gem_Green","floor":10.0},{"not_picked":["Guardian:TemporalStrike","Guardian:Planning"],"picked":"Guardian:Reroute","floor":11.0},{"not_picked":["Guardian:RefractedBeam","Guardian:ChargeCore"],"picked":"Guardian:BronzeOrb","floor":12.0},{"not_picked":["Guardian:FloatingOrbs","Guardian:ShieldSpikes"],"picked":"Guardian:TemporalShield","floor":14.0},{"not_picked":["Guardian:Gem_Cyan","Guardian:Gem_Purple"],"picked":"Guardian:Emergency","floor":15.0}],"player_experience":21085,"relics_obtained":[{"floor":6.0,"key":"Blue Doll"},{"floor":7.0,"key":"War Paint"}],"event_choices":[],"is_beta":false,"boss_relics":[],"items_purged_floors":[],"is_endless":false,"potions_floor_spawned":[2,6,10,11,15],"killed_by":"downfall:Ironclad","ascension_level":0}}