{"host":"x7btokbb0w2jhl7e","time":1610203587,"event":{"mods":["ATMod(°¢èªMod)","Act Like it!","BaseMod","Bestiary","Gensokyo","Marisa£¨ìFÓê¡¡Ä§ÀíÉ³£©","Minty Spire (QoL Compilation)","Quick Restart","StSLib"],"gold_per_floor":[116,127,13,13,30,30,30,350,350,395,423,178,178,242,242,389,389,452,513,575,575,642,642,701,713,725,737,90,102,177,201,213,379,391,766,778,790,872,922,934,934],"floor_reached":40,"playtime":2758,"items_purged":["Strike_MRS"],"score":485,"play_id":"5cf1483a-997e-46c6-8e4e-5f5cb56a4137","local_time":"20210109224627","is_ascension_mode":false,"campfire_choices":[{"data":"AT_OneInchPunch","floor":7.0,"key":"SMITH"},{"data":"WitchOfGreed","floor":13.0,"key":"SMITH"},{"data":"TreasureHunter","floor":23.0,"key":"SMITH"},{"data":"GalacticHalo","floor":27.0,"key":"SMITH"},{"data":"ManaConvection","floor":29.0,"key":"SMITH"},{"data":"Acceleration","floor":32.0,"key":"SMITH"}],"circlet_count":0,"master_deck":["Strike_MRS+1","Defend_MRS","Defend_MRS","Defend_MRS","Defend_MRS","MasterSpark+1","UpSweep","AT_OneInchPunch+1","Acceleration+1","GalacticHalo+1","WitchOfGreed+1","EarthLightRay","WitchOfGreed+1","GalacticHalo","TreasureHunter+1","ManaConvection+1","MagicChant+1","OortCloud+1","Gensokyo:Kunekune+1","Acceleration+1","Gensokyo:PrivateSquare+1","AsteroidBelt+1","EnergyFlow+1"],"relics":["MiniHakkero","AT_ATBox","Gensokyo:MarisaImprobabilityPotion","Pen Nib","Frozen Egg 2","Toy Ornithopter","AT_SilvercatRing","Lee\u0027s Waffle","Black Star","Omamori","Molten Egg 2","MawBank","BreadOfAWashokuLover","Medical Kit","Strange Spoon","Regal Pillow","RampagingMagicTools","CaptainsWheel"],"acts_visited":["Gensokyo:Gensokyo","Gensokyo:Gensokyoer","Gensokyo:Gensokyoest"],"potions_floor_usage":[],"damage_taken":[{"damage":0.0,"enemies":"Gensokyo:2_Kodama","floor":1.0,"turns":2.0},{"damage":0.0,"enemies":"Gensokyo:3_Fairies","floor":2.0,"turns":3.0},{"damage":11.0,"enemies":"Gensokyo:Python","floor":5.0,"turns":4.0},{"damage":27.0,"enemies":"Gensokyo:LivingMonolith","floor":8.0,"turns":7.0},{"damage":10.0,"enemies":"Gensokyo:Aya","floor":10.0,"turns":7.0},{"damage":7.0,"enemies":"Gensokyo:3_Kodama","floor":11.0,"turns":2.0},{"damage":7.0,"enemies":"Gensokyo:CorruptedTreant","floor":14.0,"turns":3.0},{"damage":11.0,"enemies":"Gensokyo:Yukari","floor":16.0,"turns":6.0},{"damage":15.0,"enemies":"Gensokyo:Chomper","floor":18.0,"turns":3.0},{"damage":0.0,"enemies":"Gensokyo:2_Gloops","floor":19.0,"turns":4.0},{"damage":5.0,"enemies":"Gensokyo:Wraith","floor":20.0,"turns":4.0},{"damage":11.0,"enemies":"Gensokyo:Monolith_and_Dog","floor":22.0,"turns":6.0},{"damage":55.0,"enemies":"Gensokyo:Reisen","floor":24.0,"turns":5.0},{"damage":9.0,"enemies":"Gensokyo:3_Gloops","floor":30.0,"turns":11.0},{"damage":6.0,"enemies":"Gensokyo:Wraith","floor":31.0,"turns":6.0},{"damage":40.0,"enemies":"Gensokyo:Kaguya","floor":33.0,"turns":19.0},{"damage":44.0,"enemies":"Gensokyo:3_Boulders","floor":35.0,"turns":7.0},{"damage":0.0,"enemies":"Gensokyo:3_Bats","floor":38.0,"turns":7.0},{"damage":0.0,"enemies":"Gensokyo:Dusk_and_Dawn","floor":39.0,"turns":4.0},{"damage":5,"enemies":"Gensokyo:Marisa","floor":40,"turns":7}],"seed_played":"-977768989350852413","potions_obtained":[{"floor":1.0,"key":"Ancient Potion"},{"floor":8.0,"key":"LiquidMemories"},{"floor":10.0,"key":"AttackPotion"},{"floor":11.0,"key":"SteroidPotion"},{"floor":14.0,"key":"PowerPotion"},{"floor":18.0,"key":"Weak Potion"},{"floor":20.0,"key":"FairyPotion"},{"floor":24.0,"key":"Explosive Potion"},{"floor":30.0,"key":"Weak Potion"},{"floor":30.0,"key":"BlessingOfTheForge"},{"floor":31.0,"key":"Explosive Potion"},{"floor":35.0,"key":"Explosive Potion"},{"floor":38.0,"key":"DuplicationPotion"}],"is_trial":false,"path_per_floor":["M","M","COS","?","M","?","R","M","T","E","M","$","R","M","R","B",null,"M","M","M","?","M","R","E","?","T","R","COS","R","M","M","R","B",null,"M","?","?","M","M","E"],"character_chosen":"MARISA","items_purchased":["WitchOfGreed+1","Lee\u0027s Waffle"],"campfire_rested":0,"item_purchase_floors":[12,12],"current_hp_per_floor":[68,72,72,72,61,61,61,34,34,24,22,96,96,89,89,82,96,90,94,96,96,89,89,44,44,44,44,44,44,47,50,50,16,96,52,52,52,56,60,59,59],"gold":934,"neow_bonus":"TWENTY_PERCENT_HP_BONUS","is_daily":false,"chose_seed":false,"campfire_upgraded":6,"win_rate":0.0,"timestamp":1610203587,"path_taken":["M","M","COS","?","M","?","R","M","T","E","M","$","R","M","R","BOSS","M","M","M","?","?","R","E","?","T","R","COS","R","M","M","R","BOSS","M","?","?","M","M","E"],"items_purchased_type":["Card","Relic"],"build_version":"2020-12-22","purchased_purges":1,"victory":false,"max_hp_per_floor":[89,89,89,89,89,89,89,89,89,89,89,96,96,96,96,96,96,96,96,96,96,96,96,96,96,96,96,96,96,96,96,96,96,96,96,96,96,96,96,96,96],"card_choices":[{"not_picked":["ChargeUpSpray","DoubleSpark"],"picked":"EarthLightRay","floor":1.0},{"not_picked":["SporeBomb","UnstableBomb"],"picked":"Acceleration","floor":2.0},{"not_picked":["LuminesStrike","EventHorizon"],"picked":"GalacticHalo","floor":5.0},{"not_picked":["Singularity","EarthLightRay"],"picked":"WitchOfGreed","floor":8.0},{"not_picked":["Singularity+1","MachineGunSpark"],"picked":"EarthLightRay","floor":10.0},{"not_picked":["EventHorizon+1","SporeBomb","DoubleSpark"],"picked":"SKIP","floor":11.0},{"not_picked":["OrrerysSun+1","DeepEcoloBomb","GalacticHalo"],"picked":"SKIP","floor":14.0},{"not_picked":["OrrerysSun+1","DeepEcoloBomb"],"picked":"GalacticHalo","floor":14.0},{"not_picked":["BinaryStars","CollectingQuirk"],"picked":"TreasureHunter","floor":16.0},{"not_picked":["ShootingEcho","SporeBomb","MilkyWay"],"picked":"SKIP","floor":18.0},{"not_picked":["GravityBeat","GasGiant"],"picked":"ManaConvection","floor":19.0},{"not_picked":["AlicesGift","6A","DarkSpark"],"picked":"SKIP","floor":20.0},{"not_picked":["EarthLightRay+1","Acceleration"],"picked":"MagicChant+1","floor":22.0},{"not_picked":["GalacticHalo","EventHorizon+1"],"picked":"OortCloud+1","floor":24.0},{"not_picked":["StarBarrage+1","Robbery+1"],"picked":"Acceleration","floor":30.0},{"not_picked":["GrandCross+1","OpenUniverse","MysteriousBeam+1"],"picked":"SKIP","floor":31.0},{"not_picked":["DragonMeteor+1","WitchLeyline+1","FairyDestructionRay+1"],"picked":"SKIP","floor":35.0},{"not_picked":["SporeBomb","GravityBeat+1"],"picked":"AsteroidBelt+1","floor":38.0},{"not_picked":["PowerUp","ShootTheMoon+1"],"picked":"EnergyFlow+1","floor":39.0}],"player_experience":228275,"relics_obtained":[{"floor":9.0,"key":"Frozen Egg 2"},{"floor":10.0,"key":"Toy Ornithopter"},{"floor":24.0,"key":"Omamori"},{"floor":24.0,"key":"Molten Egg 2"},{"floor":24.0,"key":"MawBank"},{"floor":26.0,"key":"BreadOfAWashokuLover"}],"event_choices":[],"is_beta":false,"boss_relics":[{"not_picked":["Astrolabe","Busted Crown"],"picked":"Black Star"},{"not_picked":["Calling Bell","Velvet Choker"],"picked":"RampagingMagicTools"}],"items_purged_floors":[12],"is_endless":false,"potions_floor_spawned":[1,8,11,14,18,20,31,38],"killed_by":"Gensokyo:Marisa","ascension_level":0}}