{"host":"gg","time":1610191773,"event":{"mods":["BaseMod","Colored Map","Googly Eyes","Minty Spire (QoL Compilation)","Permanent Neow","Relic Stats","The IronCluck"],"gold_per_floor":[110,110,35,52,52,52,83,103,179,209,209,226,252,262,262,333,333,348,348,10,20,20,20,30,55,78,112,112,112,112,125,125,125,125],"floor_reached":33,"playtime":1894,"items_purged":[],"score":656,"play_id":"d61f4dca-1251-4d27-aac7-eff1f9cd20d5","local_time":"20210109032933","is_ascension_mode":true,"campfire_choices":[{"data":"Eruption","floor":6.0,"key":"SMITH"},{"data":"Meditate","floor":15.0,"key":"SMITH"},{"data":"SpiritShield","floor":23.0,"key":"SMITH"},{"floor":28,"key":"REST"},{"floor":32,"key":"REST"}],"circlet_count":0,"master_deck":["AscendersBane","Strike_P","Strike_P","Strike_P","Strike_P","Defend_P+1","Defend_P","Defend_P","Eruption+1","Vigilance","JustLucky","Meditate+1","Prostrate","Wallop+1","SpiritShield+1","CurseOfTheBell","FollowUp+1","WheelKick+1","EmptyFist+1","InnerPeace+1","BowlingBash+1","FearNoEvil+1","Writhe"],"relics":["Busted Crown","Ancient Tea Set","Damaru","Gremlin Horn","Molten Egg 2","Bag of Preparation","Calling Bell","PreservedInsect","StrikeDummy","Turnip","StoneCalendar","Bronze Scales","War Paint","Singing Bowl","InkBottle","Nilry\u0027s Codex"],"acts_visited":["Exordium","TheCity"],"potions_floor_usage":[],"damage_taken":[{"damage":0.0,"enemies":"Small Slimes","floor":1.0,"turns":2.0},{"damage":0.0,"enemies":"2 Louse","floor":4.0,"turns":3.0},{"damage":16.0,"enemies":"Gremlin Nob","floor":7.0,"turns":3.0},{"damage":7.0,"enemies":"Cultist","floor":8.0,"turns":3.0},{"damage":18.0,"enemies":"3 Sentries","floor":10.0,"turns":9.0},{"damage":0.0,"enemies":"3 Louse","floor":12.0,"turns":3.0},{"damage":8.0,"enemies":"Lagavulin","floor":13.0,"turns":7.0},{"damage":4.0,"enemies":"Looter","floor":14.0,"turns":2.0},{"damage":33.0,"enemies":"Slime Boss","floor":16.0,"turns":9.0},{"damage":4.0,"enemies":"Shell Parasite","floor":18.0,"turns":4.0},{"damage":0.0,"enemies":"3 Byrds","floor":21.0,"turns":2.0},{"damage":20.0,"enemies":"3 Cultists","floor":24.0,"turns":4.0},{"damage":0.0,"enemies":"Gremlin Leader","floor":25.0,"turns":1.0},{"damage":21,"enemies":"Book of Stabbing","floor":27,"turns":5},{"damage":0,"enemies":"Snecko","floor":31,"turns":3},{"damage":52,"enemies":"Champ","floor":33,"turns":9}],"seed_played":"2756307148031803022","potions_obtained":[{"floor":1.0,"key":"Fruit Juice"},{"floor":7.0,"key":"Dexterity Potion"},{"floor":8.0,"key":"GamblersBrew"},{"floor":13.0,"key":"SkillPotion"},{"floor":14.0,"key":"Regen Potion"}],"is_trial":false,"path_per_floor":["M","?","?","M","$","R","E","M","T","E","?","M","E","M","R","B",null,"M","?","$","M","$","R","M","E","T","E","R","?","?","M","R","B"],"character_chosen":"WATCHER","items_purchased":["WheelKick+1","EmptyFist+1","Bronze Scales","InnerPeace"],"campfire_rested":2,"item_purchase_floors":[20,20,20,20],"current_hp_per_floor":[61,56,56,56,56,56,40,38,38,20,44,44,36,32,32,14,58,54,54,54,54,54,54,34,34,34,13,34,34,13,15,37,0,0],"gold":125,"neow_bonus":"BOSS_RELIC","is_daily":false,"chose_seed":false,"campfire_upgraded":3,"win_rate":0.0,"timestamp":1610191773,"path_taken":["M","?","?","M","$","R","E","M","T","E","?","M","E","M","R","BOSS","M","?","$","M","?","R","M","E","T","E","R","?","?","M","R","BOSS"],"items_purchased_type":["Card","Card","Relic","Card"],"build_version":"2020-12-18","purchased_purges":0,"victory":false,"max_hp_per_floor":[68,68,68,68,68,68,68,73,73,73,73,73,73,73,73,73,73,73,73,73,73,73,73,73,73,73,73,73,73,73,75,75,75,75],"relic_stats":{"Busted Crown":32,"Gremlin Horn":[11,11],"Singing Bowl":2,"counters":[16,69],"Bronze Scales":[137],"StoneCalendar":[38],"PreservedInsect":90,"Turnip":[6],"Bag of Preparation":[18],"War Paint":["InnerPeace","Defend_P"],"obtain_stats":[{"Gremlin Horn":9,"Singing Bowl":27,"Nilry\u0027s Codex":30,"Damaru":7,"StoneCalendar":19,"PreservedInsect":17,"Bag of Preparation":13,"War Paint":25,"Ancient Tea Set":2,"Calling Bell":17,"Busted Crown":0,"Bronze Scales":20,"Molten Egg 2":10,"Turnip":17,"PureWater":0,"StrikeDummy":17,"InkBottle":29},{"Gremlin Horn":4,"Singing Bowl":14,"Nilry\u0027s Codex":14,"Damaru":3,"StoneCalendar":10,"PreservedInsect":9,"Bag of Preparation":7,"War Paint":13,"Ancient Tea Set":1,"Calling Bell":9,"Busted Crown":0,"Bronze Scales":10,"Molten Egg 2":5,"Turnip":9,"PureWater":0,"StrikeDummy":9,"InkBottle":14},{"Gremlin Horn":11,"Singing Bowl":57,"Nilry\u0027s Codex":57,"Damaru":8,"StoneCalendar":45,"PreservedInsect":41,"Bag of Preparation":30,"War Paint":52,"Ancient Tea Set":2,"Calling Bell":41,"Busted Crown":0,"Bronze Scales":45,"Molten Egg 2":20,"Turnip":41,"PureWater":0,"StrikeDummy":41,"InkBottle":57}],"InkBottle":[4]},"card_choices":[{"not_picked":["Halt"],"picked":"SKIP","floor":1.0},{"not_picked":[],"picked":"JustLucky","floor":4.0},{"not_picked":[],"picked":"Meditate","floor":7.0},{"not_picked":[],"picked":"Prostrate","floor":8.0},{"not_picked":[],"picked":"Wallop+1","floor":10.0},{"not_picked":["PathToVictory"],"picked":"SKIP","floor":12.0},{"not_picked":["DeceiveReality"],"picked":"SKIP","floor":13.0},{"not_picked":["Swivel"],"picked":"SKIP","floor":14.0},{"not_picked":[],"picked":"SpiritShield","floor":16.0},{"not_picked":[],"picked":"FollowUp+1","floor":18.0},{"not_picked":["Prostrate"],"picked":"SKIP","floor":21.0},{"not_picked":["Prostrate"],"picked":"SKIP","floor":21.0},{"not_picked":[],"picked":"BowlingBash+1","floor":24.0},{"not_picked":["Evaluate"],"picked":"SKIP","floor":25.0},{"not_picked":[],"picked":"FearNoEvil+1","floor":27},{"not_picked":["JustLucky+1"],"picked":"Singing Bowl","floor":31}],"player_experience":1101888,"relics_obtained":[{"floor":7.0,"key":"Damaru"},{"floor":9.0,"key":"Gremlin Horn"},{"floor":10.0,"key":"Molten Egg 2"},{"floor":13.0,"key":"Bag of Preparation"},{"floor":17.0,"key":"PreservedInsect"},{"floor":17.0,"key":"StrikeDummy"},{"floor":17.0,"key":"Turnip"},{"floor":19.0,"key":"StoneCalendar"},{"floor":25.0,"key":"War Paint"},{"floor":27,"key":"Singing Bowl"},{"floor":30,"key":"Nilry\u0027s Codex"}],"event_choices":[{"damage_healed":0.0,"max_hp_gain":0.0,"max_hp_loss":0.0,"gold_gain":0.0,"event_name":"Scrap Ooze","player_choice":"Success","floor":2.0,"gold_loss":0.0,"damage_taken":5.0,"relics_obtained":["Ancient Tea Set"]},{"cards_removed":["Defend_P"],"damage_healed":0.0,"max_hp_gain":0.0,"max_hp_loss":0.0,"gold_gain":0.0,"event_name":"The Cleric","player_choice":"Card Removal","floor":3.0,"gold_loss":75.0,"damage_taken":0.0},{"damage_healed":24.0,"max_hp_gain":0.0,"max_hp_loss":0.0,"gold_gain":0.0,"event_name":"Big Fish","player_choice":"Banana","floor":11.0,"gold_loss":0.0,"damage_taken":0.0},{"damage_healed":0.0,"max_hp_gain":0.0,"max_hp_loss":0.0,"gold_gain":0.0,"event_name":"Wheel of Change","player_choice":"Relic","floor":19.0,"gold_loss":0.0,"damage_taken":0.0},{"damage_healed":0,"gold_gain":0,"player_choice":"Opened","damage_taken":0,"relics_obtained":["InkBottle"],"max_hp_gain":0,"max_hp_loss":0,"event_name":"The Mausoleum","floor":29,"gold_loss":0,"cards_obtained":["Writhe"]},{"damage_healed":0,"gold_gain":0,"player_choice":"Obtained Book","damage_taken":21,"max_hp_gain":0,"max_hp_loss":0,"event_name":"Cursed Tome","floor":30,"gold_loss":0}],"is_beta":true,"boss_relics":[{"not_picked":["Ectoplasm","Runic Dome"],"picked":"Calling Bell"}],"items_purged_floors":[],"is_endless":false,"potions_floor_spawned":[1,7,8,13,14],"killed_by":"Champ","ascension_level":20}}