{"host":"t3nmszc7fx0d6552","time":1610204784,"event":{"mods":["AchievementEnabler","BaseMod","Colored Map","Minty Spire (QoL Compilation)","Permanent Neow","StSLib","SuperFastMode"],"gold_per_floor":[115,115,125,138,138,138,149,149,175,205,219,237,237,262,262,339,339,350,385,385,148,148,148,187,187,214,256,267,267,295,340,340,340,340],"floor_reached":33,"playtime":1438,"items_purged":["Strike_G"],"score":611,"play_id":"8e188f37-91f1-431f-aab4-50fa73958654","local_time":"20210110000624","is_ascension_mode":true,"campfire_choices":[{"data":"Neutralize","floor":6.0,"key":"SMITH"},{"data":"Survivor","floor":8.0,"key":"SMITH"},{"data":"Dagger Throw","floor":13.0,"key":"SMITH"},{"floor":15.0,"key":"REST"},{"data":"Noxious Fumes","floor":23.0,"key":"SMITH"},{"data":"Die Die Die","floor":25.0,"key":"SMITH"},{"floor":32,"key":"REST"}],"circlet_count":0,"master_deck":["AscendersBane","Defend_G","Defend_G","Defend_G","Defend_G","Defend_G","Survivor+1","Neutralize+1","CurseOfTheBell","Crippling Poison+1","Leg Sweep+1","Terror+1","Reflex+1","Dodge and Roll+1","Concentrate+1","Crippling Poison+1","Dagger Throw+1","Backflip+1","Burst+1","PiercingWail+1","Dodge and Roll+1","Noxious Fumes+1","Shame","Envenom","Die Die Die+1","Prepared+1","Blade Dance+1","Bite","Bite","Bite","Bite","Bite"],"relics":["Calling Bell","Centennial Puzzle","Toxic Egg 2","WingedGreaves","Bronze Scales","Regal Pillow","Ice Cream","SlaversCollar","Red Mask","ClockworkSouvenir","CeramicFish","Smiling Mask","MealTicket"],"acts_visited":["Exordium","TheCity"],"potions_floor_usage":[30,30,30,30,33],"damage_taken":[{"damage":1.0,"enemies":"Jaw Worm","floor":1.0,"turns":7.0},{"damage":0.0,"enemies":"Small Slimes","floor":3.0,"turns":3.0},{"damage":5.0,"enemies":"2 Louse","floor":4.0,"turns":4.0},{"damage":20.0,"enemies":"Gremlin Gang","floor":7.0,"turns":5.0},{"damage":7.0,"enemies":"3 Sentries","floor":10.0,"turns":8.0},{"damage":4.0,"enemies":"Large Slime","floor":11.0,"turns":8.0},{"damage":3.0,"enemies":"2 Fungi Beasts","floor":12.0,"turns":3.0},{"damage":10.0,"enemies":"Lagavulin","floor":14.0,"turns":6.0},{"damage":13.0,"enemies":"Hexaghost","floor":16.0,"turns":9.0},{"damage":6.0,"enemies":"2 Thieves","floor":18.0,"turns":2.0},{"damage":6.0,"enemies":"Masked Bandits","floor":19.0,"turns":4.0},{"damage":13.0,"enemies":"Gremlin Leader","floor":24.0,"turns":6.0},{"damage":16.0,"enemies":"Slavers","floor":27.0,"turns":5.0},{"damage":10.0,"enemies":"Spheric Guardian","floor":28.0,"turns":4.0},{"damage":9,"enemies":"Cultist and Chosen","floor":30,"turns":6},{"damage":48,"enemies":"Automaton","floor":33,"turns":6}],"seed_played":"-5642497108237728450","potions_obtained":[{"floor":4.0,"key":"GhostInAJar"},{"floor":7.0,"key":"Poison Potion"},{"floor":10.0,"key":"Strength Potion"},{"floor":11.0,"key":"Strength Potion"},{"floor":16.0,"key":"CunningPotion"},{"floor":19.0,"key":"EntropicBrew"},{"floor":30,"key":"AttackPotion"}],"is_trial":false,"path_per_floor":["M","?","M","M","?","R","M","R","T","E","M","M","R","E","R","B",null,"M","?","?","$","?","R","E","R","T","E","M","?","M","?","R","B"],"character_chosen":"THE_SILENT","items_purchased":["ClockworkSouvenir"],"campfire_rested":2,"item_purchase_floors":[21],"current_hp_per_floor":[58,63,63,58,58,58,38,38,38,31,27,24,24,14,50,37,63,57,51,51,51,51,51,38,38,38,22,12,12,3,3,32,0,0],"gold":340,"neow_bonus":"BOSS_RELIC","is_daily":false,"chose_seed":false,"campfire_upgraded":5,"win_rate":0.0,"timestamp":1610204784,"path_taken":["M","?","M","M","?","R","M","R","T","E","M","M","R","E","R","BOSS","M","?","?","$","?","R","E","R","T","E","?","?","M","?","R","BOSS"],"items_purchased_type":["Relic"],"build_version":"2020-12-22","purchased_purges":1,"victory":false,"max_hp_per_floor":[66,71,71,71,71,71,71,71,71,71,71,71,71,71,71,71,71,71,71,71,71,71,71,71,71,71,71,71,71,71,49,49,49,49],"card_choices":[{"not_picked":["Masterful Stab","Prepared+1"],"picked":"Crippling Poison+1","floor":1.0},{"not_picked":["Predator","Prepared+1"],"picked":"Leg Sweep+1","floor":3.0},{"not_picked":["Outmaneuver+1","Setup+1"],"picked":"Terror+1","floor":4.0},{"not_picked":["Dagger Spray","All Out Attack"],"picked":"Dodge and Roll+1","floor":7.0},{"not_picked":["Underhanded Strike","Riddle With Holes"],"picked":"Concentrate+1","floor":10.0},{"not_picked":["Concentrate+1","All Out Attack"],"picked":"Crippling Poison+1","floor":11.0},{"not_picked":["Outmaneuver+1","Backstab"],"picked":"Dagger Throw","floor":12.0},{"not_picked":["Deadly Poison+1","Dash"],"picked":"Backflip+1","floor":14.0},{"not_picked":["Wraith Form v2","After Image"],"picked":"Burst+1","floor":16.0},{"not_picked":["Poisoned Stab+1","Crippling Poison+1"],"picked":"PiercingWail+1","floor":18.0},{"not_picked":["Dagger Spray","Deflect+1"],"picked":"Dodge and Roll+1","floor":19.0},{"not_picked":["Setup+1","Concentrate+1"],"picked":"Die Die Die","floor":24.0},{"not_picked":["Blade Dance+1","Backflip+1"],"picked":"Prepared+1","floor":27.0},{"not_picked":["Deflect+1","All Out Attack","Outmaneuver+1"],"picked":"SKIP","floor":28.0},{"not_picked":["Accuracy","Finisher+1"],"picked":"Blade Dance+1","floor":30}],"player_experience":1371154,"relics_obtained":[{"floor":0.0,"key":"Centennial Puzzle"},{"floor":0.0,"key":"Toxic Egg 2"},{"floor":0.0,"key":"WingedGreaves"},{"floor":9.0,"key":"Bronze Scales"},{"floor":10.0,"key":"Regal Pillow"},{"floor":14.0,"key":"Ice Cream"},{"floor":19.0,"key":"Red Mask"},{"floor":24.0,"key":"CeramicFish"},{"floor":26.0,"key":"Smiling Mask"},{"floor":27.0,"key":"MealTicket"}],"event_choices":[{"damage_healed":0.0,"max_hp_gain":5.0,"max_hp_loss":0.0,"gold_gain":0.0,"event_name":"Big Fish","player_choice":"Donut","floor":2.0,"gold_loss":0.0,"damage_taken":0.0},{"damage_healed":0.0,"max_hp_gain":0.0,"max_hp_loss":0.0,"gold_gain":0.0,"cards_transformed":["Strike_G"],"event_name":"Living Wall","player_choice":"Change","floor":5.0,"gold_loss":0.0,"damage_taken":0.0,"cards_obtained":["Reflex"]},{"damage_healed":0.0,"max_hp_gain":0.0,"max_hp_loss":0.0,"gold_gain":0.0,"event_name":"Masked Bandits","player_choice":"Fought Bandits","floor":19.0,"gold_loss":0.0,"damage_taken":0.0},{"damage_healed":0.0,"max_hp_gain":0.0,"max_hp_loss":0.0,"gold_gain":0.0,"event_name":"The Library","player_choice":"Read","floor":20.0,"gold_loss":0.0,"damage_taken":0.0,"cards_obtained":["Noxious Fumes"]},{"damage_healed":0.0,"max_hp_gain":0.0,"max_hp_loss":0.0,"gold_gain":0.0,"event_name":"Match and Keep!","player_choice":"2 cards matched","floor":22.0,"gold_loss":0.0,"damage_taken":0.0,"cards_obtained":["Shame","Envenom"]},{"damage_healed":0.0,"max_hp_gain":0.0,"max_hp_loss":0.0,"gold_gain":0.0,"event_name":"Cursed Tome","player_choice":"Ignored","floor":29.0,"gold_loss":0.0,"damage_taken":0.0},{"damage_healed":0,"gold_gain":0,"player_choice":"Became a vampire","damage_taken":0,"max_hp_gain":0,"max_hp_loss":22,"event_name":"Vampires","floor":31,"gold_loss":0,"cards_obtained":["Bite","Bite","Bite","Bite","Bite"]}],"is_beta":false,"boss_relics":[{"not_picked":["Sozu","HoveringKite"],"picked":"SlaversCollar"}],"items_purged_floors":[21],"is_endless":false,"potions_floor_spawned":[4,7,10,11,16,19,28,30],"killed_by":"Automaton","ascension_level":20}}