{"host":"zjc1tzo4ovig5lll","time":1610207913,"event":{"mods":["AchievementEnabler","Aspiration","BaseMod","Beaked The Cultist","Better Altar","Better Match","Better Note","Better Sensory Stone","Colored Map","Colored Powertips","Conspire","Energized Spire","Friendly Minions","GifTheSpireLib","Halation","Hermit","Hubris","Minty Spire (QoL Compilation)","Rare Cards Sparkle","Replay The Spire","StSLib","The Blue Laboratory","The Bug Knight","The Construct","The Jungle","everything is the same but u backflip on backflip","vexMod"],"gold_per_floor":[110,38,38,38,119,147,147,164,164,164,179,193,213,24,24,120,120,132,152,152,7,25,25,51,51,51,64,74,74,93,42,42,147,147,166,176,231,231,231,261,261,274,274,274,287,301,301,301,301,301,301,301,144,177,177],"floor_reached":56,"playtime":3178,"items_purged":["Strike_R"],"score":1234,"play_id":"970e0c64-8d8c-4a2a-b549-bb373bdfa56a","local_time":"20210109175833","is_ascension_mode":true,"campfire_choices":[{"data":"Strike_R","floor":7.0,"key":"PURGE"},{"data":"Strike_R","floor":10.0,"key":"PURGE"},{"data":"Apotheosis","floor":15.0,"key":"SMITH"},{"floor":23.0,"key":"RECALL"},{"data":"Strike_R","floor":25.0,"key":"PURGE"},{"floor":32,"key":"REST"},{"floor":41,"key":"REST"},{"data":"Demon Form","floor":44,"key":"SMITH"},{"floor":47,"key":"REST"},{"data":"Barricade","floor":49,"key":"SMITH"},{"data":"Evolve","floor":52,"key":"SMITH"}],"circlet_count":0,"master_deck":["Strike_R","Defend_R","Defend_R","Defend_R","Defend_R","Run Through","Fire Breathing","Self Repair+1","Intimidate","Gash","Apotheosis+1","Barricade+1","Bandage Up","vexMod:EmailVexCard","Demon Form+1","Sword Boomerang+1","Evolve+1","Glacier","Shrug It Off","Gash","Juggernaut","Battle Trance+1","conspire:ExplosiveBarrier+1","ReplayTheSpireMod:Stacked"],"relics":["Omamori","Iron Core","halation:PinkSoulGem","Peace Pipe","vexMod:Dragonfruit","Painkiller Herb","PreservedInsect","hubris:IronBody","hubris:Backtick","hubris:Spice","aspiration:AnachronicSnailShell","Replay:Bottled Steam","Frozen Egg 2","Bag of Marbles","halation:Toothbrush"],"acts_visited":["Exordium","TheCity","TheBeyond","TheEnding"],"potions_floor_usage":[37,40,55,55],"damage_taken":[{"damage":1.0,"enemies":"2 Louse","floor":1.0,"turns":3.0},{"damage":32.0,"enemies":"3 Sentries","floor":6.0,"turns":7.0},{"damage":11.0,"enemies":"Jaw Worm","floor":8.0,"turns":4.0},{"damage":0.0,"enemies":"Small Slimes","floor":11.0,"turns":3.0},{"damage":2.0,"enemies":"3 Louse","floor":12.0,"turns":5.0},{"damage":10.0,"enemies":"Exordium Wildlife","floor":13.0,"turns":4.0},{"damage":10.0,"enemies":"Slime Boss","floor":16.0,"turns":6.0},{"damage":5.0,"enemies":"Chosen","floor":18.0,"turns":6.0},{"damage":26.0,"enemies":"3 Byrds","floor":19.0,"turns":8.0},{"damage":36.0,"enemies":"Sentry and Sphere","floor":22.0,"turns":4.0},{"damage":15.0,"enemies":"Replay:Snechameleon","floor":24.0,"turns":5.0},{"damage":27.0,"enemies":"3 Cultists","floor":27.0,"turns":6.0},{"damage":10.0,"enemies":"Cultist and Chosen","floor":28.0,"turns":5.0},{"damage":27,"enemies":"Shelled Parasite and Fungi","floor":30,"turns":8},{"damage":7,"enemies":"Champ","floor":33,"turns":11},{"damage":20,"enemies":"Orb Walker","floor":35,"turns":5},{"damage":40,"enemies":"3 Shapes","floor":36,"turns":7},{"damage":51,"enemies":"2 Orb Walkers","floor":37,"turns":6},{"damage":7,"enemies":"beaked:SuperParasite","floor":40,"turns":13},{"damage":8,"enemies":"Maw","floor":42,"turns":8},{"damage":2,"enemies":"Writhing Mass","floor":45,"turns":9},{"damage":50,"enemies":"Sphere and 2 Shapes","floor":46,"turns":6},{"damage":10,"enemies":"Time Eater","floor":50,"turns":15},{"damage":58,"enemies":"Shield and Spear","floor":54,"turns":7},{"damage":85,"enemies":"The Heart","floor":55,"turns":9}],"seed_played":"4411606363716384776","potions_obtained":[{"floor":27.0,"key":"Regen Potion"},{"floor":30,"key":"blueLaboratory:ForbiddenFruitJuice"},{"floor":33,"key":"BloodPotion"},{"floor":37,"key":"SpeedPotion"},{"floor":46,"key":"blueLaboratory:BottledHope"},{"floor":54,"key":"FairyPotion"}],"is_trial":false,"path_per_floor":["M","$","?","?","?","E","R","M","T","R","M","M","M","$","R","B",null,"?","?","?","T","?","T","E","T","T","?","?","T","?","T","T","B",null,"?","?","?","T","?","E","T","?","T","T","?","?","T","T","T","B",null,"T","T","E","B",null],"character_chosen":"IRONCLAD","items_purchased":["Fire Breathing","Apotheosis","Demon Form","Gash","Bag of Marbles"],"campfire_rested":3,"item_purchase_floors":[2,14,21,31,53],"current_hp_per_floor":[80,80,80,80,80,58,58,57,62,62,72,80,80,80,80,80,85,85,69,69,69,49,49,48,48,48,37,41,41,30,30,55,64,93,83,59,21,21,21,28,55,61,61,61,75,41,68,68,68,72,93,93,93,45,32],"gold":177,"neow_bonus":"RANDOM_COMMON_RELIC","is_daily":false,"chose_seed":false,"campfire_upgraded":4,"win_rate":0.0,"timestamp":1610207913,"path_taken":["M","$","?","?","?","E","R","M","T","R","?","M","M","$","R","BOSS","?","?","?","T","?","T","E","T","T","?","?","T","?","T","T","BOSS","?","?","?","T","?","E","T","?","T","T","?","?","T","?","T","BOSS","T","T","E","BOSS"],"items_purchased_type":["Card","Card","Card","Card","Relic"],"build_version":"2020-12-22","purchased_purges":1,"victory":true,"max_hp_per_floor":[80,80,80,80,80,80,80,80,85,85,85,85,85,85,85,85,85,85,85,85,85,85,85,85,85,85,85,85,85,85,85,85,85,93,93,93,93,93,93,93,93,93,93,93,93,93,93,93,93,93,93,93,93,93,83],"card_choices":[{"not_picked":["hubris:SharpeningStone","Headbutt"],"picked":"Run Through","floor":1.0},{"not_picked":["Infernal Blade","Abandon"],"picked":"Intimidate","floor":5.0},{"not_picked":["Sword Boomerang","Shrug It Off"],"picked":"Gash","floor":6.0},{"not_picked":["Intimidate","Body Slam","Replay:Undeath\u0027s Touch"],"picked":"SKIP","floor":8.0},{"not_picked":["Perfected Strike","Replay:Undeath\u0027s Touch","Intimidate"],"picked":"SKIP","floor":11.0},{"not_picked":["Heavy Blade","Blood for Blood","Rip and Tear"],"picked":"SKIP","floor":12.0},{"not_picked":["Second Wind","Cleave","Headbutt"],"picked":"SKIP","floor":13.0},{"not_picked":["Demonic Infusion","conspire:Purge"],"picked":"Barricade","floor":16.0},{"not_picked":["Combust","Twin Strike","Run Through"],"picked":"SKIP","floor":18.0},{"not_picked":["hubris:ReadiedAction","Anger","True Grit+1"],"picked":"SKIP","floor":19.0},{"not_picked":["vexMod:EmailVexCard","Replay:Parry"],"picked":"Bandage Up","floor":20.0},{"not_picked":["Replay:Bootleg Shield Generator","Thinking Ahead"],"picked":"vexMod:EmailVexCard","floor":20.0},{"not_picked":["Shockwave","Hologram"],"picked":"Sword Boomerang+1","floor":22.0},{"not_picked":["Warcry","WeaponsOverheat"],"picked":"Evolve","floor":24.0},{"not_picked":["ReplayTheSpireMod:System Scan","Pommel Strike"],"picked":"Glacier","floor":27.0},{"not_picked":["Defy Death+1","Armaments"],"picked":"Shrug It Off","floor":28.0},{"not_picked":["Defragment","Hemokinesis","Rip and Tear"],"picked":"SKIP","floor":30},{"not_picked":["Exhume","Immolate"],"picked":"Juggernaut","floor":33},{"not_picked":["Perfected Strike+1","Twin Strike+1"],"picked":"Battle Trance+1","floor":35},{"not_picked":["Uppercut","Evolve"],"picked":"conspire:ExplosiveBarrier+1","floor":36},{"not_picked":["Cleave+1","Sentinel+1","Replay:Undeath\u0027s Touch+1"],"picked":"SKIP","floor":40},{"not_picked":["Second Wind+1","Heavy Blade","ReplayTheSpireMod:LeadingStrike"],"picked":"SKIP","floor":42},{"not_picked":["Infernal Blade+1","Sword Boomerang+1","Heavy Blade+1"],"picked":"SKIP","floor":45},{"not_picked":["conspire:ExplosiveBarrier","Evolve"],"picked":"ReplayTheSpireMod:Stacked","floor":46},{"not_picked":["Run Through","Reaper","Flex+1"],"picked":"SKIP","floor":54}],"player_experience":639332,"relics_obtained":[{"floor":6.0,"key":"Peace Pipe"},{"floor":9.0,"key":"vexMod:Dragonfruit"},{"floor":24.0,"key":"PreservedInsect"},{"floor":26.0,"key":"hubris:IronBody"},{"floor":37,"key":"aspiration:AnachronicSnailShell"},{"floor":40,"key":"Replay:Bottled Steam"},{"floor":48,"key":"Frozen Egg 2"},{"floor":54,"key":"halation:Toothbrush"}],"event_choices":[{"damage_healed":0.0,"max_hp_gain":0.0,"max_hp_loss":0.0,"gold_gain":2.0,"event_name":"betterStone:BetterStone","player_choice":"1","floor":20.0,"gold_loss":0.0,"damage_taken":0.0},{"damage_healed":0,"gold_gain":0,"player_choice":"Fight","damage_taken":0,"max_hp_gain":0,"max_hp_loss":0,"event_name":"Mysterious Sphere","floor":37,"gold_loss":0},{"cards_removed":["Bash"],"damage_healed":0,"gold_gain":0,"player_choice":"Purged","damage_taken":0,"max_hp_gain":0,"max_hp_loss":0,"event_name":"Purifier","floor":39,"gold_loss":0}],"is_beta":false,"boss_relics":[{"not_picked":["halation:LoveArrow","construct:ClawGrip"],"picked":"Painkiller Herb"},{"not_picked":["ReplayTheSpireMod:DimensionalGlitch","beaked:SacredDeck"],"picked":"hubris:Backtick"}],"items_purged_floors":[21],"is_endless":false,"potions_floor_spawned":[12,13,16,22,24,27,30,33,37,40,46,54],"ascension_level":2}}