{"host":"wwmqne3dwir10erh","time":1610157125,"event":{"mods":["BaseMod","Better Note","Hubris","Mimic Mod","Minty Spire (QoL Compilation)","Replay The Spire","StSLib","The Bladedancer"],"gold_per_floor":[113,126,139,149,424,424,440,217,250,275,275,275,336,363,363,464,464,482,197,197,197,212,212,127,127,162,178,178,194,223,239,239,239,239],"floor_reached":33,"playtime":1968,"items_purged":["Regret","Doubt"],"score":319,"play_id":"1eb87b12-0757-43c3-aad0-f6c7794a661c","local_time":"20210108205205","is_ascension_mode":true,"campfire_choices":[{"data":"Prepared","floor":6.0,"key":"SMITH"},{"floor":12.0,"key":"REST"},{"floor":15.0,"key":"REST"},{"floor":23.0,"key":"REST"},{"floor":28.0,"key":"REST"},{"floor":32,"key":"REST"}],"circlet_count":0,"master_deck":["Strike_G","Defend_G+1","Defend_G+1","Defend_G+1","Defend_G+1","Defend_G+1","Survivor","Neutralize","Deflect","Prepared+1","Bane","Flying Knee","Masterful Stab","Riddle With Holes","Adrenaline","Clumsy","hubris:Despair","Deadly Poison","Noxious Fumes","Bandage Up+1","Acrobatics","Pain","Blade Dance","ReplayTheSpireMod:Speed Training+1","hubris:Counter","Sucker Punch+1"],"relics":["Snecko Heart","Lee\u0027s Waffle","hubris:TenFootPole","Replay:Bottled Eggs","ReplayTheSpireMod:Ring of Challenge","Lizard Tail","Kintsugi","WarpedTongs","Vampiric Spirits","Replay:WaspNest"],"acts_visited":["Exordium","TheCity"],"potions_floor_usage":[30,30,30,33],"damage_taken":[{"damage":0.0,"enemies":"2 Louse","floor":1.0,"turns":3.0},{"damage":1.0,"enemies":"Cultist","floor":2.0,"turns":5.0},{"damage":0.0,"enemies":"Jaw Worm","floor":3.0,"turns":5.0},{"damage":1.0,"enemies":"Large Slime","floor":4.0,"turns":8.0},{"damage":8.0,"enemies":"Looter","floor":7.0,"turns":4.0},{"damage":3.0,"enemies":"Gremlin Gang","floor":9.0,"turns":12.0},{"damage":27.0,"enemies":"Replay:BlueRogue","floor":10.0,"turns":6.0},{"damage":36.0,"enemies":"Gremlin Gang","floor":13.0,"turns":19.0},{"damage":12.0,"enemies":"Lagavulin","floor":14.0,"turns":8.0},{"damage":49.0,"enemies":"The Guardian","floor":16.0,"turns":16.0},{"damage":10.0,"enemies":"Chosen","floor":18.0,"turns":5.0},{"damage":29.0,"enemies":"Spheric Guardian","floor":22.0,"turns":6.0},{"damage":9.0,"enemies":"Chosen and Byrds","floor":26.0,"turns":6.0},{"damage":26.0,"enemies":"Chosen and Byrds","floor":27.0,"turns":6.0},{"damage":33.0,"enemies":"Shelled Parasite and Fungi","floor":29.0,"turns":5.0},{"damage":19,"enemies":"Book of Stabbing","floor":30,"turns":3},{"damage":41,"enemies":"Sentry and Sphere","floor":31,"turns":6},{"damage":55,"enemies":"Collector","floor":33,"turns":5}],"seed_played":"-4727260707634435025","potions_obtained":[{"floor":4.0,"key":"BlessingOfTheForge"},{"floor":10.0,"key":"SteroidPotion"},{"floor":13.0,"key":"ColorlessPotion"},{"floor":14.0,"key":"Reflective Coating"},{"floor":22.0,"key":"Strength Potion"},{"floor":27.0,"key":"Toxic Potion"},{"floor":29.0,"key":"Toxic Potion"},{"floor":30,"key":"GamblersBrew"}],"is_trial":false,"path_per_floor":["M","M","M","M","?","R","M","$","MIM","E","?","R","M","E","R","B",null,"M","$","?","?","M","R","?","?","MIM","M","R","M","E","M","R","B"],"character_chosen":"THE_SILENT","items_purchased":["Lee\u0027s Waffle","Noxious Fumes","Bandage Up","Acrobatics"],"campfire_rested":5,"item_purchase_floors":[8,19,19,19],"current_hp_per_floor":[70,69,69,68,68,68,60,77,74,47,47,70,34,22,45,34,77,67,67,67,67,44,67,67,67,67,48,71,48,41,8,31,0,0],"gold":239,"neow_bonus":"BOSS_RELIC","is_daily":false,"chose_seed":false,"campfire_upgraded":1,"win_rate":0.0,"timestamp":1610157125,"path_taken":["M","M","M","M","?","R","?","$","MIM","E","?","R","M","E","R","BOSS","M","$","?","?","?","R","?","?","MIM","M","R","M","E","M","R","BOSS"],"items_purchased_type":["Relic","Card","Card","Card"],"build_version":"2020-12-22","purchased_purges":2,"victory":false,"max_hp_per_floor":[70,70,70,70,70,70,70,77,77,77,77,77,77,77,77,77,77,77,77,77,77,77,77,77,77,77,77,77,77,77,77,77,77,77],"card_choices":[{"not_picked":["Quick Slash","Blur"],"picked":"Deflect","floor":1.0},{"not_picked":["Underhanded Strike","Dagger Throw"],"picked":"Cloak And Dagger","floor":2.0},{"not_picked":["hubris:SlightOfHand","Deflect"],"picked":"Prepared","floor":3.0},{"not_picked":["Deflect","Catalyst"],"picked":"Bane","floor":4.0},{"not_picked":["Quick Slash","Catalyst","Toxin Wave"],"picked":"SKIP","floor":7.0},{"not_picked":["Grand Finale","Dodge and Roll"],"picked":"Flying Knee","floor":9.0},{"not_picked":["Deflect","Acrobatics","Blur"],"picked":"SKIP","floor":10.0},{"not_picked":["Prepared","Hidden Blade"],"picked":"Masterful Stab","floor":13.0},{"not_picked":["Blur","Bouncing Flask"],"picked":"Riddle With Holes","floor":14.0},{"not_picked":["Malaise","Atom Bomb"],"picked":"Adrenaline","floor":16.0},{"not_picked":["Sucker Punch","Predator"],"picked":"Deadly Poison","floor":18.0},{"not_picked":["ReplayTheSpireMod:The Works","Masterful Stab+1"],"picked":"Blade Dance","floor":22.0},{"not_picked":["Prepared","Poisoned Stab"],"picked":"ReplayTheSpireMod:Speed Training+1","floor":26.0},{"not_picked":["Deadly Poison","Slice+1","Toxin Wave"],"picked":"SKIP","floor":27.0},{"not_picked":["Sucker Punch","Riddle With Holes"],"picked":"hubris:Counter","floor":29.0},{"not_picked":["Wraith Form v2","Replay:Poison Smokescreen+1","Predator+1"],"picked":"SKIP","floor":30},{"not_picked":["Flechettes","Dagger Throw"],"picked":"Sucker Punch+1","floor":31}],"player_experience":2262029,"relics_obtained":[{"floor":9.0,"key":"hubris:TenFootPole"},{"floor":10.0,"key":"Replay:Bottled Eggs"},{"floor":11.0,"key":"ReplayTheSpireMod:Ring of Challenge"},{"floor":14.0,"key":"Lizard Tail"},{"floor":26.0,"key":"Replay:WaspNest"}],"event_choices":[{"damage_healed":0.0,"max_hp_gain":0.0,"max_hp_loss":0.0,"gold_gain":275.0,"event_name":"Golden Shrine","player_choice":"Desecrate","floor":5.0,"gold_loss":0.0,"damage_taken":0.0,"cards_obtained":["Regret"]},{"damage_healed":0.0,"max_hp_gain":0.0,"max_hp_loss":0.0,"gold_gain":0.0,"event_name":"Ghosts","player_choice":"Ignored","floor":20.0,"gold_loss":0.0,"damage_taken":0.0},{"damage_healed":0.0,"max_hp_gain":0.0,"max_hp_loss":0.0,"gold_gain":0.0,"event_name":"Accursed Blacksmith","player_choice":"Rummage","floor":21.0,"gold_loss":0.0,"damage_taken":0.0,"relics_obtained":["WarpedTongs"],"cards_obtained":["Pain"]},{"damage_healed":0.0,"max_hp_gain":0.0,"max_hp_loss":0.0,"gold_gain":0.0,"event_name":"Addict","player_choice":"Obtained Relic","floor":24.0,"gold_loss":85.0,"damage_taken":0.0,"relics_obtained":["Vampiric Spirits"]}],"is_beta":false,"boss_relics":[{"not_picked":["hubris:HollowSoul","Velvet Choker"],"picked":"Kintsugi"}],"items_purged_floors":[8,19],"is_endless":false,"potions_floor_spawned":[4,10,13,14,22,27,29,30],"killed_by":"Collector","ascension_level":3}}