{"host":"qhn6g0owdgjb77rz","time":1610191613,"event":{"mods":["BaseMod","BetterRewards","Colored Map","Minty Spire (QoL Compilation)","Relic Sorter","Replay The Spire","StSLib"],"gold_per_floor":[112,162,182,182,199,234,247,247,247,274,274,299,299,322,334,423,435,467,479,509,533,595,607,81,97,167,202,11,21,36,36,36,36,36],"floor_reached":33,"playtime":2314,"items_purged":["Strike_B"],"score":681,"play_id":"551b5081-0acc-419f-b5d7-0473bc30e379","local_time":"20210109202653","is_ascension_mode":true,"campfire_choices":[{"data":"Hologram","floor":8,"key":"SMITH"},{"floor":11,"key":"REST"},{"floor":13,"key":"DIG"},{"data":"Deep Breath","floor":15,"key":"SMITH"},{"data":"Hologram","floor":23,"key":"SMITH"},{"floor":32,"key":"REST"}],"circlet_count":0,"master_deck":["AscendersBane","Strike_B","Strike_B","Strike_B","Defend_B","Defend_B","Defend_B","Defend_B","Zap","Dualcast","ReplayGash","Deep Breath+1","Hologram+1","Rebound","Gash","Beam Cell","Hologram+1","Go for the Eyes"],"relics":["Cracked Core","Turnip","ReplayTheSpireMod:Ninjato","HandDrill","Shovel","DataDisk","Orichalcum","The Courier","Ornamental Fan","Bronze Scales","Potion Belt","MawBank","Painkiller Herb","TungstenRod","Vajra","Frozen Eye","Carrot","Quantum Egg","Replay:Bottled Snecko"],"acts_visited":["Exordium","TheCity"],"potions_floor_usage":[16,16,18,27,27,31,33],"damage_taken":[{"damage":13.0,"enemies":"Small Slimes","floor":1.0,"turns":3.0},{"damage":0,"enemies":"Cultist","floor":3,"turns":3},{"damage":1,"enemies":"2 Louse","floor":5,"turns":2},{"damage":1,"enemies":"Replay:BlueRogue","floor":6,"turns":5},{"damage":1,"enemies":"Exordium Wildlife","floor":7,"turns":3},{"damage":20,"enemies":"Lagavulin","floor":10,"turns":6},{"damage":11,"enemies":"Replay:BlueRogue","floor":12,"turns":4},{"damage":5,"enemies":"3 Louse","floor":14,"turns":2},{"damage":14,"enemies":"The Guardian","floor":16,"turns":7},{"damage":7,"enemies":"2 Thieves","floor":18,"turns":3},{"damage":4,"enemies":"Shell Parasite","floor":20,"turns":4},{"damage":8,"enemies":"3 Cultists","floor":21,"turns":4},{"damage":7,"enemies":"Centurion and Healer","floor":25,"turns":4},{"damage":19,"enemies":"Slavers","floor":27,"turns":4},{"damage":0,"enemies":"Chosen and Byrds","floor":29,"turns":4},{"damage":7,"enemies":"Snake Plant","floor":30,"turns":3},{"damage":0,"enemies":"Sentry and Sphere","floor":31,"turns":2},{"damage":32,"enemies":"Automaton","floor":33,"turns":6}],"seed_played":"-5029277271655326690","potions_obtained":[{"floor":6,"key":"GamblersBrew"},{"floor":10,"key":"Strength Potion"},{"floor":14,"key":"Languid Potion"},{"floor":16,"key":"AttackPotion"},{"floor":18,"key":"Fruit Juice"},{"floor":27,"key":"SmokeBomb"},{"floor":29,"key":"AttackPotion"}],"is_trial":false,"path_per_floor":["M","?","M","?","M","E","M","R","T","E","R","E","R","M","R","B",null,"?","?","?","?","?","T","T","?","T","E","T","?","?","?","T","B"],"character_chosen":"DEFECT","items_purchased":["ReplayGash","ReplayTheSpireMod:Ninjato","HandDrill","Deep Breath","DataDisk","TungstenRod","Vajra","Frozen Eye","Replay:Bottled Snecko"],"campfire_rested":2,"item_purchase_floors":[0,0,0,0,0,24,24,24,28],"current_hp_per_floor":[51,44,44,33,32,31,30,30,30,10,31,20,20,15,15,1,54,47,47,43,35,35,35,35,28,28,14,14,14,7,7,29,0,0],"gold":36,"neow_bonus":"","is_daily":false,"chose_seed":false,"campfire_upgraded":3,"win_rate":0.0,"timestamp":1610191613,"path_taken":["M","?","?","?","M","E","M","R","T","E","R","E","R","M","R","BOSS","?","?","?","?","?","T","T","?","T","E","T","?","?","?","T","BOSS"],"items_purchased_type":["Card","Relic","Relic","Card","Relic","Relic","Relic","Relic","Relic"],"build_version":"2020-12-22","purchased_purges":1,"victory":false,"max_hp_per_floor":[71,71,71,71,71,71,71,71,71,71,71,71,71,71,71,71,71,71,71,71,71,71,71,71,71,71,76,76,76,76,76,76,76,76],"card_choices":[{"not_picked":["Beam Cell","Force Field"],"picked":"Hologram","floor":1.0},{"not_picked":["Cold Snap","Compile Driver","Ball Lightning"],"picked":"SKIP","floor":3},{"not_picked":["Coolheaded","Leap","Cold Snap"],"picked":"SKIP","floor":5},{"not_picked":["Fission","ReplayTheSpireMod:System Scan"],"picked":"Rebound","floor":6},{"not_picked":["Compile Driver","Leap"],"picked":"Gash","floor":7},{"not_picked":["Reprogram","Ball Lightning","ReplayTheSpireMod:Repulse"],"picked":"SKIP","floor":10},{"not_picked":["ReplaySort","Doom and Gloom","Capacitor"],"picked":"SKIP","floor":12},{"not_picked":["Ball Lightning","ReplayTheSpireMod:System Scan","Reinforced Body"],"picked":"SKIP","floor":14},{"not_picked":["Loop","Ball Lightning"],"picked":"Beam Cell","floor":18},{"not_picked":["Panic Button","BasicCrystalCard","Stack+1"],"picked":"SKIP","floor":20},{"not_picked":["Lockon","Turbo","Rip and Tear"],"picked":"SKIP","floor":21},{"not_picked":["Compile Driver","Barrage","Genetic Algorithm"],"picked":"SKIP","floor":25},{"not_picked":["BasicCrystalCard","Compile Driver","Cold Snap"],"picked":"SKIP","floor":27},{"not_picked":["Electrodynamics","Beam Cell","Rebound"],"picked":"SKIP","floor":29},{"not_picked":["Storm","Stack"],"picked":"Go for the Eyes","floor":30}],"player_experience":444082,"relics_obtained":[{"floor":6,"key":"The Courier"},{"floor":9,"key":"Ornamental Fan"},{"floor":10,"key":"Bronze Scales"},{"floor":12,"key":"Potion Belt"},{"floor":13,"key":"MawBank"},{"floor":26,"key":"Carrot"},{"floor":27,"key":"Quantum Egg"}],"event_choices":[{"damage_healed":0,"gold_gain":50,"player_choice":"Touch","damage_taken":7,"max_hp_gain":0,"max_hp_loss":0,"event_name":"FaceTrader","floor":2,"gold_loss":0},{"damage_healed":0,"gold_gain":0,"player_choice":"Success","damage_taken":11,"relics_obtained":["Orichalcum"],"max_hp_gain":0,"max_hp_loss":0,"event_name":"Scrap Ooze","floor":4,"gold_loss":0},{"damage_healed":0,"gold_gain":0,"player_choice":"Read","damage_taken":0,"max_hp_gain":0,"max_hp_loss":0,"event_name":"The Library","floor":19,"gold_loss":0,"cards_obtained":["Hologram"]},{"damage_healed":0,"gold_gain":100,"player_choice":"Bet on Murderer","damage_taken":0,"max_hp_gain":0,"max_hp_loss":0,"event_name":"The Joust","floor":22,"gold_loss":50}],"is_beta":false,"boss_relics":[{"not_picked":["Snecko Eye","Ring of Chaos"],"picked":"Painkiller Herb"}],"items_purged_floors":[24],"is_endless":false,"potions_floor_spawned":[6,10,14,16,18,27,29],"killed_by":"Automaton","ascension_level":15}}