{"host":"pcbz64t4k17ey4z1","time":1610196482,"event":{"mods":["2.2 Compatiblity","AchievementEnabler","Act Like it!","Aspiration","BaseMod","Beaked The Cultist","Better Match","Better Third Choice","BetterRewards","Card Forge","Colored Map","Colored Powertips","Conspire","Disable Question Mark Monsters","Fireblade Mod","Friendly Minions","Gensokyo","GifTheSpireLib","Glutton Mod","Googly Eyes","Gremlin Mod","Hermit","Hubris","Infinite Spire","Koishi","Marisa????????","Minty Spire (QoL Compilation)","Permanent Neow","Potionbrewer","Quick Restart","Random Character Button","Rare Cards Sparkle","Relic Filter","Replay The Spire","Robot Space Explorer","Shade Mod","Shop Mod","Spicy Shops","StSLib","Stuff the Spire","SuperFastMode","The Animator","The Cursed","The Druid","The Gatherer","The Hierophant","The IronCluck","The Jungle","The Marked","The Runesmith","Virulent Crown","Waifu the Spire","Wandering Minibosses","vexMod"],"gold_per_floor":[115,134,150,167,167,167,195,252,302,375,375,419,481,27,27,182,182,216,66,86,86,86,161,161,248,248,248,285,285,337,379,379,548,548,608,608,608,640,412,518,579,579,579,618,726,726,761,804,804,804],"floor_reached":51,"playtime":2835,"items_purged":["Shame","Voices","RobotSpaceExplorer:Strike","RobotSpaceExplorer:Strike","RobotSpaceExplorer:Strike"],"score":1267,"play_id":"b49356a3-1694-4c2d-a715-0790072643f7","local_time":"20210109124802","is_ascension_mode":true,"campfire_choices":[{"data":"RobotSpaceExplorer:MiniBoosters","floor":6,"key":"SMITH"},{"data":"RobotSpaceExplorer:MiniBoosters","floor":15,"key":"SMITH"},{"data":"RobotSpaceExplorer:GlueSpray","floor":27,"key":"SMITH"},{"data":"RobotSpaceExplorer:PowerCollector","floor":32,"key":"SMITH"},{"floor":42,"key":"REST"},{"data":"RobotSpaceExplorer:Comet","floor":46,"key":"SMITH"},{"data":"RobotSpaceExplorer:Comet","floor":49,"key":"SMITH"}],"circlet_count":0,"master_deck":["RobotSpaceExplorer:Defend+1","RobotSpaceExplorer:Defend+1","RobotSpaceExplorer:Defend+1","RobotSpaceExplorer:Defend+1","RobotSpaceExplorer:Scan","RobotSpaceExplorer:MiniLasers","RobotSpaceExplorer:MiniBoosters+1","RobotSpaceExplorer:Ammunition+1","RobotSpaceExplorer:MiniBoosters+1","RobotSpaceExplorer:GlueShot","RobotSpaceExplorer:GlueSpray+1","RobotSpaceExplorer:PlasmaMissile","RobotSpaceExplorer:ScrapMissile","RobotSpaceExplorer:PlasmaMissile","RobotSpaceExplorer:Comet+1","RobotSpaceExplorer:SurgingShield","RobotSpaceExplorer:Comet","RobotSpaceExplorer:TurboDodge","RobotSpaceExplorer:Fix","RobotSpaceExplorer:StarLightning","Sadistic Nature","hubris:EnhanceAbility","StuffTheSpire:FreeRealEstate","RobotSpaceExplorer:Comet+1","RobotSpaceExplorer:GlueShot","RobotSpaceExplorer:GlueShot","RobotSpaceExplorer:PlasmaMissile","RobotSpaceExplorer:MiniDrones+1","RobotSpaceExplorer:PowerCollector+1","RobotSpaceExplorer:Autoloader+1","RobotSpaceExplorer:PlasmaMissile+1","RobotSpaceExplorer:FreezingShield+1","RobotSpaceExplorer:ScrapMissile+1","RobotSpaceExplorer:StarLightning"],"relics":["RobotSpaceExplorer:RoboCore","Hammer of Thor","Seething Fire","Anvil of the Gods","ReplayTheSpireMod:CursedCoin","hubris:FunFungus","Replay:Rubber Ducky","vexMod:GhostlyGear","vexMod:Dragonfruit","hubris:Metronome","Replay:Towering Pillar of Hats","Replay:Bandana","Juzu Bracelet","FossilizedHelix","Onion Ring","Replay:Fungal Core","infinitespire:CheckeredPen","conspire:RunicOctahedron","Iron Hammer","Smiling Mask","StuffTheSpire:OldFever","aspiration:Lifesprig","Nloth\u0027s Gift","Painkiller Herb","wanderingMiniBosses:CarrionFlame","infinitespire:CheckeredPen","RobotSpaceExplorer:ClockworkSextant","ReplayFunnel","potionbrewer:ToyAutogyro","Ginger","Mummified Hand","PreservedInsect","Shuriken"],"acts_visited":["Exordium","TheCity","TheBeyond"],"potions_floor_usage":[4,7,10,10,10,16,25,30,33,35,41,41],"damage_taken":[{"damage":0,"enemies":"Small Slimes","floor":1,"turns":4},{"damage":0,"enemies":"Cultist","floor":2,"turns":3},{"damage":0,"enemies":"2 Louse","floor":3,"turns":4},{"damage":12,"enemies":"Red Slaver","floor":4,"turns":5},{"damage":0,"enemies":"Lagavulin","floor":7,"turns":6},{"damage":3,"enemies":"Large Slime","floor":8,"turns":4},{"damage":0,"enemies":"Gremlin Nob","floor":10,"turns":3},{"damage":0,"enemies":"Blue Slaver","floor":12,"turns":3},{"damage":0,"enemies":"3 Sentries","floor":13,"turns":5},{"damage":18,"enemies":"Hexaghost","floor":16,"turns":7},{"damage":0,"enemies":"Chosen","floor":18,"turns":5},{"damage":4,"enemies":"3 Byrds","floor":20,"turns":3},{"damage":0,"enemies":"Book of Stabbing","floor":23,"turns":4},{"damage":0,"enemies":"Nightmare","floor":25,"turns":6},{"damage":0,"enemies":"Slavers","floor":28,"turns":2},{"damage":0,"enemies":"Snake Plant","floor":30,"turns":3},{"damage":0,"enemies":"Sentry and Sphere","floor":31,"turns":2},{"damage":6,"enemies":"hubris:MusketHawk","floor":33,"turns":5},{"damage":0,"enemies":"Orb Walker","floor":35,"turns":3},{"damage":0,"enemies":"3 Shapes","floor":38,"turns":1},{"damage":0,"enemies":"Giant Head","floor":40,"turns":4},{"damage":0,"enemies":"2 Orb Walkers","floor":41,"turns":2},{"damage":0,"enemies":"Sphere and 2 Shapes","floor":44,"turns":2},{"damage":0,"enemies":"Nemesis","floor":45,"turns":3},{"damage":0,"enemies":"Reptomancer","floor":47,"turns":2},{"damage":0,"enemies":"Jaw Worm Horde","floor":48,"turns":3},{"damage":0,"enemies":"hubris:GrandSnecko","floor":50,"turns":1}],"seed_played":"4141263142654251005","potions_obtained":[{"floor":3,"key":"Death Potion"},{"floor":5,"key":"DuplicationPotion"},{"floor":8,"key":"potionbrewer:SplittingPotion"},{"floor":13,"key":"Block Potion"},{"floor":20,"key":"Elixir"},{"floor":25,"key":"Elixir"},{"floor":28,"key":"Swift Potion"},{"floor":30,"key":"LiquidMemories"},{"floor":33,"key":"Weak Potion"},{"floor":38,"key":"Explosive Potion"},{"floor":41,"key":"Toxic Potion"},{"floor":44,"key":"potionbrewer:ToxicPotion"}],"is_trial":false,"path_per_floor":["M","M","M","M","?","R","E","M","T","E","?","M","E","$","R","B",null,"M","$","M","?","AVR","E","?","NM","T","R","E","?","M","M","R","B",null,"?","AVR","?","?","T","E","?","T","T","?","E","T","E","?","T","B",null],"character_chosen":"RobotSpaceExplorer","items_purchased":["ReplayTheSpireMod:CursedCoin","hubris:FunFungus","Replay:Rubber Ducky","vexMod:GhostlyGear","vexMod:Dragonfruit","hubris:Metronome","RobotSpaceExplorer:MiniBoosters","RobotSpaceExplorer:Ammunition+1","RobotSpaceExplorer:MiniBoosters","RobotSpaceExplorer:GlueShot","RobotSpaceExplorer:Fix","RobotSpaceExplorer:StarLightning","ReplayTheSpireMod:ShopPack","RobotSpaceExplorer:ClockworkSextant","ReplayFunnel"],"campfire_rested":1,"item_purchase_floors":[0,0,0,0,0,0,0,0,0,0,14,14,14,39,39],"current_hp_per_floor":[80,80,80,68,68,68,70,67,67,68,68,68,68,68,68,58,80,80,80,77,62,62,66,66,74,74,74,74,74,82,82,82,83,85,85,85,63,63,63,68,68,85,85,85,85,85,85,85,85,85],"gold":804,"neow_bonus":"","is_daily":false,"chose_seed":false,"campfire_upgraded":6,"win_rate":0.0,"timestamp":1610196482,"path_taken":["M","M","M","M","?","R","E","M","T","E","?","M","E","?","R","BOSS","M","$","M","?","AVR","E","?","NM","T","R","E","?","M","M","R","BOSS","?","AVR","?","?","T","E","?","T","T","?","E","T","E","?","T","BOSS"],"items_purchased_type":["Relic","Relic","Relic","Relic","Relic","Relic","Card","Card","Card","Card","Card","Card","Relic","Relic","Relic"],"build_version":"2020-12-22","purchased_purges":5,"victory":true,"max_hp_per_floor":[80,80,80,80,80,80,80,80,80,80,80,80,80,80,80,80,80,80,80,80,85,85,85,85,85,85,85,85,85,85,85,85,85,85,85,85,85,85,85,85,85,85,85,85,85,85,85,85,85,85],"card_choices":[{"not_picked":["RobotSpaceExplorer:ShockKick","RobotSpaceExplorer:FranticSearch"],"picked":"RobotSpaceExplorer:GlueSpray","floor":1},{"not_picked":["RobotSpaceExplorer:LaserBurst","RobotSpaceExplorer:SurgingShield"],"picked":"RobotSpaceExplorer:PlasmaMissile","floor":2},{"not_picked":["RobotSpaceExplorer:StunGrenade","RobotSpaceExplorer:FreezingShield"],"picked":"RobotSpaceExplorer:ScrapMissile","floor":3},{"not_picked":["RobotSpaceExplorer:JunkDive","RobotSpaceExplorer:Electropulse"],"picked":"RobotSpaceExplorer:PlasmaMissile","floor":4},{"not_picked":["RobotSpaceExplorer:PlasmaMissile","RobotSpaceExplorer:FreezingShield"],"picked":"RobotSpaceExplorer:Comet","floor":7},{"not_picked":["RobotSpaceExplorer:Probe","RobotSpaceExplorer:RigExplosive"],"picked":"RobotSpaceExplorer:SurgingShield","floor":8},{"not_picked":["RobotSpaceExplorer:StunGrenade","RobotSpaceExplorer:ImprovisedAttack"],"picked":"RobotSpaceExplorer:Comet","floor":10},{"not_picked":["RobotSpaceExplorer:Blitz","RobotSpaceExplorer:MetalStrike"],"picked":"RobotSpaceExplorer:TurboDodge","floor":12},{"not_picked":["RobotSpaceExplorer:ShovelStrike","RobotSpaceExplorer:SlimeMissile","RobotSpaceExplorer:FrostMissile"],"picked":"SKIP","floor":13},{"not_picked":["vexMod:StairwayStrike","ReplayUltimateDefense"],"picked":"Sadistic Nature","floor":14},{"not_picked":["Magnetism","Replay:Parry"],"picked":"hubris:EnhanceAbility","floor":14},{"not_picked":["Purity","HandOfGreed"],"picked":"StuffTheSpire:FreeRealEstate","floor":14},{"not_picked":["RobotSpaceExplorer:ChargingLaser","RobotSpaceExplorer:Exploration"],"picked":"RobotSpaceExplorer:Comet","floor":16},{"not_picked":["RobotSpaceExplorer:MetalStrike","RobotSpaceExplorer:ShockKick+1","RobotSpaceExplorer:StunGrenade"],"picked":"SKIP","floor":18},{"not_picked":["RobotSpaceExplorer:TurboDodge","RobotSpaceExplorer:IronShell"],"picked":"RobotSpaceExplorer:GlueShot","floor":20},{"not_picked":["RobotSpaceExplorer:ScrapShield","RobotSpaceExplorer:ScrapMissile+1"],"picked":"RobotSpaceExplorer:GlueShot","floor":23},{"not_picked":["RobotSpaceExplorer:SurgingShield","RobotSpaceExplorer:SurgingStrike"],"picked":"RobotSpaceExplorer:PlasmaMissile","floor":25},{"not_picked":["RobotSpaceExplorer:FranticSearch","RobotSpaceExplorer:SurgingStrike"],"picked":"RobotSpaceExplorer:MiniDrones+1","floor":28},{"not_picked":["RobotSpaceExplorer:FrostMissile","RobotSpaceExplorer:SlimeMissile+1"],"picked":"RobotSpaceExplorer:PowerCollector","floor":30},{"not_picked":["RobotSpaceExplorer:SlimeMissile","RobotSpaceExplorer:Comet","RobotSpaceExplorer:SwiftStep+1"],"picked":"SKIP","floor":31},{"not_picked":["RobotSpaceExplorer:Multitool","RobotSpaceExplorer:ChargingLaser"],"picked":"RobotSpaceExplorer:Autoloader","floor":33},{"not_picked":["RobotSpaceExplorer:Electroshield","RobotSpaceExplorer:ScrapShield"],"picked":"RobotSpaceExplorer:PlasmaMissile+1","floor":35},{"not_picked":["infinitespire:Oblivion","infinitespire:Menacing"],"picked":"infinitespire:SealOfDarkness+","floor":37},{"not_picked":["RobotSpaceExplorer:MakeshiftVolley","RobotSpaceExplorer:ShovelStrike"],"picked":"RobotSpaceExplorer:FreezingShield+1","floor":38},{"not_picked":["RobotSpaceExplorer:StunGrenade","RobotSpaceExplorer:SurgingShield+1"],"picked":"RobotSpaceExplorer:ScrapMissile+1","floor":40},{"not_picked":["RobotSpaceExplorer:LuckyStrike","RobotSpaceExplorer:LaserBurst+1","RobotSpaceExplorer:StunGrenade+1"],"picked":"SKIP","floor":44},{"not_picked":["RobotSpaceExplorer:Ammunition","RobotSpaceExplorer:Multitool","RobotSpaceExplorer:MiniDrones"],"picked":"SKIP","floor":45},{"not_picked":["RobotSpaceExplorer:ShockMissile","RobotSpaceExplorer:Exploration","RobotSpaceExplorer:Probe+1"],"picked":"SKIP","floor":47},{"not_picked":["RobotSpaceExplorer:Probe","RobotSpaceExplorer:Pulsar"],"picked":"RobotSpaceExplorer:StarLightning","floor":48}],"player_experience":3890039,"relics_obtained":[{"floor":7,"key":"Replay:Bandana"},{"floor":9,"key":"Juzu Bracelet"},{"floor":10,"key":"FossilizedHelix"},{"floor":13,"key":"Onion Ring"},{"floor":23,"key":"Iron Hammer"},{"floor":25,"key":"Smiling Mask"},{"floor":26,"key":"StuffTheSpire:OldFever"},{"floor":28,"key":"aspiration:Lifesprig"},{"floor":35,"key":"wanderingMiniBosses:CarrionFlame"},{"floor":40,"key":"potionbrewer:ToyAutogyro"},{"floor":41,"key":"Ginger"},{"floor":43,"key":"Mummified Hand"},{"floor":45,"key":"PreservedInsect"},{"floor":47,"key":"Shuriken"}],"event_choices":[{"damage_healed":0,"gold_gain":0,"player_choice":"Got Potions","damage_taken":0,"max_hp_gain":0,"max_hp_loss":0,"event_name":"Lab","floor":5,"gold_loss":0},{"cards_removed":["RobotSpaceExplorer:Strike"],"damage_healed":0,"gold_gain":0,"player_choice":"Offered Basic","damage_taken":0,"max_hp_gain":0,"max_hp_loss":0,"event_name":"Bonfire Elementals","floor":11,"gold_loss":0},{"damage_healed":0,"gold_gain":0,"player_choice":"Shed Blood","damage_taken":20,"max_hp_gain":5,"max_hp_loss":0,"event_name":"Forgotten Altar","floor":21,"gold_loss":0},{"damage_healed":0,"gold_gain":0,"player_choice":"Traded Relic","damage_taken":0,"relics_obtained":["Nloth\u0027s Gift"],"max_hp_gain":0,"max_hp_loss":0,"event_name":"N\u0027loth","floor":29,"relics_lost":["ReplayTheSpireMod:ShopPack"],"gold_loss":0},{"damage_healed":0,"gold_gain":0,"player_choice":"Fight","damage_taken":0,"max_hp_gain":0,"max_hp_loss":0,"event_name":"Mysterious Sphere","floor":41,"gold_loss":0}],"is_beta":false,"boss_relics":[{"not_picked":["vexMod:TanglingVine","hubris:Stopwatch"],"picked":"Replay:Fungal Core"},{"not_picked":["Busted Crown","potionbrewer:BhaskarasWheel"],"picked":"Painkiller Herb"}],"items_purged_floors":[0,0,14,19,22],"is_endless":false,"potions_floor_spawned":[3,8,13,20,25,28,30,33,38,41,44,48],"ascension_level":2}}