{"host":"y76x98twjnyyxs83","time":1610221313,"event":{"mods":["BaseMod","Colored Powertips","Minty Spire (QoL Compilation)","Permanent Neow","Quick Restart","Rare Cards Sparkle","Relic Stats","StSLib"],"gold_per_floor":[115,115,133,151,151,180,199,226,249,274,287,302,302,302,302,374,374,392,667,678,255,265,265,291,303,303,316,329,57,57,83,83,159,159,177,188,203,203,218,250,250,275,301,314,364,364,364,364,364,364,364,364,364,24,58,58],"floor_reached":57,"playtime":3422,"items_purged":["Regret","Pray","Doubt"],"score":3123,"play_id":"d80631c2-30b3-4dba-a2e0-cf2deb307f37","local_time":"20210110034153","is_ascension_mode":true,"campfire_choices":[{"floor":13.0,"key":"REST"},{"data":"Vigilance","floor":15.0,"key":"SMITH"},{"data":"Fasting2","floor":23.0,"key":"SMITH"},{"floor":30,"key":"REST"},{"data":"TalkToTheHand","floor":32,"key":"SMITH"},{"data":"TalkToTheHand","floor":41,"key":"SMITH"},{"floor":47,"key":"RECALL"},{"data":"Protect","floor":49,"key":"SMITH"},{"data":"Sanctity","floor":53,"key":"SMITH"}],"circlet_count":0,"master_deck":["AscendersBane","Eruption+1","Vigilance+1","WheelKick+1","Wireheading+1","Omniscience+1","Fasting2+1","ForeignInfluence+1","DevaForm+1","BowlingBash+1","WheelKick+1","FollowUp+1","Sanctity+1","Wallop+1","EmptyMind","Protect+1","LessonLearned+1","CutThroughFate+1","TalkToTheHand+1","SpiritShield+1","Swivel+1","SpiritShield+1","SandsOfTime+1","Omniscience","TalkToTheHand+1"],"relics":["Snecko Eye","Ancient Tea Set","Dream Catcher","Regal Pillow","Damaru","Bag of Preparation","Calipers","Pandora\u0027s Box","ClockworkSouvenir","Lantern","HornCleat","Frozen Egg 2","Cursed Key","MealTicket","Singing Bowl","Mango","Strawberry","Bird Faced Urn"],"acts_visited":["Exordium","TheCity","TheBeyond","TheEnding"],"potions_floor_usage":[],"damage_taken":[{"damage":3.0,"enemies":"2 Louse","floor":1.0,"turns":2.0},{"damage":0.0,"enemies":"Small Slimes","floor":3.0,"turns":2.0},{"damage":0.0,"enemies":"Cultist","floor":4.0,"turns":2.0},{"damage":7.0,"enemies":"3 Sentries","floor":6.0,"turns":5.0},{"damage":9.0,"enemies":"Exordium Thugs","floor":7.0,"turns":5.0},{"damage":0.0,"enemies":"Gremlin Nob","floor":8.0,"turns":2.0},{"damage":30.0,"enemies":"3 Sentries","floor":10.0,"turns":5.0},{"damage":0.0,"enemies":"Looter","floor":11.0,"turns":2.0},{"damage":5.0,"enemies":"Gremlin Gang","floor":12.0,"turns":4.0},{"damage":12.0,"enemies":"The Guardian","floor":16.0,"turns":12.0},{"damage":0.0,"enemies":"Spheric Guardian","floor":18.0,"turns":1.0},{"damage":4.0,"enemies":"Chosen","floor":20.0,"turns":2.0},{"damage":0.0,"enemies":"3 Cultists","floor":22.0,"turns":4.0},{"damage":5.0,"enemies":"Slavers","floor":24.0,"turns":3.0},{"damage":8.0,"enemies":"Centurion and Healer","floor":25.0,"turns":2.0},{"damage":21.0,"enemies":"Shelled Parasite and Fungi","floor":27.0,"turns":3.0},{"damage":0,"enemies":"Cultist and Chosen","floor":28,"turns":3},{"damage":2,"enemies":"Book of Stabbing","floor":31,"turns":2},{"damage":2,"enemies":"Collector","floor":33,"turns":6},{"damage":0,"enemies":"Orb Walker","floor":35,"turns":5},{"damage":0,"enemies":"3 Shapes","floor":36,"turns":4},{"damage":0,"enemies":"3 Darklings","floor":37,"turns":3},{"damage":0,"enemies":"4 Shapes","floor":39,"turns":4},{"damage":0,"enemies":"Giant Head","floor":40,"turns":3},{"damage":0,"enemies":"Nemesis","floor":42,"turns":6},{"damage":0,"enemies":"Transient","floor":44,"turns":6},{"damage":24,"enemies":"2 Orb Walkers","floor":45,"turns":4},{"damage":0,"enemies":"Donu and Deca","floor":50,"turns":8},{"damage":0,"enemies":"Time Eater","floor":51,"turns":10},{"damage":19,"enemies":"Shield and Spear","floor":55,"turns":4},{"damage":31,"enemies":"The Heart","floor":56,"turns":8}],"seed_played":"3901953835151020142","potions_obtained":[{"floor":1.0,"key":"LiquidMemories"},{"floor":4.0,"key":"Weak Potion"},{"floor":6.0,"key":"PowerPotion"},{"floor":12.0,"key":"AttackPotion"},{"floor":24.0,"key":"Dexterity Potion"},{"floor":37,"key":"FearPotion"}],"is_trial":false,"path_per_floor":["M","?","M","M","?","E","M","E","T","E","M","M","R","T","R","B",null,"M","?","M","$","M","R","E","M","T","M","M","$","R","E","R","B",null,"M","M","M","?","M","E","R","E","T","M","?","?","R","?","R","B","B",null,"R","$","E","B",null],"character_chosen":"WATCHER","items_purchased":["FairyPotion","EmptyMind","ClockworkSouvenir","TalkToTheHand","SpiritShield","Strawberry","SteroidPotion"],"campfire_rested":2,"item_purchase_floors":[21,21,21,29,29,54,54],"current_hp_per_floor":[58,58,58,58,58,51,42,42,42,12,12,7,42,42,42,30,59,59,59,55,55,55,55,50,42,42,21,21,21,56,54,54,52,64,64,64,64,64,64,64,64,66,66,68,60,60,60,60,60,60,60,81,81,95,78,57],"gold":58,"neow_bonus":"BOSS_RELIC","is_daily":false,"chose_seed":false,"campfire_upgraded":6,"win_rate":0.0,"timestamp":1610221313,"path_taken":["M","?","M","M","?","E","M","E","T","E","?","M","R","?","R","BOSS","M","?","M","$","M","R","E","M","T","M","M","?","R","E","R","BOSS","M","?","M","?","?","E","R","E","T","M","?","?","R","?","R","BOSS","BOSS","R","$","E","BOSS"],"items_purchased_type":["Potion","Card","Relic","Card","Card","Relic","Potion"],"build_version":"2020-12-22","purchased_purges":3,"victory":true,"max_hp_per_floor":[68,68,68,68,68,68,68,68,68,68,68,68,68,68,68,68,68,68,68,68,68,68,68,68,68,68,68,68,68,68,68,68,68,68,68,68,68,68,68,68,68,70,70,72,88,88,88,88,88,88,88,88,88,95,97,97],"relic_stats":{"Dream Catcher":2,"Regal Pillow":30,"Singing Bowl":8,"counters":[31,132],"Bird Faced Urn":[10],"Snecko Eye":[283,284,270,229],"Pandora\u0027s Box":["Pray","Fasting2","ForeignInfluence","DevaForm","BowlingBash","WheelKick","FollowUp","Sanctity"],"MealTicket":7,"Bag of Preparation":[48],"Cursed Key":1,"obtain_stats":[{"Regal Pillow":8,"Lantern":24,"Calipers":14,"Singing Bowl":42,"Damaru":9,"Mango":45,"Bag of Preparation":10,"Frozen Egg 2":31,"Ancient Tea Set":5,"Cursed Key":34,"ClockworkSouvenir":21,"Dream Catcher":6,"HornCleat":26,"Strawberry":54,"Bird Faced Urn":55,"Snecko Eye":0,"Pandora\u0027s Box":17,"MealTicket":40,"PureWater":0},{"Regal Pillow":6,"Lantern":14,"Calipers":9,"Singing Bowl":25,"Damaru":6,"Mango":27,"Bag of Preparation":7,"Frozen Egg 2":18,"Ancient Tea Set":3,"Cursed Key":19,"ClockworkSouvenir":12,"Dream Catcher":4,"HornCleat":15,"Strawberry":29,"Bird Faced Urn":30,"Snecko Eye":0,"Pandora\u0027s Box":10,"MealTicket":24,"PureWater":0},{"Regal Pillow":18,"Lantern":51,"Calipers":29,"Singing Bowl":92,"Damaru":18,"Mango":102,"Bag of Preparation":23,"Frozen Egg 2":61,"Ancient Tea Set":6,"Cursed Key":67,"ClockworkSouvenir":44,"Dream Catcher":11,"HornCleat":53,"Strawberry":120,"Bird Faced Urn":124,"Snecko Eye":0,"Pandora\u0027s Box":41,"MealTicket":86,"PureWater":0}]},"card_choices":[{"not_picked":["Sanctity","Protect"],"picked":"WheelKick","floor":1.0},{"not_picked":["CarveReality","Prostrate","ClearTheMind"],"picked":"SKIP","floor":3.0},{"not_picked":["Pray","EmptyFist","ThirdEye"],"picked":"SKIP","floor":4.0},{"not_picked":["Nirvana","MentalFortress"],"picked":"Wireheading","floor":6.0},{"not_picked":["SashWhip","SignatureMove","Halt"],"picked":"SKIP","floor":7.0},{"not_picked":["Evaluate","Crescendo","Devotion"],"picked":"SKIP","floor":8.0},{"not_picked":["Evaluate","Crescendo","Devotion"],"picked":"SKIP","floor":8.0},{"not_picked":["DeceiveReality","WreathOfFlame","BowlingBash"],"picked":"SKIP","floor":10.0},{"not_picked":["Prostrate","BowlingBash","Consecrate"],"picked":"SKIP","floor":11.0},{"not_picked":["ReachHeaven","BowlingBash","ClearTheMind"],"picked":"SKIP","floor":12.0},{"not_picked":["ConjureBlade","SpiritShield"],"picked":"Omniscience","floor":16.0},{"not_picked":["JustLucky","EmptyBody"],"picked":"Wallop","floor":18.0},{"not_picked":["Crescendo+1","ThirdEye","Prostrate+1"],"picked":"SKIP","floor":20.0},{"not_picked":["Prostrate+1","Evaluate"],"picked":"Protect","floor":22.0},{"not_picked":["FlurryOfBlows","Weave"],"picked":"LessonLearned","floor":24.0},{"not_picked":["Prostrate","WreathOfFlame"],"picked":"CutThroughFate","floor":25.0},{"not_picked":["CutThroughFate","Consecrate","Fasting2"],"picked":"SKIP","floor":27.0},{"not_picked":["FollowUp","ReachHeaven","ForeignInfluence"],"picked":"SKIP","floor":28},{"not_picked":["PathToVictory","EmptyBody"],"picked":"Swivel","floor":30},{"not_picked":["PathToVictory","Halt","ClearTheMind"],"picked":"SKIP","floor":31},{"not_picked":["Judgement","Establishment+1"],"picked":"SpiritShield","floor":33},{"not_picked":["CutThroughFate","Crescendo+1","Protect+1"],"picked":"SKIP","floor":35},{"not_picked":["Nirvana+1","PathToVictory+1"],"picked":"SandsOfTime","floor":36},{"not_picked":["Protect","Consecrate"],"picked":"Omniscience","floor":37},{"not_picked":["SashWhip","CutThroughFate","CarveReality"],"picked":"SKIP","floor":39},{"not_picked":["FollowUp+1","Vengeance+1"],"picked":"TalkToTheHand","floor":40},{"not_picked":["WindmillStrike","Establishment+1","Evaluate"],"picked":"Singing Bowl","floor":42},{"not_picked":["Halt","EmptyMind","Vengeance"],"picked":"Singing Bowl","floor":44},{"not_picked":["MentalFortress+1","Nirvana+1","ReachHeaven"],"picked":"Singing Bowl","floor":45},{"not_picked":["ClearTheMind+1","FearNoEvil+1","Sanctity"],"picked":"Singing Bowl","floor":55}],"player_experience":1112016,"relics_obtained":[{"floor":5.0,"key":"Ancient Tea Set"},{"floor":6.0,"key":"Dream Catcher"},{"floor":8.0,"key":"Regal Pillow"},{"floor":9.0,"key":"Damaru"},{"floor":10.0,"key":"Bag of Preparation"},{"floor":14.0,"key":"Calipers"},{"floor":24.0,"key":"Lantern"},{"floor":26.0,"key":"HornCleat"},{"floor":31,"key":"Frozen Egg 2"},{"floor":40,"key":"MealTicket"},{"floor":42,"key":"Singing Bowl"},{"floor":45,"key":"Mango"},{"floor":55,"key":"Bird Faced Urn"}],"event_choices":[{"damage_healed":0.0,"max_hp_gain":0.0,"max_hp_loss":0.0,"gold_gain":0.0,"event_name":"Living Wall","player_choice":"Grow","floor":2.0,"gold_loss":0.0,"damage_taken":0.0,"cards_upgraded":["WheelKick"]},{"damage_healed":0.0,"max_hp_gain":0.0,"max_hp_loss":0.0,"gold_gain":0.0,"event_name":"Wheel of Change","player_choice":"Relic","floor":5.0,"gold_loss":0.0,"damage_taken":0.0},{"damage_healed":0.0,"max_hp_gain":0.0,"max_hp_loss":0.0,"gold_gain":275.0,"event_name":"Golden Shrine","player_choice":"Desecrate","floor":19.0,"gold_loss":0.0,"damage_taken":0.0,"cards_obtained":["Regret"]},{"damage_healed":0,"gold_gain":0,"player_choice":"Upgraded","damage_taken":0,"max_hp_gain":0,"max_hp_loss":0,"event_name":"Upgrade Shrine","floor":38,"gold_loss":0,"cards_upgraded":["WheelKick"]},{"damage_healed":0,"gold_gain":0,"player_choice":"Fight","damage_taken":0,"max_hp_gain":0,"max_hp_loss":0,"event_name":"Mysterious Sphere","floor":45,"gold_loss":0},{"damage_healed":0,"gold_gain":0,"player_choice":"Ignored","damage_taken":0,"max_hp_gain":0,"max_hp_loss":0,"event_name":"Tomb of Lord Red Mask","floor":46,"gold_loss":0},{"damage_healed":0,"gold_gain":0,"player_choice":"Forge","damage_taken":0,"max_hp_gain":0,"max_hp_loss":0,"event_name":"Accursed Blacksmith","floor":48,"gold_loss":0,"cards_upgraded":["SandsOfTime"]}],"is_beta":false,"boss_relics":[{"not_picked":["Tiny House","Runic Pyramid"],"picked":"Pandora\u0027s Box"},{"not_picked":["Coffee Dripper","Empty Cage"],"picked":"Cursed Key"}],"items_purged_floors":[21,29,54],"is_endless":false,"potions_floor_spawned":[1,4,6,12,16,22,24,25,27,37,40,42,55],"ascension_level":20}}