{"host":"l15sdf2mmi0nobpi","time":1610181968,"event":{"mods":["ATMod(°¢èªMod)","BaseMod","Highlight Path","Minty Spire (QoL Compilation)","Quick Restart","StSLib","¡¾¹¦ÄÜMod¡¿Neow½±Àø"],"gold_per_floor":[112,262,274,288,41,72,72,147,225,225,255,76,76,111,111,186,186,200,200,200,75,90,123,35,66,66,101,101,101,127,146,146,223,223,234,248,39,1038,1038,1063,512,539,589,589,286,612,612,628,628,628,628,628,628,88,119,119],"floor_reached":57,"playtime":2181,"items_purged":["Doubt","Strike_G","Strike_G","Strike_G","Strike_G+1","Defend_G","Defend_G"],"score":3056,"play_id":"285a89cd-09ea-4a12-9e70-049e29322aed","local_time":"20210109164608","is_ascension_mode":true,"campfire_choices":[{"data":"AT_WindFlip","floor":7.0,"key":"SMITH"},{"data":"AT_KneejerkReflex","floor":13.0,"key":"SMITH"},{"data":"AT_Desolate","floor":15.0,"key":"SMITH"},{"floor":29.0,"key":"REST"},{"data":"AT_FamilyPortrait","floor":32.0,"key":"SMITH"},{"data":"Acrobatics","floor":47,"key":"SMITH"},{"floor":49,"key":"RECALL"},{"data":"AT_KneejerkReflex","floor":53,"key":"SMITH"}],"circlet_count":0,"master_deck":["AscendersBane","Defend_G","Defend_G","Defend_G","Survivor","Neutralize+1","AT_FamilyPortrait+1","AT_WindFlip+1","AT_Desolate+1","Escape Plan","AT_KneejerkReflex+1","Die Die Die","Blade Dance","AT_KneejerkReflex+1","Prepared+1","Terror","Backflip+1","Acrobatics+1","Finesse","Backflip+1","Purity","AT_WindRun"],"relics":["AT_ATBox","Sozu","PreservedInsect","Omamori","Kunai","Bag of Marbles","Whetstone","Black Star","AT_GuinsooRageblade","Pantograph","Art of War","Pen Nib","Du-Vu Doll","Eternal Feather","Bottled Lightning","WingedGreaves","AT_ChloranthyRing","Coffee Dripper","AT_BellowingDragoncrestRing","Letter Opener","Sundial","Potion Belt","Happy Flower","AT_ArchangelStaff","Old Coin","Membership Card","AT_BladeRuinedKing","Thread and Needle","Gremlin Horn","Bag of Preparation"],"acts_visited":["Exordium","TheCity","TheBeyond","TheEnding"],"potions_floor_usage":[],"damage_taken":[{"damage":4.0,"enemies":"Jaw Worm","floor":1.0,"turns":4.0},{"damage":0.0,"enemies":"2 Louse","floor":3.0,"turns":2.0},{"damage":0.0,"enemies":"Cultist","floor":4.0,"turns":3.0},{"damage":8.0,"enemies":"Gremlin Nob","floor":6.0,"turns":3.0},{"damage":10.0,"enemies":"3 Sentries","floor":11.0,"turns":2.0},{"damage":5.0,"enemies":"Lagavulin","floor":14.0,"turns":5.0},{"damage":9.0,"enemies":"Hexaghost","floor":16.0,"turns":5.0},{"damage":19.0,"enemies":"Spheric Guardian","floor":18.0,"turns":4.0},{"damage":5.0,"enemies":"Chosen","floor":22.0,"turns":5.0},{"damage":7.0,"enemies":"Book of Stabbing","floor":23.0,"turns":4.0},{"damage":4.0,"enemies":"Slavers","floor":25.0,"turns":2.0},{"damage":8.0,"enemies":"Gremlin Leader","floor":27.0,"turns":3.0},{"damage":0.0,"enemies":"Book of Stabbing","floor":30.0,"turns":3.0},{"damage":18.0,"enemies":"Centurion and Healer","floor":31.0,"turns":3.0},{"damage":32.0,"enemies":"Collector","floor":33.0,"turns":6.0},{"damage":0.0,"enemies":"Orb Walker","floor":35.0,"turns":2.0},{"damage":11.0,"enemies":"3 Darklings","floor":36.0,"turns":4.0},{"damage":2,"enemies":"Giant Head","floor":40,"turns":3},{"damage":1,"enemies":"Nemesis","floor":42,"turns":3},{"damage":0,"enemies":"Giant Head","floor":46,"turns":3},{"damage":0,"enemies":"Spire Growth","floor":48,"turns":3},{"damage":11,"enemies":"Time Eater","floor":50,"turns":5},{"damage":3,"enemies":"Awakened One","floor":51,"turns":4},{"damage":2,"enemies":"Shield and Spear","floor":55,"turns":3},{"damage":62,"enemies":"The Heart","floor":56,"turns":7}],"seed_played":"7345257740971424218","potions_obtained":[],"is_trial":false,"path_per_floor":["M","?","M","M","$","E","R","?","T","?","E","$","R","E","R","B",null,"M","?","?","$","M","E","$","E","T","E","?","R","E","M","R","B",null,"M","M","$","?","?","E","$","E","T","?","$","E","R","M","R","B","B",null,"R","$","E","B",null],"character_chosen":"THE_SILENT","items_purchased":["PreservedInsect","AT_KneejerkReflex","Terror","Acrobatics","Sundial","Finesse","Purity","Membership Card","AT_BladeRuinedKing","Thread and Needle"],"campfire_rested":1,"item_purchase_floors":[5,12,24,37,41,41,45,54,54,54],"current_hp_per_floor":[55,55,55,55,55,47,47,36,36,66,56,56,56,51,51,42,60,41,41,41,41,36,29,29,25,25,17,11,42,42,24,36,29,57,57,46,46,46,46,44,44,43,43,43,43,43,55,55,66,55,63,65,66,66,64,4],"gold":119,"neow_bonus":"BOSS_RELIC","is_daily":false,"chose_seed":false,"campfire_upgraded":6,"win_rate":0.0,"timestamp":1610181968,"path_taken":["M","?","M","M","$","E","R","?","T","?","E","$","R","E","R","BOSS","M","?","?","?","M","E","$","E","T","E","?","R","E","?","R","BOSS","M","M","$","?","?","E","?","E","T","?","$","E","R","M","R","BOSS","BOSS","R","$","E","BOSS"],"items_purchased_type":["Relic","Card","Card","Card","Relic","Card","Card","Relic","Relic","Relic"],"build_version":"2020-12-22","purchased_purges":7,"victory":true,"max_hp_per_floor":[66,66,66,66,66,66,66,66,66,66,66,66,66,66,66,66,66,66,66,66,66,66,66,66,66,66,66,66,66,66,66,66,66,66,66,66,66,66,66,66,66,66,66,66,66,66,66,66,66,66,66,66,66,66,66,66],"card_choices":[{"not_picked":["Deflect","Prepared","Slice"],"picked":"SKIP","floor":1.0},{"not_picked":["Dash","Setup"],"picked":"AT_WindFlip","floor":3.0},{"not_picked":["Backflip","Dagger Throw"],"picked":"AT_Desolate","floor":4.0},{"not_picked":["Night Terror","Underhanded Strike"],"picked":"Escape Plan","floor":6.0},{"not_picked":["Noxious Fumes","Outmaneuver","Flying Knee"],"picked":"SKIP","floor":11.0},{"not_picked":["Noxious Fumes","Outmaneuver","Flying Knee"],"picked":"SKIP","floor":11.0},{"not_picked":["AT_WindRun","AT_TwilightShroud","Escape Plan"],"picked":"SKIP","floor":14.0},{"not_picked":["Burst","Grand Finale"],"picked":"Die Die Die","floor":16.0},{"not_picked":["PiercingWail","Dodge and Roll"],"picked":"Blade Dance","floor":18.0},{"not_picked":["AT_WindFlip","Well Laid Plans"],"picked":"Prepared+1","floor":22.0},{"not_picked":["Glass Knife","PiercingWail","AT_KneejerkReflex"],"picked":"SKIP","floor":23.0},{"not_picked":["Masterful Stab","Eviscerate"],"picked":"Backflip+1","floor":25.0},{"not_picked":["All Out Attack","Distraction+1","Poisoned Stab"],"picked":"SKIP","floor":27.0},{"not_picked":["Sucker Punch+1","Unload","Masterful Stab"],"picked":"SKIP","floor":30.0},{"not_picked":["All Out Attack","Backflip","Crippling Poison"],"picked":"SKIP","floor":31.0},{"not_picked":["All Out Attack","Backflip","Crippling Poison"],"picked":"SKIP","floor":31.0},{"not_picked":["Dagger Spray","Bane","Deadly Poison"],"picked":"SKIP","floor":35.0},{"not_picked":["Bane+1","Flying Knee","Cloak And Dagger"],"picked":"SKIP","floor":36.0},{"not_picked":["Crippling Poison","Dagger Throw","Outmaneuver"],"picked":"SKIP","floor":40},{"not_picked":["Slice","Terror"],"picked":"Backflip+1","floor":42},{"not_picked":["Burst","Setup","Slice"],"picked":"SKIP","floor":46},{"not_picked":["Dodge and Roll","Reflex","PiercingWail"],"picked":"SKIP","floor":48},{"not_picked":["PiercingWail","Underhanded Strike"],"picked":"AT_WindRun","floor":55}],"player_experience":439070,"relics_obtained":[{"floor":6.0,"key":"Omamori"},{"floor":9.0,"key":"Kunai"},{"floor":11.0,"key":"Bag of Marbles"},{"floor":14.0,"key":"Whetstone"},{"floor":23.0,"key":"AT_GuinsooRageblade"},{"floor":23.0,"key":"Pantograph"},{"floor":25.0,"key":"Art of War"},{"floor":25.0,"key":"Pen Nib"},{"floor":26.0,"key":"Du-Vu Doll"},{"floor":27.0,"key":"Eternal Feather"},{"floor":27.0,"key":"Bottled Lightning"},{"floor":30.0,"key":"WingedGreaves"},{"floor":30.0,"key":"AT_ChloranthyRing"},{"floor":40,"key":"AT_BellowingDragoncrestRing"},{"floor":40,"key":"Letter Opener"},{"floor":42,"key":"Potion Belt"},{"floor":42,"key":"Happy Flower"},{"floor":46,"key":"AT_ArchangelStaff"},{"floor":46,"key":"Old Coin"},{"floor":55,"key":"Gremlin Horn"},{"floor":55,"key":"Bag of Preparation"}],"event_choices":[{"damage_healed":0.0,"max_hp_gain":0.0,"max_hp_loss":0.0,"gold_gain":150.0,"event_name":"Liars Game","player_choice":"AGREE","floor":2.0,"gold_loss":0.0,"damage_taken":0.0,"cards_obtained":["Doubt"]},{"damage_healed":0.0,"max_hp_gain":0.0,"max_hp_loss":0.0,"gold_gain":75.0,"event_name":"World of Goop","player_choice":"Gather Gold","floor":8.0,"gold_loss":0.0,"damage_taken":11.0},{"damage_healed":30.0,"max_hp_gain":0.0,"max_hp_loss":0.0,"gold_gain":0.0,"event_name":"Wheel of Change","player_choice":"Full Heal","floor":10.0,"gold_loss":0.0,"damage_taken":0.0},{"damage_healed":0.0,"max_hp_gain":0.0,"max_hp_loss":0.0,"gold_gain":0.0,"event_name":"The Library","player_choice":"Read","floor":19.0,"gold_loss":0.0,"damage_taken":0.0,"cards_obtained":["AT_KneejerkReflex"]},{"damage_healed":0.0,"max_hp_gain":0.0,"max_hp_loss":0.0,"gold_gain":0.0,"event_name":"The Mausoleum","player_choice":"Ignored","floor":20.0,"gold_loss":0.0,"damage_taken":0.0},{"damage_healed":0.0,"max_hp_gain":0.0,"max_hp_loss":0.0,"gold_gain":0.0,"event_name":"Knowing Skull","player_choice":"","floor":28.0,"potions_obtained":[],"gold_loss":0.0,"damage_taken":6.0,"cards_obtained":[]},{"damage_healed":0.0,"max_hp_gain":0.0,"max_hp_loss":0.0,"gold_gain":999.0,"event_name":"MindBloom","player_choice":"Gold","floor":38.0,"gold_loss":0.0,"damage_taken":0.0,"cards_obtained":["Normality","Normality"]},{"cards_removed":["Strike_G"],"damage_healed":0.0,"max_hp_gain":0.0,"max_hp_loss":0.0,"gold_gain":0.0,"event_name":"Falling","player_choice":"Removed Attack","floor":39.0,"gold_loss":0.0,"damage_taken":0.0},{"damage_healed":0,"gold_gain":0,"player_choice":"Ignored","damage_taken":0,"max_hp_gain":0,"max_hp_loss":0,"event_name":"Tomb of Lord Red Mask","floor":44,"gold_loss":0}],"is_beta":false,"boss_relics":[{"not_picked":["SlaversCollar","Ectoplasm"],"picked":"Black Star"},{"not_picked":["Busted Crown","Runic Dome"],"picked":"Coffee Dripper"}],"items_purged_floors":[5,12,21,37,41,45,54],"is_endless":false,"potions_floor_spawned":[1,3,11,23,25,27,31,35,55],"ascension_level":20}}