{"host":"g01l53quoe6lrer0","time":1610229126,"event":{"mods":["2.2 Compatiblity","AchievementEnabler","BaseMod","Colored Map","Highlight Path","Keyboard Shortcuts","Minty Spire (QoL Compilation)","Permanent Neow","StSLib","SuperFastMode","everything is the same but u backflip on backflip"],"gold_per_floor":[111,13,32,32,42,42,77,96,174,174,144,160,160,170,170,244,244,255,255,170,170,95,95,95,111,163,63,63,63,98,113,113,187,187,203,213,55,71,81,81,81,96,173,173,192,192,67,82,82,82,82],"floor_reached":50,"playtime":1333,"items_purged":["Uppercut","Strike_R","Strike_R"],"score":1063,"play_id":"e8d1cec0-b2c4-46fd-867e-6e282ff886d2","local_time":"20210110065206","is_ascension_mode":true,"campfire_choices":[{"data":"Whirlwind","floor":6.0,"key":"SMITH"},{"data":"Rupture","floor":10.0,"key":"SMITH"},{"data":"Offering","floor":13.0,"key":"SMITH"},{"data":"True Grit","floor":15.0,"key":"SMITH"},{"data":"Pommel Strike","floor":23.0,"key":"SMITH"},{"data":"Bash","floor":29.0,"key":"SMITH"},{"data":"Flash of Steel","floor":32.0,"key":"SMITH"},{"floor":40.0,"key":"REST"},{"floor":44.0,"key":"REST"},{"floor":49.0,"key":"REST"}],"circlet_count":0,"master_deck":["AscendersBane","Strike_R","Strike_R","Strike_R","Defend_R","Defend_R","Defend_R","Bash+1","Offering+1","Flash of Steel+1","True Grit+1","Whirlwind+1","Pommel Strike+1","Dropkick","Twin Strike","Impervious","Fiend Fire+1","Sever Soul"],"relics":["Burning Blood","Thread and Needle","Nunchaku","StrikeDummy","Busted Crown","PreservedInsect","Strawberry","Question Card","SlaversCollar","Letter Opener","Spirit Poop"],"acts_visited":["Exordium","TheCity","TheBeyond"],"potions_floor_usage":[],"damage_taken":[{"damage":2.0,"enemies":"Cultist","floor":1.0,"turns":4.0},{"damage":3.0,"enemies":"2 Louse","floor":3.0,"turns":4.0},{"damage":6.0,"enemies":"Jaw Worm","floor":5.0,"turns":4.0},{"damage":12.0,"enemies":"3 Sentries","floor":7.0,"turns":5.0},{"damage":5.0,"enemies":"2 Fungi Beasts","floor":8.0,"turns":3.0},{"damage":6.0,"enemies":"Large Slime","floor":12.0,"turns":3.0},{"damage":2.0,"enemies":"Looter","floor":14.0,"turns":2.0},{"damage":20.0,"enemies":"Slime Boss","floor":16.0,"turns":8.0},{"damage":6.0,"enemies":"Spheric Guardian","floor":18.0,"turns":3.0},{"damage":13.0,"enemies":"2 Thieves","floor":25.0,"turns":2.0},{"damage":0.0,"enemies":"Book of Stabbing","floor":28.0,"turns":1.0},{"damage":6.0,"enemies":"Slavers","floor":30.0,"turns":1.0},{"damage":5.0,"enemies":"Centurion and Healer","floor":31.0,"turns":4.0},{"damage":49.0,"enemies":"Champ","floor":33.0,"turns":8.0},{"damage":6.0,"enemies":"Orb Walker","floor":35.0,"turns":2.0},{"damage":7.0,"enemies":"3 Shapes","floor":36.0,"turns":2.0},{"damage":10.0,"enemies":"Writhing Mass","floor":38.0,"turns":4.0},{"damage":43.0,"enemies":"4 Shapes","floor":39.0,"turns":3.0},{"damage":6.0,"enemies":"3 Darklings","floor":42.0,"turns":3.0},{"damage":6.0,"enemies":"Writhing Mass","floor":45.0,"turns":3.0},{"damage":33.0,"enemies":"Spire Growth","floor":48.0,"turns":3.0},{"damage":65,"enemies":"Awakened One","floor":50,"turns":5}],"seed_played":"-5503893592020334463","potions_obtained":[{"floor":1.0,"key":"LiquidBronze"},{"floor":3.0,"key":"SmokeBomb"},{"floor":7.0,"key":"DistilledChaos"},{"floor":12.0,"key":"BlessingOfTheForge"},{"floor":18.0,"key":"ColorlessPotion"},{"floor":36.0,"key":"FearPotion"},{"floor":48.0,"key":"LiquidMemories"}],"is_trial":false,"path_per_floor":["M","$","M","?","M","R","E","M","T","R","$","M","R","M","R","B",null,"M","?","?","?","$","R","?","M","T","$","E","R","E","M","R","B",null,"M","M","$","M","M","R","?","M","T","R","M","?","$","M","R","B"],"character_chosen":"IRONCLAD","items_purchased":["Flash of Steel","Pommel Strike","Fiend Fire"],"campfire_rested":3,"item_purchase_floors":[2,11,37],"current_hp_per_floor":[72,72,75,75,75,75,69,70,70,70,70,70,70,74,74,60,71,71,71,71,71,71,71,71,64,71,71,77,77,77,78,78,35,70,70,69,69,65,28,52,52,52,52,76,76,76,76,49,72,7,7],"gold":82,"neow_bonus":"ONE_RANDOM_RARE_CARD","is_daily":false,"chose_seed":false,"campfire_upgraded":7,"win_rate":0.0,"timestamp":1610229126,"path_taken":["M","?","M","?","M","R","E","?","T","R","?","M","R","M","R","BOSS","M","?","?","?","$","R","?","M","T","$","E","R","E","M","R","BOSS","M","M","$","M","M","R","?","?","T","R","M","?","$","M","R","BOSS"],"items_purchased_type":["Card","Card","Card"],"build_version":"2020-12-22","purchased_purges":3,"victory":false,"max_hp_per_floor":[75,75,75,75,75,75,75,75,75,75,75,75,75,75,75,75,75,75,75,75,75,75,75,75,75,82,82,82,82,82,82,82,82,82,82,82,82,82,82,82,82,82,82,82,82,79,79,79,79,79,79],"card_choices":[{"not_picked":["Heavy Blade","Thunderclap"],"picked":"Twin Strike","floor":1.0},{"not_picked":["Wild Strike","Sword Boomerang"],"picked":"True Grit","floor":3.0},{"not_picked":["Armaments","Iron Wave"],"picked":"Whirlwind","floor":5.0},{"not_picked":["Iron Wave","Intimidate"],"picked":"Rupture","floor":7.0},{"not_picked":["True Grit","Perfected Strike","Body Slam"],"picked":"SKIP","floor":8.0},{"not_picked":["True Grit","Perfected Strike","Body Slam"],"picked":"SKIP","floor":8.0},{"not_picked":["Warcry","Clothesline"],"picked":"Dropkick","floor":12.0},{"not_picked":["Armaments","Fire Breathing","Evolve"],"picked":"SKIP","floor":14.0},{"not_picked":["Cleave"],"picked":"SKIP","floor":18.0},{"not_picked":["Armaments"],"picked":"SKIP","floor":25.0},{"not_picked":["Sentinel"],"picked":"SKIP","floor":30.0},{"not_picked":["Clash+1","Clothesline"],"picked":"SKIP","floor":31.0},{"not_picked":["Offering"],"picked":"Impervious","floor":33.0},{"not_picked":["Sword Boomerang","Hemokinesis+1"],"picked":"SKIP","floor":35.0},{"not_picked":["Whirlwind","Infernal Blade"],"picked":"SKIP","floor":36.0},{"not_picked":["Cleave+1","Headbutt"],"picked":"SKIP","floor":38.0},{"not_picked":["Armaments"],"picked":"Sever Soul","floor":39.0},{"not_picked":["Spot Weakness","Headbutt"],"picked":"SKIP","floor":42.0},{"not_picked":["Headbutt","Hemokinesis+1"],"picked":"SKIP","floor":45.0},{"not_picked":["Intimidate","Havoc"],"picked":"SKIP","floor":48.0}],"player_experience":121987,"relics_obtained":[{"floor":7.0,"key":"Nunchaku"},{"floor":9.0,"key":"StrikeDummy"},{"floor":26.0,"key":"Strawberry"},{"floor":30.0,"key":"Question Card"},{"floor":43.0,"key":"Letter Opener"}],"event_choices":[{"cards_removed":["Twin Strike"],"damage_healed":0.0,"max_hp_gain":0.0,"max_hp_loss":0.0,"gold_gain":0.0,"event_name":"WeMeetAgain","player_choice":"Gave Card","floor":4.0,"gold_loss":0.0,"damage_taken":0.0,"relics_obtained":["Thread and Needle"]},{"damage_healed":0.0,"max_hp_gain":0.0,"max_hp_loss":0.0,"gold_gain":0.0,"cards_transformed":["Rupture","Defend_R"],"event_name":"Drug Dealer","player_choice":"Became Test Subject","floor":19.0,"gold_loss":0.0,"damage_taken":0.0,"cards_obtained":["Uppercut","Twin Strike"]},{"damage_healed":0.0,"max_hp_gain":0.0,"max_hp_loss":0.0,"gold_gain":0.0,"event_name":"Addict","player_choice":"Obtained Relic","floor":20.0,"gold_loss":85.0,"damage_taken":0.0,"relics_obtained":["PreservedInsect"]},{"damage_healed":0.0,"max_hp_gain":0.0,"max_hp_loss":0.0,"gold_gain":0.0,"event_name":"Vampires","player_choice":"Ignored","floor":21.0,"gold_loss":0.0,"damage_taken":0.0},{"damage_healed":0.0,"max_hp_gain":0.0,"max_hp_loss":0.0,"gold_gain":0.0,"event_name":"The Mausoleum","player_choice":"Ignored","floor":24.0,"gold_loss":0.0,"damage_taken":0.0},{"damage_healed":0.0,"max_hp_gain":0.0,"max_hp_loss":0.0,"gold_gain":0.0,"event_name":"Accursed Blacksmith","player_choice":"Forge","floor":41.0,"gold_loss":0.0,"damage_taken":0.0,"cards_upgraded":["Fiend Fire"]},{"cards_removed":["Parasite"],"damage_healed":0.0,"max_hp_gain":0.0,"max_hp_loss":0.0,"gold_gain":0.0,"event_name":"Bonfire Elementals","player_choice":"Offered Curse","floor":46.0,"gold_loss":0.0,"damage_taken":0.0,"relics_obtained":["Spirit Poop"]}],"is_beta":false,"boss_relics":[{"not_picked":["Tiny House","Ectoplasm"],"picked":"Busted Crown"},{"not_picked":["Cursed Key","Pandora\u0027s Box"],"picked":"SlaversCollar"}],"items_purged_floors":[22,27,47],"is_endless":false,"potions_floor_spawned":[1,3,7,12,18,28,36,48],"killed_by":"Awakened One","ascension_level":20}}