{"host":"qihv10mixs26xc23","time":1610161342,"event":{"mods":["AchievementEnabler","BaseMod","BetterRewards","Downfall","Googly Eyes","Hermit","Minty Spire (QoL Compilation)","Replay The Spire","Shop Mod","StSLib","The Marked"],"gold_per_floor":[110,127,144,159,173,173,190,190,190,213,229,229,268,293,293,419,419,439,454,130,130,155,155,155,170,170,15,35,35,51,67,67,188,188,207,228,103,127,143,186,206,206,206,222,222,222],"floor_reached":45,"playtime":2821,"items_purged":["hermit:Defend_Hermit","Amnesia","hermit:Strike_Hermit"],"score":659,"play_id":"52e58ab3-81be-49ca-9fc8-05f1b3e43a1b","local_time":"20210108220222","is_ascension_mode":false,"campfire_choices":[{"floor":6,"key":"DIG"},{"floor":15,"key":"REST"},{"floor":24,"key":"DIG"},{"floor":29,"key":"DIG"},{"floor":32,"key":"REST"}],"circlet_count":0,"master_deck":["hermit:Strike_Hermit+1","hermit:Snapshot","hermit:Covet","hermit:Glare+1","hermit:PistolWhip","hermit:WideOpen","hermit:Snipe","hermit:HighCaliber","hermit:Desperado","hermit:Roughhouse","hermit:Horror","hermit:Desperado","hermit:Magnum+1","hermit:FinalCanter","sneckomod:Bewildered","hermit:ShadowCloak","hermit:ShadowCloak+1","Master of Strategy","hermit:Quickdraw+1","Master of Strategy","hermit:Cheat","sneckomod:Bewildered","Slimebound:GoopTackle+1","Phantasmal Killer","Wild Strike+1","Parasite","Dagger Spray","sneckomod:Bewildered"],"relics":["hermit:Momento","Shovel","Divine Protection","Pondfish Scales","Golden Idol","Darkstone Periapt","Sundial","Replay:Grab Bag","Cursed Key","Painkiller Herb","Kintsugi","Whetstone","Pear","PrismaticShard","Thread and Needle","Black Star","The Courier","Replay:Bottled Eggs","Quantum Egg"],"acts_visited":["Exordium","TheCity","TheBeyond"],"potions_floor_usage":[16,16,19,44,45,45],"damage_taken":[{"damage":0,"enemies":"Small Slimes","floor":1,"turns":3},{"damage":0,"enemies":"Jaw Worm","floor":2,"turns":2},{"damage":0,"enemies":"Cultist","floor":3,"turns":2},{"damage":0,"enemies":"Exordium Wildlife","floor":4,"turns":2},{"damage":0,"enemies":"Lots of Slimes","floor":5,"turns":3},{"damage":4,"enemies":"Blue Slaver","floor":7,"turns":2},{"damage":0,"enemies":"3 Louse","floor":10,"turns":2},{"damage":0,"enemies":"Large Slime","floor":11,"turns":3},{"damage":11,"enemies":"3 Sentries","floor":13,"turns":5},{"damage":0,"enemies":"Blue Slaver","floor":14,"turns":2},{"damage":11,"enemies":"Fading Forest","floor":16,"turns":11},{"damage":0,"enemies":"Chosen","floor":18,"turns":3},{"damage":6,"enemies":"Shell Parasite","floor":19,"turns":3},{"damage":5,"enemies":"Snake Plant","floor":22,"turns":3},{"damage":6,"enemies":"Chosen and Byrds","floor":25,"turns":5},{"damage":2,"enemies":"Sentry and Sphere","floor":28,"turns":4},{"damage":7,"enemies":"Snecko","floor":30,"turns":3},{"damage":0,"enemies":"Centurion and Healer","floor":31,"turns":3},{"damage":27,"enemies":"Pondfish","floor":33,"turns":8},{"damage":0,"enemies":"Orb Walker","floor":35,"turns":3},{"damage":0,"enemies":"3 Darklings","floor":36,"turns":3},{"damage":17,"enemies":"Writhing Mass","floor":38,"turns":5},{"damage":0,"enemies":"Spire Growth","floor":39,"turns":3},{"damage":37,"enemies":"Reptomancer","floor":40,"turns":3},{"damage":12,"enemies":"Transient","floor":41,"turns":5},{"damage":39,"enemies":"Maw","floor":44,"turns":9},{"damage":1,"enemies":"Sphere and 2 Shapes","floor":45,"turns":1}],"seed_played":"4551894235116258523","potions_obtained":[{"floor":1,"key":"Toxic Potion"},{"floor":2,"key":"SneckoOil"},{"floor":7,"key":"Milkshake"},{"floor":18,"key":"Flashbang"},{"floor":19,"key":"Venom Potion"},{"floor":31,"key":"Doom Potion"},{"floor":44,"key":"SpeedPotion"}],"is_trial":false,"path_per_floor":["M","M","M","M","M","R","M","?","T","M","M","?","E","M","R","B",null,"?","?","T","?","?","?","T","?","T","T","?","T","?","?","T","B",null,"?","?","T","?","?","E","?","T","T","?","?"],"character_chosen":"HERMIT","items_purchased":["hermit:Glare+1","hermit:PistolWhip","Divine Protection","hermit:WideOpen","Master of Strategy","hermit:Quickdraw","PrismaticShard"],"campfire_rested":2,"item_purchase_floors":[0,0,0,0,20,20,27],"current_hp_per_floor":[40,40,40,40,40,40,36,36,36,36,36,36,25,25,45,48,81,81,75,75,75,70,70,70,64,80,80,78,78,71,71,97,70,97,97,97,97,86,86,49,37,37,43,4,3,3],"gold":222,"neow_bonus":"","is_daily":false,"chose_seed":false,"campfire_upgraded":0,"win_rate":0.0,"timestamp":1610161342,"path_taken":["M","M","M","M","M","R","M","?","T","M","M","?","E","M","R","BOSS","?","?","T","?","?","?","T","?","T","T","?","T","?","?","T","BOSS","?","?","T","?","?","E","?","T","T","?","?"],"items_purchased_type":["Card","Card","Relic","Card","Card","Card","Relic"],"build_version":"2020-12-22","purchased_purges":3,"victory":false,"max_hp_per_floor":[75,75,75,75,75,75,75,69,69,69,69,69,69,69,69,69,81,81,81,81,81,81,81,81,81,97,97,97,97,97,97,97,97,97,97,97,97,103,103,103,103,103,109,109,109,109],"card_choices":[{"not_picked":["hermit:LoneWolf","hermit:HoleUp"],"picked":"hermit:Snipe","floor":1},{"not_picked":["hermit:Spite","hermit:HoleUp"],"picked":"hermit:HighCaliber","floor":2},{"not_picked":["hermit:Roulette","hermit:LowProfile"],"picked":"hermit:ItchyTrigger","floor":3},{"not_picked":["hermit:Combo","hermit:FullyLoaded"],"picked":"hermit:Desperado","floor":4},{"not_picked":["hermit:GhostlyPresence","hermit:BodyArmor"],"picked":"hermit:Roughhouse","floor":5},{"not_picked":["hermit:BodyArmor","hermit:Glare"],"picked":"hermit:Horror","floor":7},{"not_picked":["hermit:Malice","hermit:Roulette","hermit:CalledShot"],"picked":"SKIP","floor":10},{"not_picked":["hermit:Scavenge","hermit:Headshot"],"picked":"hermit:Desperado","floor":11},{"not_picked":["hermit:DeadMansHand","hermit:HoleUp"],"picked":"hermit:Magnum","floor":13},{"not_picked":["hermit:CalledShot","hermit:Vantage","hermit:Shortfuse"],"picked":"SKIP","floor":14},{"not_picked":["hermit:Purgatory","hermit:HighNoon"],"picked":"hermit:FinalCanter","floor":16},{"not_picked":["hermit:SprayPray","hermit:Vantage"],"picked":"hermit:ShadowCloak","floor":18},{"not_picked":["hermit:Roulette","hermit:ItchyTrigger"],"picked":"hermit:ShadowCloak+1","floor":19},{"not_picked":["hermit:Dive","hermit:FullyLoaded","hermit:Brawl"],"picked":"SKIP","floor":22},{"not_picked":["hermit:Brawl","hermit:Combo+1"],"picked":"hermit:Cheat","floor":25},{"not_picked":["expansioncontent:BronzeBeam+1","Panacea"],"picked":"Slimebound:GoopTackle+1","floor":28},{"not_picked":["theMarked:Parkour","ThirdEye","Sever Soul"],"picked":"SKIP","floor":30},{"not_picked":["hexamod:GhostOfSpirePast+1","hexamod:SpectralAdrenaline","Replay:SS_fish_3"],"picked":"SKIP","floor":31},{"not_picked":["Immolate","Guardian:Gem_Orange"],"picked":"Phantasmal Killer","floor":33},{"not_picked":["Guardian:Gem_Lightblue","champ:Duel"],"picked":"Wild Strike+1","floor":35},{"not_picked":["hermit:Ricochet+1","Hidden Blade+1","hermit:CalledShot+1"],"picked":"SKIP","floor":36},{"not_picked":["Multi-Cast","theMarked:HeightenedSenses+1","Acrobatics"],"picked":"SKIP","floor":38},{"not_picked":["Replay:AtTheReady","Consecrate","Heavy Blade+1"],"picked":"SKIP","floor":39},{"not_picked":["hexamod:RecurringNightmare+1","Good Instincts+1","hexamod:PhantomCloak"],"picked":"SKIP","floor":40},{"not_picked":["Poisoned Stab","Replay:BluntJabs+1"],"picked":"Dagger Spray","floor":41},{"not_picked":["Guardian:Suspension+1","hermit:Coalescence+1","Armaments+1"],"picked":"SKIP","floor":44}],"player_experience":76646,"relics_obtained":[{"floor":6,"key":"Pondfish Scales"},{"floor":9,"key":"Darkstone Periapt"},{"floor":13,"key":"Sundial"},{"floor":24,"key":"Whetstone"},{"floor":26,"key":"Pear"},{"floor":29,"key":"Thread and Needle"},{"floor":40,"key":"The Courier"},{"floor":40,"key":"Replay:Bottled Eggs"},{"floor":43,"key":"Quantum Egg"}],"event_choices":[{"damage_healed":0,"gold_gain":0,"player_choice":"Lose Max HP","damage_taken":0,"relics_obtained":["Golden Idol"],"max_hp_gain":0,"max_hp_loss":6,"event_name":"Golden Idol","floor":8,"gold_loss":0},{"cards_removed":["hermit:ItchyTrigger"],"damage_healed":0,"gold_gain":0,"player_choice":"Forget","damage_taken":0,"max_hp_gain":0,"max_hp_loss":0,"event_name":"Living Wall","floor":12,"gold_loss":0},{"damage_healed":0,"gold_gain":0,"player_choice":"Copied","damage_taken":0,"max_hp_gain":0,"max_hp_loss":0,"event_name":"Duplicator","floor":21,"gold_loss":0,"cards_obtained":["Master of Strategy"]},{"damage_healed":0,"gold_gain":0,"player_choice":"Ignored","damage_taken":0,"max_hp_gain":0,"max_hp_loss":0,"event_name":"NoteForYourself","floor":23,"gold_loss":0}],"is_beta":false,"boss_relics":[{"not_picked":["Runic Pyramid","SacredBark"],"picked":"Replay:Grab Bag"},{"not_picked":["Replay:Bronze Core","Fusion Hammer"],"picked":"Cursed Key"},{"not_picked":["Coffee Dripper","Velvet Choker"],"picked":"Painkiller Herb"},{"not_picked":["Replay:Drink Me","Calling Bell"],"picked":"Kintsugi"},{"not_picked":["ReplayTheSpireMod:DimensionalGlitch","hermit:ClaspedLocket"],"picked":"Black Star"}],"items_purged_floors":[0,20,37],"is_endless":false,"potions_floor_spawned":[1,2,7,18,19,31,33,35,36,44],"killed_by":"Sphere and 2 Shapes","ascension_level":0}}