{"host":"7l2t4psy44vpcd9q","time":1610181018,"event":{"mods":["AchievementEnabler","BaseMod","DeckTracker","Minty Spire (QoL Compilation)","SuperFastMode"],"gold_per_floor":[119,194,204,204,214,214,226,226,300,300,328,361,37,53,53,131,131,142,142,142,42,53,53,28,48,100,142,168,191,203,234,246,258,258],"floor_reached":33,"playtime":1550,"items_purged":["Strike_G","Decay"],"score":559,"play_id":"ca1caf2d-a39f-4a1c-9436-ef753a6b9605","local_time":"20210109173018","is_ascension_mode":true,"campfire_choices":[{"data":"Neutralize","floor":6,"key":"SMITH"},{"data":"Dagger Throw","floor":8,"key":"SMITH"},{"data":"Dash","floor":10,"key":"SMITH"},{"floor":15,"key":"REST"},{"data":"Apotheosis","floor":23,"key":"SMITH"},{"floor":30,"key":"REST"},{"data":"After Image","floor":32,"key":"SMITH"}],"circlet_count":0,"master_deck":["AscendersBane","Defend_G","Defend_G","Defend_G","Defend_G","Defend_G","Survivor","Neutralize+1","Dagger Throw+1","Dash+1","Flying Knee","Cloak And Dagger","Caltrops","Bouncing Flask","Apotheosis+1","Tools of the Trade","Bite","Bite","Bite","Bite","Bite","Backflip","PiercingWail","After Image+1","Predator","PiercingWail+1"],"relics":["Ring of the Snake","HornCleat","Odd Mushroom","Art of War","HoveringKite","MawBank","Letter Opener"],"acts_visited":["Exordium","TheCity"],"potions_floor_usage":[12,16,22,27,27,31],"damage_taken":[{"damage":1,"enemies":"Small Slimes","floor":1,"turns":3},{"damage":4,"enemies":"Jaw Worm","floor":3,"turns":4},{"damage":0,"enemies":"Cultist","floor":5,"turns":3},{"damage":6,"enemies":"3 Louse","floor":7,"turns":3},{"damage":6,"enemies":"The Mushroom Lair","floor":11,"turns":5},{"damage":20,"enemies":"Gremlin Nob","floor":12,"turns":5},{"damage":0,"enemies":"2 Fungi Beasts","floor":14,"turns":3},{"damage":5,"enemies":"The Guardian","floor":16,"turns":10},{"damage":4,"enemies":"Chosen","floor":18,"turns":5},{"damage":7,"enemies":"Shell Parasite","floor":22,"turns":6},{"damage":21,"enemies":"3 Cultists","floor":25,"turns":5},{"damage":45,"enemies":"Slavers","floor":27,"turns":9},{"damage":21,"enemies":"Snake Plant","floor":28,"turns":5},{"damage":14,"enemies":"Snecko","floor":29,"turns":8},{"damage":2,"enemies":"Chosen and Byrds","floor":31,"turns":6},{"damage":73,"enemies":"Automaton","floor":33,"turns":6}],"seed_played":"-7752460647876679041","potions_obtained":[{"floor":7,"key":"SneckoOil"},{"floor":11,"key":"EssenceOfSteel"},{"floor":14,"key":"AttackPotion"},{"floor":16,"key":"Explosive Potion"},{"floor":25,"key":"SkillPotion"},{"floor":29,"key":"GhostInAJar"}],"is_trial":false,"path_per_floor":["M","?","M","?","M","R","M","R","T","R","?","E","$","M","R","B",null,"M","?","?","$","M","R","$","M","T","E","M","M","R","M","R","B"],"character_chosen":"THE_SILENT","items_purchased":["Apotheosis","Weak Potion","PiercingWail"],"campfire_rested":2,"item_purchase_floors":[13,13,24],"current_hp_per_floor":[64,53,49,54,54,54,48,48,48,48,42,22,22,22,45,40,68,64,64,53,53,48,48,48,40,40,16,7,3,18,34,34,0,0],"gold":258,"neow_bonus":"TEN_PERCENT_HP_BONUS","is_daily":false,"chose_seed":false,"campfire_upgraded":5,"win_rate":0.0,"timestamp":1610181018,"path_taken":["M","?","M","?","M","R","M","R","T","R","?","E","$","M","R","BOSS","M","?","?","?","M","R","?","M","T","E","M","?","R","M","R","BOSS"],"items_purchased_type":["Card","Potion","Card"],"build_version":"2020-12-22","purchased_purges":2,"victory":false,"max_hp_per_floor":[72,72,72,77,77,77,77,77,77,77,77,77,77,77,77,77,77,77,77,53,53,53,53,53,53,53,53,53,53,53,53,53,53,53],"card_choices":[{"not_picked":["Outmaneuver","Slice"],"picked":"Dagger Throw","floor":1},{"not_picked":["Backstab","Riddle With Holes"],"picked":"Dash","floor":3},{"not_picked":["Envenom","Quick Slash"],"picked":"Flying Knee","floor":5},{"not_picked":["Accuracy","Leg Sweep"],"picked":"Cloak And Dagger","floor":7},{"not_picked":["Poisoned Stab","Bane"],"picked":"Caltrops","floor":11},{"not_picked":["Poisoned Stab","Accuracy"],"picked":"Bouncing Flask","floor":12},{"not_picked":["Dodge and Roll","Acrobatics","Endless Agony"],"picked":"SKIP","floor":14},{"not_picked":["Unload","Doppelganger"],"picked":"Tools of the Trade","floor":16},{"not_picked":["Dagger Throw","Sucker Punch","Slice"],"picked":"SKIP","floor":18},{"not_picked":["Dagger Spray","Flechettes"],"picked":"Backflip","floor":22},{"not_picked":["Blade Dance","Poisoned Stab"],"picked":"After Image","floor":25},{"not_picked":["Flying Knee","Infinite Blades","Skewer"],"picked":"SKIP","floor":27},{"not_picked":["Setup","Slice"],"picked":"Predator","floor":28},{"not_picked":["Bouncing Flask","Escape Plan"],"picked":"PiercingWail+1","floor":29},{"not_picked":["Concentrate","Prepared","Backstab"],"picked":"SKIP","floor":31}],"player_experience":1159262,"relics_obtained":[{"floor":9,"key":"HornCleat"},{"floor":11,"key":"Odd Mushroom"},{"floor":12,"key":"Art of War"},{"floor":26,"key":"MawBank"},{"floor":27,"key":"Letter Opener"}],"event_choices":[{"damage_healed":0,"gold_gain":75,"player_choice":"Gather Gold","damage_taken":11,"max_hp_gain":0,"max_hp_loss":0,"event_name":"World of Goop","floor":2,"gold_loss":0},{"damage_healed":0,"gold_gain":0,"player_choice":"Donut","damage_taken":0,"max_hp_gain":5,"max_hp_loss":0,"event_name":"Big Fish","floor":4,"gold_loss":0},{"damage_healed":0,"gold_gain":0,"player_choice":"Fought Mushrooms","damage_taken":0,"max_hp_gain":0,"max_hp_loss":0,"event_name":"Mushrooms","floor":11,"gold_loss":0},{"damage_healed":0,"gold_gain":0,"player_choice":"Smashed Altar","damage_taken":0,"max_hp_gain":0,"max_hp_loss":0,"event_name":"Forgotten Altar","floor":19,"gold_loss":0,"cards_obtained":["Decay"]},{"damage_healed":0,"gold_gain":0,"player_choice":"Became a vampire","damage_taken":0,"max_hp_gain":0,"max_hp_loss":24,"event_name":"Vampires","floor":20,"gold_loss":0,"cards_obtained":["Bite","Bite","Bite","Bite","Bite"]}],"is_beta":false,"boss_relics":[{"not_picked":["SacredBark","Fusion Hammer"],"picked":"HoveringKite"}],"items_purged_floors":[13,21],"is_endless":false,"potions_floor_spawned":[7,11,14,16,25,29],"killed_by":"Automaton","ascension_level":20}}