{"host":"tw5nadds0x0wro7l","time":1610217176,"event":{"mods":["Aspiration","BaseMod","Better Altar","Better Match","Better Skull","Block Reminder","Card Forge","CatGirl Mod","Conspire","DNKmod","Displayed Cursed Tome","Dota2Spire","Downfall","Energized Spire","Force Act Four","Friendly Minions","Gold Saver","Grow up Mod","GungeonMod","Highlight Path","Hubris","Infinite Spire","Luminous","Minty Spire (QoL Compilation)","Practice Mode","Relic Sorter","Replay The Spire","Spicy Shops","StSLib","The Alterego","The Animator","The Death Knight","The Marked","The Senshi","TheSwordswoman","Transform Curses","Waifu the Spire","WarShipGirlsR/????R mod","vexMod"],"gold_per_floor":[1051,1051,291,291,291,372,447,546,572,611,710,710,812,854,854,1169,1169,1208,1208,1208,1208,1208,1301,604,691,762,849,849,933,933,983,983,1271,1937,1970,1970,1970,1017,1095,1197,1197,25,25,130,190,292,382,457,676,676],"floor_reached":51,"playtime":3144,"items_purged":[],"score":1777,"play_id":"6fd4ec83-2c05-4483-92f0-cff6f5cc7590","local_time":"20210109133256","daily_mods":["Vintage","Heirloom","Time Dilation","Flight","downfall:Lament","DeadlyEvents","Binary","Cursed Run","Elite Swarm","Lethality","Midas","Night Terrors","Terminal","Binary"],"is_ascension_mode":false,"campfire_choices":[{"floor":28,"key":"RECALL"},{"floor":30,"key":"REST"},{"floor":32,"key":"DIG"}],"circlet_count":0,"master_deck":["Barricade+1","Combust+1","Demon Form+1","Juggernaut+1","Metallicize+1","A Thousand Cuts+1","After Image+1","Caltrops+1","Infinite Blades+1","Noxious Fumes+1","expansioncontent:DefensiveStance+1","alterego_mod:AlterEgo+1","alterego_mod:BreastValley+1","alterego_mod:Birthday+1","alterego_mod:BustOut+1","alterego_mod:BusterCard+1","alterego_mod:ChallengeComplete+1","alterego_mod:Cooking+1","alterego_mod:Cushion+1","alterego_mod:GIGAMILK+1","alterego_mod:IdEs+1","alterego_mod:Nekomimi+1","alterego_mod:Palingenesis+11","alterego_mod:PerceptionDisorder+1","alterego_mod:Punishment+1","alterego_mod:PurpleHair+1","alterego_mod:Rake+1","alterego_mod:Rip+1","alterego_mod:SakuraPetals+1","alterego_mod:Smother+1","alterego_mod:TrashNCrash+1","alterego_mod:Undulate+1","infinitespire:UltimateForm+1","Dramatic Entrance+1","alterego_mod:ClassAdvantage+1","Doubt","alterego_mod:Rip+1","Parasite","Sickly","hubris:Envy","alterego_mod:IdEs","Writhe","Replay:Many Hands","Metallicize","animator:Curse_Nutcracker","alterego_mod:Bloomers","hubris:Envy","Run Through","alterego_mod:GIGAMILK","Guardian:Aged","Decay"],"relics":["Cursed Key","hubris:DeckOfHolding","Anvil of the Gods","Hammer of Thor","Seething Fire","Darkstone Periapt","Du-Vu Doll","Busted Crown","NeowsBlessing","replay:Trail_Library","Replay:Towering Pillar of Hats","DemoMod:BigBoy","vexMod:RetaliationKit","conspire:TreasureMap","vexMod:BarristanHead","DemoMod:MeatBun","infinitespire:Cubic Diamond","Pet Ghost","Mango","aspiration:VileToxins","Dota2Spire:MonkeyKingBar","Replay:Arrowhead","Bronze Scales","DemoMod:GlassGuonStoneRelic","ReplayTheSpireMod:Ninjato","Dota2Spire:RefresherOrb","DemoMod:RingOfEthereal","DeathKnight:PutricidesVial","aspiration:IroncladSkillbook","hubris:Icosahedron","hubris:BottledHeart","Peace Pipe","ReplayTheSpireMod:CursedCoin","Mercury Hourglass","Unceasing Top","Centennial Puzzle","DemoMod:Metronome","vexMod:InvisibilityCloak","hubris:SphereOfDissonance","Durian","vexMod:MemoryStick","Oddly Smooth Stone","MealTicket","vexMod:RockOfEvil","hubris:TenFootPole","Dota2Spire:OrchidMalevolence","conspire:Dentures","hubris:EmptyBottle","Lantern","Dota2Spire:PhaseBoots","Ornamental Fan","Dota2Spire:ArcaneBoots","StoneCalendar","ReplayTheSpireMod:Ring of Addiction","Ring of Chaos","Chameleon Ring","Potion Belt","Bottled Lightning","PrismaticShard","champ:DeflectingBracers","Strawberry","ClockworkSouvenir","Guardian:PocketSentry","hubris:Zylophone","Pen Nib","Dota2Spire:LinkenSphere","conspire:Boomerang","Dota2Spire:BlackKingBar"],"acts_visited":["Exordium","TheCity","TheBeyond"],"potions_floor_usage":[],"damage_taken":[{"damage":0,"enemies":"conspire:RoseBush","floor":1,"turns":1},{"damage":0,"enemies":"Lagavulin","floor":6,"turns":1},{"damage":0,"enemies":"3 Sentries","floor":7,"turns":1},{"damage":11,"enemies":"Lagavulin","floor":8,"turns":3},{"damage":0,"enemies":"Jaw Worm","floor":10,"turns":1},{"damage":2,"enemies":"3 Sentries","floor":11,"turns":2},{"damage":18,"enemies":"Lagavulin","floor":13,"turns":3},{"damage":0,"enemies":"Small Slimes","floor":14,"turns":1},{"damage":15,"enemies":"Fading Forest","floor":16,"turns":6},{"damage":0,"enemies":"Spheric Guardian","floor":18,"turns":3},{"damage":0,"enemies":"Slavers","floor":23,"turns":1},{"damage":0,"enemies":"Gremlin Leader","floor":25,"turns":3},{"damage":0,"enemies":"conspire:SneckoGhost","floor":27,"turns":3},{"damage":0,"enemies":"Replay:Snechameleon","floor":29,"turns":2},{"damage":0,"enemies":"Automaton","floor":33,"turns":4},{"damage":0,"enemies":"Orb Walker","floor":35,"turns":2},{"damage":0,"enemies":"Reptomancer","floor":39,"turns":3},{"damage":0,"enemies":"R_Hoarder","floor":40,"turns":3},{"damage":0,"enemies":"Giant Head","floor":44,"turns":3},{"damage":0,"enemies":"3 Darklings","floor":45,"turns":2},{"damage":0,"enemies":"R_Hoarder","floor":46,"turns":3},{"damage":0,"enemies":"Reptomancer","floor":47,"turns":2},{"damage":0,"enemies":"Nightmare","floor":48,"turns":3},{"damage":0,"enemies":"Time Eater","floor":50,"turns":3}],"seed_played":"-1163005789345944232","potions_obtained":[{"floor":1,"key":"champ:CounterPotion"},{"floor":7,"key":"PowerPotion"},{"floor":10,"key":"Dota2Spire:HealingSalve"},{"floor":41,"key":"champ:CounterPotion"},{"floor":41,"key":"Fire Potion"},{"floor":41,"key":"champ:CounterPotion"}],"is_trial":true,"path_per_floor":["M","?","$","?","?","E","E","E","T","M","E","?","E","M","R","B",null,"M","AVR","?","?","?","E","$","E","T","E","R","E","R","T","R","B",null,"M","?","?","$","E","E","?","$","T","E","M","E","E","NM","R","B",null],"character_chosen":"The_Alterego","items_purchased":["vexMod:RetaliationKit","conspire:TreasureMap","vexMod:BarristanHead","DemoMod:MeatBun","ReplayTheSpireMod:CursedCoin","Mercury Hourglass","Unceasing Top","Centennial Puzzle","DemoMod:Metronome","conspire:Dentures","hubris:EmptyBottle","Lantern","Dota2Spire:PhaseBoots","Ornamental Fan","Bottled Lightning","PrismaticShard","champ:DeflectingBracers","hubris:DeckOfHolding","Strawberry","ClockworkSouvenir"],"campfire_rested":1,"item_purchase_floors":[3,3,3,3,24,24,24,24,24,38,38,38,38,38,42,42,42,42,42,42],"current_hp_per_floor":[118,137,146,155,164,173,196,198,214,234,242,259,251,261,271,290,310,319,328,337,346,11,21,31,41,51,61,71,81,91,101,111,121,131,141,151,161,171,181,191,201,211,221,231,241,251,261,271,281,291],"gold":676,"neow_bonus":"","is_daily":false,"chose_seed":false,"campfire_upgraded":0,"win_rate":0.0,"timestamp":1610217176,"path_taken":["M","?","?","?","?","E","E","E","T","?","?","?","E","?","R","BOSS","M","AVR","?","?","?","E","$","E","T","E","R","?","R","?","R","BOSS","M","?","?","$","?","E","?","?","T","E","M","E","?","NM","R","BOSS"],"items_purchased_type":["Relic","Relic","Relic","Relic","Relic","Relic","Relic","Relic","Relic","Relic","Relic","Relic","Relic","Relic","Relic","Relic","Relic","Relic","Relic","Relic"],"build_version":"2020-12-22","purchased_purges":0,"victory":true,"max_hp_per_floor":[118,137,146,155,164,173,196,205,220,235,244,259,268,277,286,301,310,319,328,337,346,11,21,31,41,51,61,71,81,91,101,111,121,131,141,151,161,171,181,191,201,211,221,231,241,251,261,271,281,291],"card_choices":[{"not_picked":["Eclipse"],"picked":"SKIP","floor":23},{"not_picked":[],"picked":"alterego_mod:IdEs","floor":25},{"not_picked":[],"picked":"Replay:Many Hands","floor":27},{"not_picked":["Eclipse"],"picked":"SKIP","floor":29},{"not_picked":["alterego_mod:VirginLaserPalladion"],"picked":"SKIP","floor":39},{"not_picked":[],"picked":"alterego_mod:GIGAMILK","floor":40},{"not_picked":["sneckomod:UnknownColorless"],"picked":"SKIP","floor":44},{"not_picked":["sneckomod:UnknownColorless"],"picked":"SKIP","floor":46},{"not_picked":["Guardian:StasisField"],"picked":"SKIP","floor":47},{"not_picked":["rmod:saltedfish"],"picked":"SKIP","floor":48}],"player_experience":90573,"relics_obtained":[{"floor":1,"key":"DemoMod:BigBoy"},{"floor":6,"key":"Pet Ghost"},{"floor":7,"key":"Mango"},{"floor":8,"key":"aspiration:VileToxins"},{"floor":9,"key":"Dota2Spire:MonkeyKingBar"},{"floor":10,"key":"vexMod:BerryBomb"},{"floor":11,"key":"Replay:Arrowhead"},{"floor":13,"key":"Bronze Scales"},{"floor":14,"key":"ReplayTheSpireMod:Ninjato"},{"floor":18,"key":"DemoMod:RingOfEthereal"},{"floor":23,"key":"Peace Pipe"},{"floor":25,"key":"vexMod:InvisibilityCloak"},{"floor":26,"key":"hubris:SphereOfDissonance"},{"floor":27,"key":"Durian"},{"floor":29,"key":"vexMod:MemoryStick"},{"floor":31,"key":"Oddly Smooth Stone"},{"floor":32,"key":"MealTicket"},{"floor":35,"key":"hubris:TenFootPole"},{"floor":39,"key":"Dota2Spire:ArcaneBoots"},{"floor":40,"key":"StoneCalendar"},{"floor":41,"key":"ReplayTheSpireMod:Ring of Addiction"},{"floor":41,"key":"Ring of Chaos"},{"floor":41,"key":"Chameleon Ring"},{"floor":41,"key":"Potion Belt"},{"floor":43,"key":"Guardian:PocketSentry"},{"floor":44,"key":"hubris:Zylophone"},{"floor":45,"key":"Pen Nib"},{"floor":46,"key":"Dota2Spire:LinkenSphere"},{"floor":47,"key":"conspire:Boomerang"},{"floor":48,"key":"Dota2Spire:BlackKingBar"}],"event_choices":[{"cards_removed":["alterego_mod:ClassAdvantage"],"damage_healed":0,"gold_gain":0,"player_choice":"Offered Rare","damage_taken":0,"max_hp_gain":10,"max_hp_loss":0,"event_name":"Bonfire Elementals","floor":2,"gold_loss":0},{"damage_healed":61,"gold_gain":0,"player_choice":"Healed and dodged fight","damage_taken":0,"max_hp_gain":0,"max_hp_loss":0,"event_name":"Mushrooms","floor":12,"gold_loss":0,"cards_obtained":["Parasite"]},{"damage_healed":0,"gold_gain":0,"player_choice":"Bought 0 Potions","damage_taken":0,"max_hp_gain":0,"max_hp_loss":0,"event_name":"The Woman in Blue","floor":15,"gold_loss":0},{"damage_healed":0,"gold_gain":0,"player_choice":"Simplicity","damage_taken":0,"max_hp_gain":0,"max_hp_loss":0,"event_name":"Back to Basics","floor":20,"gold_loss":0,"cards_upgraded":[]},{"damage_healed":0,"gold_gain":0,"player_choice":"Gave Potion","damage_taken":0,"relics_obtained":["Dota2Spire:OrchidMalevolence"],"max_hp_gain":0,"max_hp_loss":0,"event_name":"WeMeetAgain","floor":37,"gold_loss":0}],"is_beta":false,"boss_relics":[{"not_picked":["Astrolabe","hubris:ScarierMask"],"picked":"Dota2Spire:RefresherOrb"},{"not_picked":["energizedSpire:EnergizedDie","conspire:SlowCooker"],"picked":"vexMod:RockOfEvil"}],"items_purged_floors":[],"is_endless":false,"potions_floor_spawned":[1,7,10,11,29,44,45,46,47],"ascension_level":0}}