{"host":"4qkvkh7pd9qr2mca","time":1610217498,"event":{"mods":["AchievementEnabler","BaseMod","Colored Map","Colored Powertips","Highlight Path","Minty Spire (QoL Compilation)","Permanent Neow","Quick Restart","StSLib","SuperFastMode"],"gold_per_floor":[111,130,140,151,170,170,200,200,200,2,2,35,46,46,46,120,120,133,143,143,143,143],"floor_reached":21,"playtime":755,"items_purged":[],"score":382,"play_id":"c8f8aa82-c1ca-48c1-b845-1d2dab57644a","local_time":"20210109193818","is_ascension_mode":true,"campfire_choices":[{"data":"Predator","floor":6,"key":"SMITH"},{"data":"Bouncing Flask","floor":8,"key":"SMITH"},{"data":"Neutralize","floor":11,"key":"SMITH"},{"data":"Envenom","floor":15,"key":"SMITH"}],"circlet_count":0,"master_deck":["AscendersBane","Strike_G","Strike_G","Strike_G","Strike_G","Defend_G","Defend_G","Defend_G","Defend_G","Survivor","Neutralize+1","Die Die Die","Predator+1","Terror","Dagger Throw","PiercingWail","Backflip","Bouncing Flask+1","Blade Dance","Envenom+1","Envenom","Terror+1","Writhe"],"relics":["Ring of the Snake","Pocketwatch","Shuriken","Happy Flower","Singing Bowl","Runic Pyramid","Blue Candle"],"acts_visited":["Exordium","TheCity"],"potions_floor_usage":[7,18,19,19,19],"damage_taken":[{"damage":0,"enemies":"Cultist","floor":1,"turns":3},{"damage":9,"enemies":"Small Slimes","floor":2,"turns":3},{"damage":0,"enemies":"Jaw Worm","floor":3,"turns":3},{"damage":9,"enemies":"3 Louse","floor":4,"turns":2},{"damage":0,"enemies":"2 Fungi Beasts","floor":5,"turns":2},{"damage":7,"enemies":"3 Sentries","floor":7,"turns":6},{"damage":11,"enemies":"Gremlin Nob","floor":12,"turns":3},{"damage":0,"enemies":"Blue Slaver","floor":13,"turns":4},{"damage":3,"enemies":"Hexaghost","floor":16,"turns":7},{"damage":14,"enemies":"Spheric Guardian","floor":18,"turns":7},{"damage":7,"enemies":"Chosen","floor":19,"turns":4},{"damage":25,"enemies":"Centurion and Healer","floor":21,"turns":4}],"seed_played":"3049173570348171323","potions_obtained":[{"floor":1,"key":"FearPotion"},{"floor":2,"key":"SteroidPotion"},{"floor":12,"key":"ColorlessPotion"},{"floor":18,"key":"EntropicBrew"}],"is_trial":false,"path_per_floor":["M","M","M","M","M","R","E","R","T","$","R","E","M","$","R","B",null,"M","M","?","M"],"character_chosen":"THE_SILENT","items_purchased":["Blade Dance","Happy Flower"],"campfire_rested":0,"item_purchase_floors":[10,10],"current_hp_per_floor":[59,50,50,41,41,41,34,34,34,34,34,23,25,25,25,22,52,40,33,33,8,8],"gold":143,"neow_bonus":"TRANSFORM_TWO_CARDS","is_daily":false,"chose_seed":false,"campfire_upgraded":4,"win_rate":0.0,"timestamp":1610217498,"path_taken":["M","M","M","?","M","R","E","R","T","?","R","E","M","$","R","BOSS","M","M","?","M"],"items_purchased_type":["Card","Relic"],"build_version":"2020-12-22","purchased_purges":0,"victory":false,"max_hp_per_floor":[60,60,60,60,60,60,60,60,60,60,60,60,62,62,62,62,62,64,64,64,64,64],"card_choices":[{"not_picked":["PiercingWail","Deflect"],"picked":"Terror","floor":1},{"not_picked":["Prepared","Expertise"],"picked":"Dagger Throw","floor":2},{"not_picked":["Flying Knee","Acrobatics"],"picked":"PiercingWail","floor":3},{"not_picked":["Deadly Poison","All Out Attack"],"picked":"Backflip","floor":4},{"not_picked":["Cloak And Dagger","Dagger Spray"],"picked":"Bouncing Flask","floor":5},{"not_picked":["Setup","Heel Hook","Terror"],"picked":"SKIP","floor":7},{"not_picked":["Backflip","Flying Knee"],"picked":"Envenom","floor":12},{"not_picked":["Poisoned Stab","Outmaneuver","All Out Attack"],"picked":"Singing Bowl","floor":13},{"not_picked":["Unload","Night Terror"],"picked":"Envenom","floor":16},{"not_picked":["Dodge and Roll","Underhanded Strike","Dagger Throw+1"],"picked":"Singing Bowl","floor":18},{"not_picked":["Deflect","Underhanded Strike"],"picked":"Terror+1","floor":19}],"player_experience":526685,"relics_obtained":[{"floor":7,"key":"Pocketwatch"},{"floor":9,"key":"Shuriken"},{"floor":12,"key":"Singing Bowl"}],"event_choices":[{"damage_healed":0,"gold_gain":0,"player_choice":"Opened","damage_taken":0,"relics_obtained":["Blue Candle"],"max_hp_gain":0,"max_hp_loss":0,"event_name":"The Mausoleum","floor":20,"gold_loss":0,"cards_obtained":["Writhe"]}],"is_beta":false,"boss_relics":[{"not_picked":["Ectoplasm","Coffee Dripper"],"picked":"Runic Pyramid"}],"items_purged_floors":[],"is_endless":false,"potions_floor_spawned":[1,2,12,18],"killed_by":"Centurion and Healer","ascension_level":20}}