{"host":"z9grmtg2w0nmz8n1","time":1610172440,"event":{"mods":["Aspiration","Bard","BaseMod","Beaked The Cultist","Better Altar","Better Match","Better Note","Better Sensory Stone","Better Skull","Better Third Choice","BetterRewards","CCEM","Colored Map","Conspire","Downfall","GifTheSpireLib","Googly Eyes","Halation","Hermit","Highlight Path","Hubris","Hunter ??","Jedi Mod","Jorbs\u0027s Wanderer Trilogy","Mad Scientist","Marisa????????","Minty Spire (QoL Compilation)","Permanent Neow","Replay The Spire","Shade Mod","Shop Mod","Spicy Shops","StSLib","Stuff the Spire","The Bug Knight","The Construct","The Necromancer","The Runesmith","The Witch"],"gold_per_floor":[115,40,50,66,82,110,110,110,187,187,206,239,259,259,259,380,443,432,447,461,153,178,178,178],"floor_reached":23,"playtime":1393,"items_purged":["Runesmith:Strike_RS","Runesmith:Strike_RS"],"score":320,"play_id":"e92691c2-dbf4-4271-b89a-85f24581ef9c","local_time":"20210109040720","is_ascension_mode":true,"campfire_choices":[{"data":"Runesmith:Permafrost","floor":7,"key":"SMITH"},{"floor":10,"key":"RECALL"},{"data":"Runesmith:CraftMagma","floor":15,"key":"SMITH"}],"circlet_count":0,"master_deck":["Runesmith:Strike_RS","Runesmith:Strike_RS+1","Runesmith:Defend_RS","Runesmith:Defend_RS","Runesmith:Defend_RS","Runesmith:Defend_RS","Runesmith:CraftFirestone+1","Runesmith:Fortify","Runesmith:EarthShield","Runesmith:Grindstone","Runesmith:Permafrost+1","Runesmith:CraftMagma+1","Runesmith:Attraction","Runesmith:CraftMagma","Runesmith:LithiumIon","Runesmith:ChiselStab"],"relics":["Runesmith:BrokenRuby","hubris:64BitClover","jedi:heavyjacket","Golden Idol","Tiny House","jedi:archwizardhat","halation:LostSnail","Bag of Preparation"],"acts_visited":["Exordium","TheCity"],"potions_floor_usage":[16,16,18,23],"damage_taken":[{"damage":5,"enemies":"Small Slimes","floor":1,"turns":3},{"damage":0,"enemies":"2 Louse","floor":3,"turns":3},{"damage":0,"enemies":"Cultist","floor":4,"turns":4},{"damage":0,"enemies":"3 Louse","floor":5,"turns":5},{"damage":0,"enemies":"Replay:BlueRogue","floor":6,"turns":8},{"damage":2,"enemies":"Red Slaver","floor":11,"turns":5},{"damage":0,"enemies":"HollowMod:MossKnight","floor":12,"turns":9},{"damage":0,"enemies":"Large Slime","floor":13,"turns":6},{"damage":0,"enemies":"Slime Boss","floor":16,"turns":10},{"damage":17,"enemies":"2 Thieves","floor":18,"turns":4},{"damage":9,"enemies":"Shell Parasite","floor":19,"turns":7},{"damage":4,"enemies":"Chosen and Byrds","floor":20,"turns":7},{"damage":0,"enemies":"Snecko","floor":22,"turns":8},{"damage":41,"enemies":"Slavers","floor":23,"turns":4}],"seed_played":"-4174327688136778238","potions_obtained":[{"floor":6,"key":"SkillPotion"},{"floor":12,"key":"AttackPotion"},{"floor":16,"key":"Explosive Potion"},{"floor":22,"key":"SkillPotion"}],"is_trial":false,"path_per_floor":["M","$","M","M","M","E","R","?","T","R","M","E","M","?","R","B",null,"M","M","M","$","M","E"],"character_chosen":"RUNESMITH_CLASS","items_purchased":["jedi:archwizardhat","halation:LostSnail"],"campfire_rested":0,"item_purchase_floors":[21,21],"current_hp_per_floor":[65,65,65,65,65,65,65,65,65,65,63,63,63,63,63,63,70,53,44,40,40,40,0,0],"gold":178,"neow_bonus":"UPGRADE_CARD","is_daily":false,"chose_seed":false,"campfire_upgraded":2,"win_rate":0.0,"timestamp":1610172440,"path_taken":["M","$","M","M","M","E","R","?","T","R","M","E","M","?","R","BOSS","M","M","M","$","M","E"],"items_purchased_type":["Relic","Relic"],"build_version":"2020-12-22","purchased_purges":2,"victory":false,"max_hp_per_floor":[70,70,70,70,70,70,70,70,70,70,70,70,70,65,65,65,70,70,70,70,70,70,70,70],"card_choices":[{"not_picked":["Runesmith:BackupBattery","Runesmith:ShiftingStrike"],"picked":"Runesmith:EarthShield","floor":1},{"not_picked":["Runesmith:HammerThrow","Runesmith:Electrocute","Runesmith:CraftProtectio"],"picked":"SKIP","floor":3},{"not_picked":["Runesmith:UnstableHammer","Runesmith:Reinforce"],"picked":"Runesmith:Grindstone","floor":4},{"not_picked":["Runesmith:ShiftingStrike","Runesmith:Empowerment","Runesmith:CraftProtectio"],"picked":"SKIP","floor":5},{"not_picked":["Runesmith:BackupBattery","Runesmith:UnstableHammer"],"picked":"Runesmith:Permafrost","floor":6},{"not_picked":["Runesmith:MakeshiftArmor","Runesmith:BackupBattery"],"picked":"Runesmith:Attraction","floor":11},{"not_picked":["Runesmith:Discharge","Runesmith:ChargedHammer"],"picked":"Runesmith:CraftMagma","floor":12},{"not_picked":["Runesmith:RuneHurl","Runesmith:Malloc","Runesmith:MakeshiftArmor"],"picked":"SKIP","floor":13},{"not_picked":["Runesmith:Terraform","Runesmith:Overpower"],"picked":"Runesmith:LithiumIon","floor":18},{"not_picked":["Runesmith:Repurpose","Runesmith:Prism","Runesmith:DoubleUp"],"picked":"SKIP","floor":19},{"not_picked":["Runesmith:Repurpose","Runesmith:UnstableHammer+1","Runesmith:Grindstone+1"],"picked":"SKIP","floor":20},{"not_picked":["Runesmith:HeatedChisel","Runesmith:Prism"],"picked":"Runesmith:ChiselStab","floor":22}],"player_experience":816466,"relics_obtained":[{"floor":6,"key":"hubris:64BitClover"},{"floor":12,"key":"jedi:heavyjacket"},{"floor":22,"key":"Bag of Preparation"}],"event_choices":[{"damage_healed":0,"gold_gain":0,"player_choice":"Lose Max HP","damage_taken":0,"relics_obtained":["Golden Idol"],"max_hp_gain":0,"max_hp_loss":5,"event_name":"Golden Idol","floor":14,"gold_loss":0}],"is_beta":false,"boss_relics":[{"not_picked":["CCEMRelics:TransientCore","Ring of Chaos"],"picked":"Tiny House"}],"items_purged_floors":[2,21],"is_endless":false,"potions_floor_spawned":[6,12,16,22],"killed_by":"Slavers","ascension_level":1}}