{"host":"zig6x0mxqzam82fb","time":1610164134,"event":{"mods":["BaseMod","Block Reminder","Colored Map","Colored Powertips","Marisa????????","Minty Spire (QoL Compilation)","Relic Stats","StSLib","The Cursed","The Marked","Waifu the Spire"],"gold_per_floor":[118,132,132,144,161,161,177,177,177,195,195,210,236,252,252,323,323,336,347,171,189,114,114,147,147,172,172,187,187,187],"floor_reached":29,"playtime":1705,"items_purged":["Strike_B"],"score":378,"play_id":"db0f4c44-3645-45d2-92c2-0281572c1741","local_time":"20210108224854","is_ascension_mode":true,"campfire_choices":[{"floor":6,"key":"REST"},{"data":"Doom and Gloom","floor":8,"key":"SMITH"},{"floor":11,"key":"REST"},{"data":"Go for the Eyes","floor":15,"key":"SMITH"},{"data":"Defragment","floor":23,"key":"SMITH"},{"floor":27,"key":"REST"}],"circlet_count":0,"master_deck":["AscendersBane","Strike_B","Strike_B","Defend_B","Defend_B","Defend_B","Defend_B","Zap","Dualcast","Skim","Ball Lightning","Auto Shields","Steam","Doom and Gloom+1","Melter","Ball Lightning","Go for the Eyes+1","Compile Driver","Creative AI","Consume+1","Leap","Defragment+1","Hologram","Coolheaded","Reinforced Body","Static Discharge+1"],"relics":["Cracked Core","Gambling Chip","Incense Burner","Letter Opener","Snecko Eye","Red Mask","Ancient Tea Set"],"acts_visited":["Exordium","TheCity"],"potions_floor_usage":[4,13,24,24,29],"damage_taken":[{"damage":11,"enemies":"Small Slimes","floor":1,"turns":3},{"damage":6,"enemies":"Cultist","floor":2,"turns":3},{"damage":0,"enemies":"2 Louse","floor":4,"turns":1},{"damage":6,"enemies":"Looter","floor":5,"turns":3},{"damage":0,"enemies":"Large Slime","floor":7,"turns":5},{"damage":10,"enemies":"Blue Slaver","floor":10,"turns":3},{"damage":5,"enemies":"Looter","floor":12,"turns":2},{"damage":10,"enemies":"3 Sentries","floor":13,"turns":6},{"damage":1,"enemies":"Exordium Thugs","floor":14,"turns":4},{"damage":19,"enemies":"The Guardian","floor":16,"turns":9},{"damage":15,"enemies":"Shell Parasite","floor":18,"turns":4},{"damage":0,"enemies":"Chosen","floor":19,"turns":3},{"damage":5,"enemies":"Snecko","floor":21,"turns":5},{"damage":40,"enemies":"Masked Bandits","floor":24,"turns":4},{"damage":15,"enemies":"3 Cultists","floor":28,"turns":4},{"damage":13,"enemies":"Centurion and Healer","floor":29,"turns":6}],"seed_played":"-5534803108632243272","potions_obtained":[{"floor":1,"key":"Fire Potion"},{"floor":2,"key":"Explosive Potion"},{"floor":12,"key":"Fire Potion"},{"floor":13,"key":"ColorlessPotion"},{"floor":28,"key":"Swift Potion"}],"is_trial":false,"path_per_floor":["M","M","?","M","M","R","M","R","T","M","R","M","E","M","R","B",null,"M","M","$","M","?","R","?","?","T","R","M","M"],"character_chosen":"DEFECT","items_purchased":["Defragment","Hologram"],"campfire_rested":3,"item_purchase_floors":[20,20],"current_hp_per_floor":[39,33,33,33,27,49,49,49,49,39,61,56,46,45,45,26,63,48,48,48,43,43,43,3,3,3,25,10,0,0],"gold":187,"neow_bonus":"ONE_RARE_RELIC","is_daily":false,"chose_seed":false,"campfire_upgraded":3,"win_rate":0.0,"timestamp":1610164134,"path_taken":["M","M","?","M","M","R","M","R","T","?","R","M","E","?","R","BOSS","M","M","$","M","?","R","?","?","T","R","M","?"],"items_purchased_type":["Card","Card"],"build_version":"2020-12-22","purchased_purges":1,"victory":false,"max_hp_per_floor":[75,75,75,75,75,75,75,75,75,75,75,75,75,75,75,75,75,75,75,75,75,75,75,75,75,75,75,75,75,75],"relic_stats":{"counters":[16,65],"Gambling Chip":[43],"Snecko Eye":[44,53,55,53],"Letter Opener":[20],"obtain_stats":[{"Gambling Chip":0,"Snecko Eye":17,"Incense Burner":9,"Red Mask":24,"Letter Opener":13,"Cracked Core":0,"Ancient Tea Set":26},{"Gambling Chip":0,"Snecko Eye":10,"Incense Burner":5,"Red Mask":14,"Letter Opener":8,"Cracked Core":0,"Ancient Tea Set":14},{"Gambling Chip":0,"Snecko Eye":39,"Incense Burner":15,"Red Mask":55,"Letter Opener":26,"Cracked Core":0,"Ancient Tea Set":55}]},"card_choices":[{"not_picked":["Stack","Chaos"],"picked":"Skim","floor":1},{"not_picked":["Hologram","Sunder"],"picked":"Ball Lightning","floor":2},{"not_picked":["Coolheaded","Reprogram"],"picked":"Auto Shields","floor":4},{"not_picked":["Compile Driver","Barrage"],"picked":"Steam","floor":5},{"not_picked":["Turbo","Cold Snap"],"picked":"Doom and Gloom","floor":7},{"not_picked":["Skim","Barrage"],"picked":"Melter","floor":10},{"not_picked":["Doom and Gloom","White Noise"],"picked":"Ball Lightning","floor":12},{"not_picked":["Steam","Rip and Tear"],"picked":"Go for the Eyes","floor":13},{"not_picked":["Thunder Strike","FTL"],"picked":"Compile Driver","floor":14},{"not_picked":["Meteor Strike","Thunder Strike"],"picked":"Creative AI","floor":16},{"not_picked":["Steam Power","Rebound"],"picked":"Consume+1","floor":18},{"not_picked":["Cold Snap","Static Discharge"],"picked":"Leap","floor":19},{"not_picked":["Blizzard","Beam Cell+1"],"picked":"Coolheaded","floor":21},{"not_picked":["Coolheaded","Storm"],"picked":"Reinforced Body","floor":24},{"not_picked":["Barrage+1","Steam"],"picked":"Static Discharge+1","floor":28}],"player_experience":455305,"relics_obtained":[{"floor":9,"key":"Incense Burner"},{"floor":13,"key":"Letter Opener"},{"floor":24,"key":"Red Mask"},{"floor":26,"key":"Ancient Tea Set"}],"event_choices":[{"damage_healed":0,"gold_gain":0,"player_choice":"Bought 0 Potions","damage_taken":0,"max_hp_gain":0,"max_hp_loss":0,"event_name":"The Woman in Blue","floor":3,"gold_loss":0},{"cards_removed":["Strike_B"],"damage_healed":0,"gold_gain":0,"player_choice":"Gave Gold","damage_taken":0,"max_hp_gain":0,"max_hp_loss":0,"event_name":"Beggar","floor":22,"gold_loss":75},{"damage_healed":0,"gold_gain":0,"player_choice":"Fought Bandits","damage_taken":0,"max_hp_gain":0,"max_hp_loss":0,"event_name":"Masked Bandits","floor":24,"gold_loss":0},{"damage_healed":0,"gold_gain":0,"player_choice":"Ignored","damage_taken":0,"max_hp_gain":0,"max_hp_loss":0,"event_name":"The Mausoleum","floor":25,"gold_loss":0}],"is_beta":false,"boss_relics":[{"not_picked":["Pandora\u0027s Box","Nuclear Battery"],"picked":"Snecko Eye"}],"items_purged_floors":[20],"is_endless":false,"potions_floor_spawned":[1,2,12,13,14,28],"killed_by":"Centurion and Healer","ascension_level":13}}