{"host":"r6da5kb9dzaaglw2","time":1610199258,"event":{"mods":["AchievementEnabler","BaseMod","Colored Powertips","Duelist Mod","GifTheSpireLib","Minty Spire (QoL Compilation)","StSLib"],"gold_per_floor":[143,103,123,48,48,77,97,126,150,165,115,131,159,169,169,267,267,284,284,301,99,14,40,40,68,120,134,134,149,99,126,126,223,223,240,295,89,89,104,138,155,187,187,267,287,299,333,333,333,333,333,333,135,169,169],"floor_reached":56,"playtime":5704,"items_purged":["theDuelist:Sparks","theDuelist:GravekeeperCurse","theDuelist:Sparks","theDuelist:Sparks","theDuelist:CastleWalls","theDuelist:CastleWalls"],"score":1627,"play_id":"04f7cc4a-b750-4034-9f3d-bf8b120c1c40","local_time":"20210109143418","is_ascension_mode":true,"campfire_choices":[{"data":"Madness","floor":15,"key":"SMITH"},{"data":"theDuelist:ExodiaNecross","floor":24,"key":"SMITH"},{"data":"theDuelist:LegendaryExodia","floor":28,"key":"SMITH"},{"floor":32,"key":"RECALL"},{"data":"theDuelist:ExodiaLL","floor":49,"key":"SMITH"},{"data":"theDuelist:ExodiaRA","floor":52,"key":"SMITH"}],"circlet_count":0,"master_deck":["theDuelist:DarkMagician","theDuelist:MysticalElf","theDuelist:MysticalElf","theDuelist:NeoMagic","theDuelist:NeoMagic","Madness+1","theDuelist:ExodiaRA+1","theDuelist:LegendaryExodia+1","theDuelist:WhiteHowling+1","theDuelist:ExodiaLL+1","theDuelist:ExodiaNecross+1","theDuelist:RainbowKuriboh+1","theDuelist:IrisEarthMother+1","theDuelist:InjectionFairy+1","theDuelist:SpiritHarp+1","theDuelist:Yami+1"],"relics":["theDuelist:MillenniumPuzzle","theDuelist:CardPoolRelic","theDuelist:CardPoolBasicRelic","theDuelist:BoosterPackPoolRelic","theDuelist:CardPoolAddRelic","theDuelist:CardPoolMinusRelic","theDuelist:CardPoolSaveRelic","theDuelist:CardPoolOptionsRelic","NeowsBlessing","theDuelist:MillenniumArmor","PreservedInsect","Smiling Mask","Omamori","Blood Vial","theDuelist:ElectricKey","ClockworkSouvenir","theDuelist:MillenniumRing","Happy Flower","theDuelist:ArmorPlateC","Lizard Tail","Sozu","theDuelist:ArmorPlateD","Frozen Eye","Art of War","CaptainsWheel","theDuelist:BlessingAnubis","Pear","theDuelist:SolderToken","theDuelist:StoneExxod","theDuelist:InversionRelic"],"acts_visited":["Exordium","TheCity","TheBeyond","TheEnding"],"potions_floor_usage":[16,23,23,25,29,36,55],"damage_taken":[{"damage":0.0,"enemies":"Small Slimes","floor":1.0,"turns":1.0},{"damage":0.0,"enemies":"Jaw Worm","floor":3.0,"turns":1.0},{"damage":0.0,"enemies":"Lagavulin","floor":6.0,"turns":1.0},{"damage":0,"enemies":"2 Louse","floor":7,"turns":3},{"damage":0,"enemies":"Gremlin Nob","floor":8,"turns":3},{"damage":0,"enemies":"2 Fungi Beasts","floor":10,"turns":3},{"damage":0,"enemies":"Exordium Thugs","floor":12,"turns":7},{"damage":6,"enemies":"3 Sentries","floor":13,"turns":5},{"damage":0,"enemies":"Lots of Slimes","floor":14,"turns":5},{"damage":15,"enemies":"Hexaghost","floor":16,"turns":8},{"damage":15,"enemies":"Chosen","floor":18,"turns":5},{"damage":0,"enemies":"Shell Parasite","floor":20,"turns":6},{"damage":14,"enemies":"Gremlin Leader","floor":23,"turns":7},{"damage":0,"enemies":"Book of Stabbing","floor":25,"turns":4},{"damage":0,"enemies":"Cultist and Chosen","floor":27,"turns":6},{"damage":0,"enemies":"Sentry and Sphere","floor":29,"turns":4},{"damage":0,"enemies":"theDuelist:KaibaA2","floor":31,"turns":4},{"damage":46,"enemies":"Automaton","floor":33,"turns":13},{"damage":0,"enemies":"3 Shapes","floor":35,"turns":3},{"damage":40,"enemies":"2 Orb Walkers","floor":36,"turns":5},{"damage":0,"enemies":"3 Darklings","floor":39,"turns":7},{"damage":16,"enemies":"Reptomancer","floor":40,"turns":8},{"damage":0,"enemies":"Spire Growth","floor":41,"turns":5},{"damage":0,"enemies":"Giant Head","floor":42,"turns":9},{"damage":0,"enemies":"Maw","floor":45,"turns":6},{"damage":13,"enemies":"Transient","floor":46,"turns":5},{"damage":0,"enemies":"Reptomancer","floor":47,"turns":4},{"damage":0,"enemies":"Donu and Deca","floor":50,"turns":13},{"damage":0,"enemies":"Shield and Spear","floor":54,"turns":5},{"damage":25,"enemies":"The Heart","floor":55,"turns":10}],"seed_played":"8084015916666969417","potions_obtained":[{"floor":1.0,"key":"theDuelist:WaterBottle"},{"floor":10,"key":"EssenceOfDarkness"},{"floor":12,"key":"SmokeBomb"},{"floor":14,"key":"theDuelist:VoidBottle"},{"floor":16,"key":"theDuelist:TokenPotion"},{"floor":20,"key":"theDuelist:SealedPackB"},{"floor":25,"key":"theDuelist:SealedPackD"},{"floor":29,"key":"theDuelist:BigTributeBottle"},{"floor":31,"key":"theDuelist:IcePotion"}],"is_trial":false,"path_per_floor":["M","$","M","$","?","E","M","E","T","M","$","M","E","M","R","B",null,"M","?","M","$","?","E","R","E","T","M","R","M","$","E","R","B",null,"M","?","$","?","M","E","M","E","T","T","M","M","E","?","R","B",null,"R","$","E","B",null],"character_chosen":"THE_DUELIST","items_purchased":["theDuelist:ExodiaRA","ClockworkSouvenir","Frozen Eye","theDuelist:StoneExxod"],"campfire_rested":0,"item_purchase_floors":[2,21,37,53],"current_hp_per_floor":[80,80,80,80,80,80,80,80,80,80,80,80,74,76,76,63,80,65,50,52,52,52,40,40,42,42,44,44,46,46,48,48,4,85,85,45,45,45,47,33,35,37,37,47,59,48,50,50,50,72,95,95,95,95,83],"gold":169,"neow_bonus":"THREE_ENEMY_KILL","is_daily":false,"chose_seed":false,"campfire_upgraded":5,"win_rate":0.0,"timestamp":1610199258,"path_taken":["M","$","M","$","?","E","M","E","T","M","?","M","E","M","R","BOSS","M","?","M","$","?","E","R","E","T","M","R","M","?","E","R","BOSS","M","?","$","?","M","E","?","E","T","?","M","?","E","?","R","BOSS","R","$","E","BOSS"],"items_purchased_type":["Card","Relic","Relic","Relic"],"build_version":"2020-12-22","purchased_purges":6,"victory":true,"max_hp_per_floor":[80,80,80,80,80,80,80,80,80,80,80,80,80,80,80,80,80,80,85,85,85,85,85,85,85,85,85,85,85,85,85,85,85,85,85,85,85,85,85,85,85,85,85,95,95,95,95,95,95,95,95,95,95,95,95],"card_choices":[{"not_picked":["theDuelist:FrostOrbCard","theDuelist:StormOrbCard"],"picked":"theDuelist:SummonerOrbCard","floor":1.0},{"not_picked":["theDuelist:SangaThunder","theDuelist:SilentDoom"],"picked":"theDuelist:LegendaryExodia","floor":3.0},{"not_picked":["theDuelist:NeoMagic","theDuelist:CallAtlanteans","theDuelist:DarkMagicianGirl"],"picked":"SKIP","floor":6.0},{"not_picked":["theDuelist:BadReaction+1","theDuelist:MagiciansRobe+1","theDuelist:MindAir+1","theDuelist:VoidVanishment+1"],"picked":"theDuelist:WhiteHowling+1","floor":7},{"not_picked":["theDuelist:Blockman","theDuelist:DarklordSuperbia","theDuelist:DestroyerGolem","theDuelist:MillenniumGolem","theDuelist:ForbiddenLance"],"picked":"SKIP","floor":8},{"not_picked":["theDuelist:BlizzardWarrior","theDuelist:AncientElf","theDuelist:MysticalElf","theDuelist:OnslaughtFireKings","theDuelist:AltarTribute"],"picked":"SKIP","floor":10},{"not_picked":["theDuelist:InjectionFairy","theDuelist:NeoMagic","theDuelist:SangaThunder","theDuelist:BlizzardWarrior","theDuelist:MagicalBlast"],"picked":"SKIP","floor":12},{"not_picked":["theDuelist:DarkMagician","theDuelist:AltarTribute","theDuelist:DarkMagicianGirl","theDuelist:OnslaughtFireKings"],"picked":"theDuelist:ExodiaLL","floor":13},{"not_picked":["theDuelist:BattleOx","theDuelist:FutureFusion","theDuelist:PurplePainOni","theDuelist:Terraforming","theDuelist:FeatherPho"],"picked":"SKIP","floor":14},{"not_picked":["theDuelist:VoidVanishment","theDuelist:IrisEarthMother","theDuelist:Wildfire","theDuelist:ExodiaHead"],"picked":"theDuelist:ExodiaNecross","floor":16},{"not_picked":["theDuelist:InjectionFairy+1","theDuelist:BlizzardPrincess","theDuelist:InfernoFireBlast","theDuelist:CosmicHorrorGangiel","theDuelist:DarkPaladin"],"picked":"SKIP","floor":18},{"not_picked":["theDuelist:DarkMagician","theDuelist:SpellShatteringArrow","theDuelist:BlizzardPrincess","theDuelist:NeoMagic","theDuelist:SangaEarth"],"picked":"SKIP","floor":20},{"not_picked":["theDuelist:GilfordLegend","theDuelist:StrayLambs+1","theDuelist:GreenGraveOni","theDuelist:Electrowhip","theDuelist:BattleFootballer"],"picked":"SKIP","floor":23},{"not_picked":["theDuelist:DarkMagician","theDuelist:InjectionFairy","theDuelist:NeoMagic","theDuelist:SpellShatteringArrow","theDuelist:BlizzardWarrior"],"picked":"SKIP","floor":25},{"not_picked":["theDuelist:MudragonSwamp+1","theDuelist:Cloning+1","theDuelist:Sangan","theDuelist:FeatherPho+1","theDuelist:HeavyStorm"],"picked":"SKIP","floor":27},{"not_picked":["theDuelist:BattleOx","theDuelist:LightningDarts","theDuelist:MillenniumGolem+1","theDuelist:Sangan+1","theDuelist:Raigeki"],"picked":"SKIP","floor":29},{"not_picked":["theDuelist:GateGuardian","theDuelist:SwordsBurning+1","theDuelist:ThousandEyesRestrict","theDuelist:DarkPaladin+1","theDuelist:QueenDragunDjinn"],"picked":"SKIP","floor":31},{"not_picked":["theDuelist:RainbowMagician","theDuelist:IrisEarthMother","theDuelist:RainbowDarkDragon","theDuelist:RainbowOverdragon"],"picked":"theDuelist:RainbowKuriboh","floor":33},{"not_picked":["theDuelist:SangaThunder","theDuelist:SpellShatteringArrow","theDuelist:ThousandEyesIdol+1","theDuelist:CallAtlanteans+1","theDuelist:DoomShaman"],"picked":"SKIP","floor":35},{"not_picked":["theDuelist:Graverobber","theDuelist:IcyCrevasse+1","theDuelist:AltarTribute","theDuelist:DarkHorizon+1","theDuelist:StatueAnguishPattern+1"],"picked":"SKIP","floor":39},{"not_picked":["theDuelist:SangaWater+1","theDuelist:ThousandEyesRestrict+1"],"picked":"theDuelist:IrisEarthMother+1","floor":40},{"not_picked":["theDuelist:HellfireOrbCard","theDuelist:ReducerOrbCard","theDuelist:AlienOrbCard","theDuelist:ShadowOrbCard","theDuelist:WhiteOrbCard"],"picked":"SKIP","floor":41},{"not_picked":["theDuelist:OnslaughtFireKings+1","theDuelist:Illusionist","theDuelist:FairyBox+1","theDuelist:CircleFireKings+1"],"picked":"theDuelist:InjectionFairy+1","floor":42},{"not_picked":["theDuelist:InjectionFairy","theDuelist:AltarTribute+1","theDuelist:SangaThunder+1","theDuelist:OnslaughtFireKings+1"],"picked":"theDuelist:SpiritHarp+1","floor":45},{"not_picked":["theDuelist:SpellShatteringArrow","theDuelist:CallAtlanteans+1","theDuelist:VoidExpansion+1","theDuelist:BookSecret"],"picked":"theDuelist:Yami+1","floor":46},{"not_picked":["theDuelist:RainbowMagician","theDuelist:IrisEarthMother","theDuelist:RainbowDarkDragon","theDuelist:RainbowKuriboh+1","theDuelist:RainbowOverdragon+1"],"picked":"SKIP","floor":47},{"not_picked":["theDuelist:DarklordSuperbia+1","theDuelist:EvilswarmHeliotrope+1","theDuelist:Hinotama+5","theDuelist:LightningDarts+11","theDuelist:ClearKuriboh+2"],"picked":"SKIP","floor":54}],"player_experience":482962,"relics_obtained":[{"floor":6.0,"key":"PreservedInsect"},{"floor":8,"key":"Smiling Mask"},{"floor":9,"key":"Omamori"},{"floor":13,"key":"Blood Vial"},{"floor":23,"key":"Happy Flower"},{"floor":25,"key":"theDuelist:ArmorPlateC"},{"floor":31,"key":"Lizard Tail"},{"floor":36,"key":"theDuelist:ArmorPlateD"},{"floor":40,"key":"Art of War"},{"floor":42,"key":"CaptainsWheel"},{"floor":43,"key":"theDuelist:BlessingAnubis"},{"floor":44,"key":"Pear"},{"floor":47,"key":"theDuelist:SolderToken"},{"floor":54,"key":"theDuelist:InversionRelic"}],"event_choices":[{"damage_healed":0.0,"max_hp_gain":0.0,"max_hp_loss":0.0,"gold_gain":0.0,"event_name":"Millennium Items","player_choice":"Took item - Received: Millennium Armor","duelist":true,"floor":5.0,"gold_loss":0.0,"damage_taken":0.0},{"damage_healed":0,"gold_gain":0,"player_choice":"Shed Blood","damage_taken":20,"max_hp_gain":5,"max_hp_loss":0,"event_name":"Forgotten Altar","floor":19,"gold_loss":0},{"damage_healed":0,"gold_gain":0,"player_choice":"Obtained Relic","damage_taken":0,"relics_obtained":["theDuelist:MillenniumRing"],"max_hp_gain":0,"max_hp_loss":0,"event_name":"Addict","floor":22,"gold_loss":85},{"damage_healed":0,"gold_gain":0,"player_choice":"Fight","damage_taken":0,"max_hp_gain":0,"max_hp_loss":0,"event_name":"Mysterious Sphere","floor":36,"gold_loss":0},{"damage_healed":0,"gold_gain":0,"player_choice":"Upgraded","damage_taken":0,"max_hp_gain":0,"max_hp_loss":0,"event_name":"Upgrade Shrine","floor":38,"gold_loss":0,"cards_upgraded":["theDuelist:RainbowKuriboh"]},{"damage_healed":0,"gold_gain":0,"player_choice":"Ignored","damage_taken":0,"max_hp_gain":0,"max_hp_loss":0,"event_name":"Tomb of Lord Red Mask","floor":48,"gold_loss":0}],"is_beta":false,"boss_relics":[{"not_picked":["Runic Cube","HoveringKite"],"picked":"theDuelist:ElectricKey"},{"not_picked":["Velvet Choker","Black Star"],"picked":"Sozu"}],"items_purged_floors":[4,11,21,30,37,53],"is_endless":false,"potions_floor_spawned":[1,10,12,14,16,20,25,29,31,36,39,41,42,47],"ascension_level":1}}