{"host":"acczert1kscx59ut","time":1610155143,"event":{"mods":["AchievementEnabler","Act Like it!","Aspiration","Astrologer","BaseMod","Beaked The Cultist","Bestiary","BetterRewards","ChefMod","Clockwork Mod","Conspire","Decade(???)","Dio Mod","Downfall","Duelist Mod","Elementarium","Energized Spire","Gensokyo","GifTheSpireLib","Glutton Mod","Gold Saver","Gremlin Mod","GungeonMod","Hallownest","Hermit","Hero for Fun","Hubris","Infinite Spire","Jedi Mod","Jorbs\u0027s Wanderer Trilogy","Koishi","Mad Scientist","Magitek Elite","Melee Mod","Minty Spire (QoL Compilation)","Quick Restart","Replay The Spire","Robot Space Explorer","Shade Mod","Shedinja","Shop Mod","Somnambulant","Spicy Shops","Spikes Relics","StSLib","Stuff the Spire","SuperFastMode","Td1madao Mod","The Animator","The Blackbeard","The Bug Knight","The Clintock","The Construct","The Cursed","The Death Knight","The Disciple","The Dragon Tamer","The Exalted","The Factory","The Forsaken","The Gatherer","The Hayseed","The Hierophant","The Judge","The Jungle","The Kombatant","The Necromancer","The Problem Sleuth","The Runesmith","The Sage","The Showman","The Trickster","The Valiant","The Vixen","The Wild Card","TheFirefly","Transform Curses","Wandering Minibosses","[IsaacMod]????","thorton","vexMod"],"gold_per_floor":[132,152,163,163,183,183,183,183,183,200,225,2,2,29,29,127,127,137,137,147,147,76,109,125,125,205,205,205,205],"floor_reached":28,"playtime":2339,"items_purged":[],"score":296,"play_id":"0b14492f-2b6c-413d-8057-9089a47495b0","local_time":"20210108201903","is_ascension_mode":false,"campfire_choices":[{"data":"Clockwork:PerfectForm","floor":6.0,"key":"SMITH"},{"floor":8.0,"key":"REST"},{"data":"Clockwork:ElasticNanites","floor":13,"key":"SMITH"},{"data":"Clockwork:Improve","floor":15,"key":"SMITH"}],"circlet_count":0,"master_deck":["Clockwork:Strike","Clockwork:Strike","Clockwork:Strike","Clockwork:Strike","Clockwork:Shield","Clockwork:Shield","Clockwork:Shield","Clockwork:Shield","Clockwork:Tinker","Clockwork:WarmUp","Clockwork:CogBarrier","Clockwork:ChargingShield","Clockwork:SnapKeep","Clockwork:PerfectForm+1","Clockwork:EnthusiasticStrike","Clockwork:Randomization","WordoMod:Petrified","Clockwork:ElasticNanites+1","ReplayTheSpireMod:IOU","Clockwork:Scour","Clockwork:Improve+1","Clockwork:TimeWalk","Clockwork:CogToss+1","Clockwork:Pluck+1","Clockwork:HeadStart","Clockwork:MechanicalMass+1","Clockwork:HeadStart+1"],"relics":["Clockwork:MomentumEngine","HushsDoor","BFFS","DeathKnight:PutricidesVial","GuppysTail","ReplayTheSpireMod:CursedCoin","Replay:Wax Seal","Simple Rune","UnicornStump","construct:ClawGrip","Art of War","aspiration:ChemicalBlood","Rawhide","Cauldron"],"acts_visited":["Exordium","TheCity"],"potions_floor_usage":[11,11,27,28],"damage_taken":[{"damage":15.0,"enemies":"Cultist","floor":1.0,"turns":6.0},{"damage":11.0,"enemies":"2 Louse","floor":2.0,"turns":6.0},{"damage":15.0,"enemies":"Jaw Worm","floor":3.0,"turns":8.0},{"damage":9.0,"enemies":"Blue Slaver","floor":5.0,"turns":9.0},{"damage":0.0,"enemies":"2 Fungi Beasts","floor":10.0,"turns":6.0},{"damage":0,"enemies":"Gremlin Nob","floor":11,"turns":6},{"damage":9,"enemies":"3 Sentries","floor":14,"turns":13},{"damage":14,"enemies":"The Guardian","floor":16,"turns":7},{"damage":15,"enemies":"conspire:FuzzyDice","floor":18,"turns":8},{"damage":10,"enemies":"Spheric Guardian","floor":20,"turns":4},{"damage":24,"enemies":"Replay:Snechameleon","floor":23,"turns":8},{"damage":5,"enemies":"Chosen and Byrds","floor":24,"turns":8},{"damage":70,"enemies":"Gremlin Leader","floor":28,"turns":4}],"seed_played":"8169993382320449098","potions_obtained":[{"floor":2.0,"key":"BlessingOfTheForge"},{"floor":5.0,"key":"SpeedPotion"},{"floor":10,"key":"FearPotion"},{"floor":14,"key":"EssenceOfSteel"},{"floor":23,"key":"FearPotion"},{"floor":27,"key":"Fruit Juice"},{"floor":27,"key":"Flashbang"},{"floor":27,"key":"conspire:TimeTravelPotion"},{"floor":27,"key":"sneckomod:MuddlingPotion"}],"is_trial":false,"path_per_floor":["M","M","M","?","M","R","?","R","T","M","E","$","R","E","R","B",null,"M","?","M","?","$","E","M","R","T","AVR","E"],"character_chosen":"CLOCKWORK","items_purchased":["ReplayTheSpireMod:CursedCoin","Clockwork:ElasticNanites","Replay:Wax Seal","Simple Rune","Clockwork:Scour","Clockwork:HeadStart"],"campfire_rested":1,"item_purchase_floors":[12,12,12,12,12,22],"current_hp_per_floor":[78,67,52,52,43,43,43,70,70,70,70,70,70,61,61,47,93,78,78,68,68,68,44,39,39,39,44,0,0],"gold":205,"neow_bonus":"TEN_PERCENT_HP_BONUS","is_daily":false,"chose_seed":false,"campfire_upgraded":3,"win_rate":0.0,"timestamp":1610155143,"path_taken":["M","?","M","?","M","R","?","R","T","M","E","$","R","E","R","BOSS","M","?","M","?","$","E","?","R","T","AVR","E"],"items_purchased_type":["Relic","Card","Relic","Relic","Card","Card"],"build_version":"2020-12-22","purchased_purges":0,"victory":false,"max_hp_per_floor":[93,93,93,93,93,93,93,93,93,93,93,93,93,93,93,93,93,93,93,93,93,93,93,93,93,93,98,98,98],"card_choices":[{"not_picked":[],"picked":"Bomb","floor":0.0},{"not_picked":["Clockwork:CogShield","Clockwork:ForgeStrike"],"picked":"Clockwork:CogBarrier","floor":1.0},{"not_picked":["Clockwork:AdaptiveCannon","Clockwork:SmithsMallet"],"picked":"Clockwork:ChargingShield","floor":2.0},{"not_picked":["Clockwork:Friction","Clockwork:InertialShield"],"picked":"Clockwork:SnapKeep","floor":3.0},{"not_picked":["Clockwork:InertialShield","Clockwork:SystemHardening"],"picked":"Clockwork:PerfectForm","floor":5.0},{"not_picked":["Clockwork:SnapKeep","Clockwork:AdaptiveCannon"],"picked":"Clockwork:EnthusiasticStrike","floor":10},{"not_picked":["Clockwork:SystemScan","Clockwork:RitualDaggerMk0"],"picked":"Clockwork:Randomization","floor":11},{"not_picked":["Clockwork:SystemScan","Clockwork:Enhance"],"picked":"Clockwork:Improve","floor":14},{"not_picked":["Clockwork:KaliMa","Clockwork:CraftMomentumEngine"],"picked":"Clockwork:TimeWalk","floor":16},{"not_picked":["Clockwork:RitualDaggerMk0","Clockwork:SpurOn"],"picked":"Clockwork:CogToss+1","floor":18},{"not_picked":["Clockwork:SearingStrike","Clockwork:SystemScan+1"],"picked":"Clockwork:Pluck+1","floor":20},{"not_picked":["Clockwork:Minimalism","Clockwork:ForgeStrike"],"picked":"Clockwork:MechanicalMass+1","floor":23},{"not_picked":["Clockwork:CraftQuicksilverHourglass","Clockwork:ChargingBlade"],"picked":"Clockwork:HeadStart+1","floor":24}],"player_experience":224946,"relics_obtained":[{"floor":9.0,"key":"DeathKnight:PutricidesVial"},{"floor":11,"key":"GuppysTail"},{"floor":14,"key":"UnicornStump"},{"floor":23,"key":"aspiration:ChemicalBlood"},{"floor":26,"key":"Rawhide"}],"event_choices":[{"damage_healed":0.0,"max_hp_gain":0.0,"max_hp_loss":0.0,"gold_gain":0.0,"event_name":"The Woman in Blue","player_choice":"Bought 0 Potions","floor":4.0,"gold_loss":0.0,"damage_taken":0.0},{"damage_healed":0,"gold_gain":0,"player_choice":"Gave Potion","damage_taken":0,"relics_obtained":["Art of War"],"max_hp_gain":0,"max_hp_loss":0,"event_name":"WeMeetAgain","floor":19,"gold_loss":0},{"damage_healed":0,"gold_gain":0,"player_choice":"Ignored","damage_taken":0,"max_hp_gain":0,"max_hp_loss":0,"event_name":"Beggar","floor":21,"gold_loss":0}],"is_beta":false,"boss_relics":[{"not_picked":["aspiration:BeakedSkillbook","StuffTheSpire:Kangaroo"],"picked":"construct:ClawGrip"},{"not_picked":[]}],"items_purged_floors":[],"is_endless":false,"potions_floor_spawned":[2,5,10,14,23],"killed_by":"Gremlin Leader","ascension_level":0}}