{"host":"x205naxbihvu3p76","time":1610178858,"event":{"mods":["AchievementEnabler","BaseMod","Minty Spire (QoL Compilation)","StSLib","SuperFastMode"],"gold_per_floor":[117,42,42,42,42,76,76,110,110,137,147,147,147,157,157,257,257,268,116,41,53,53,88,88,123,123,123,136,153,166,183,183,286,286,298,348,360,360,360,395,395,46,46,66,91,0,0,10,10,10],"floor_reached":51,"playtime":1889,"items_purged":["Strike_P"],"score":886,"play_id":"fb4edf28-df54-4df6-8f33-679f33b52062","local_time":"20210109165418","is_ascension_mode":false,"campfire_choices":[{"data":"Eruption","floor":7,"key":"SMITH"},{"data":"EmptyBody","floor":13,"key":"SMITH"},{"data":"FollowUp","floor":15,"key":"SMITH"},{"data":"Tantrum","floor":27,"key":"SMITH"},{"data":"Ragnarok","floor":32,"key":"SMITH"},{"data":"Strike_P","floor":47,"key":"PURGE"},{"data":"Ragnarok","floor":49,"key":"SMITH"}],"circlet_count":0,"master_deck":["Defend_P","Defend_P","Defend_P","Eruption+1","Vigilance","Protect+1","Halt+1","EmptyBody+1","FollowUp+1","Ragnarok+1","SandsOfTime+1","Ragnarok+1","EmptyMind","EmptyBody+1","Tantrum+1","Indignation+1","BattleHymn+1","Wallop","Protect","ReachHeaven","Vault","Adaptation+1","Trip","Apotheosis","Decay","WreathOfFlame+1"],"relics":["PureWater","NeowsBlessing","InkBottle","FossilizedHelix","Ancient Tea Set","Tiny Chest","Snecko Eye","Orrery","Pear","Bronze Scales","War Paint","Cursed Key","Peace Pipe","Prayer Wheel","Bag of Preparation","Pantograph","Frozen Egg 2","Red Mask"],"acts_visited":["Exordium","TheCity","TheBeyond"],"potions_floor_usage":[16,16,16,29,33,50,50,50],"damage_taken":[{"damage":0,"enemies":"Cultist","floor":1,"turns":1},{"damage":0,"enemies":"Gremlin Nob","floor":6,"turns":1},{"damage":0,"enemies":"Lagavulin","floor":8,"turns":1},{"damage":25,"enemies":"3 Sentries","floor":10,"turns":20},{"damage":0,"enemies":"Jaw Worm","floor":11,"turns":4},{"damage":0,"enemies":"Small Slimes","floor":14,"turns":3},{"damage":20,"enemies":"The Guardian","floor":16,"turns":14},{"damage":0,"enemies":"Chosen","floor":18,"turns":3},{"damage":0,"enemies":"Spheric Guardian","floor":21,"turns":2},{"damage":0,"enemies":"Gremlin Leader","floor":23,"turns":2},{"damage":6,"enemies":"Book of Stabbing","floor":25,"turns":3},{"damage":0,"enemies":"Centurion and Healer","floor":28,"turns":1},{"damage":0,"enemies":"Sentry and Sphere","floor":29,"turns":3},{"damage":0,"enemies":"Shelled Parasite and Fungi","floor":30,"turns":2},{"damage":0,"enemies":"Centurion and Healer","floor":31,"turns":3},{"damage":45,"enemies":"Automaton","floor":33,"turns":7},{"damage":6,"enemies":"3 Shapes","floor":35,"turns":2},{"damage":0,"enemies":"Mind Bloom Boss Battle","floor":36,"turns":3},{"damage":0,"enemies":"Orb Walker","floor":37,"turns":2},{"damage":0,"enemies":"Nemesis","floor":40,"turns":4},{"damage":0,"enemies":"Jaw Worm Horde","floor":44,"turns":2},{"damage":0,"enemies":"Reptomancer","floor":45,"turns":4},{"damage":0,"enemies":"Transient","floor":48,"turns":6},{"damage":68,"enemies":"Donu and Deca","floor":50,"turns":8}],"seed_played":"1762425914898467114","potions_obtained":[{"floor":11,"key":"PowerPotion"},{"floor":14,"key":"EntropicBrew"},{"floor":23,"key":"DistilledChaos"},{"floor":30,"key":"PowerPotion"},{"floor":33,"key":"BlessingOfTheForge"},{"floor":44,"key":"Block Potion"}],"is_trial":false,"path_per_floor":["M","$","?","?","?","E","R","E","T","E","M","?","R","M","R","B",null,"M","$","?","M","?","E","T","E","T","R","M","M","M","M","R","B",null,"M","?","M","?","T","E","?","$","T","M","E","?","R","M","R","B",null],"character_chosen":"WATCHER","items_purchased":["Orrery","Bag of Preparation","Apotheosis"],"campfire_rested":0,"item_purchase_floors":[19,42,42],"current_hp_per_floor":[72,72,72,65,70,70,70,70,70,45,45,45,45,45,45,25,77,77,77,77,77,77,87,87,81,81,81,81,81,81,81,81,36,87,81,81,81,81,81,81,81,81,81,81,81,81,81,81,81,15],"gold":10,"neow_bonus":"THREE_ENEMY_KILL","is_daily":false,"chose_seed":false,"campfire_upgraded":6,"win_rate":0.0,"timestamp":1610178858,"path_taken":["M","$","?","?","?","E","R","E","T","E","M","?","R","M","R","BOSS","M","$","?","M","?","E","?","E","T","R","?","M","M","M","R","BOSS","M","?","M","?","?","E","?","$","T","M","E","?","R","M","R","BOSS"],"items_purchased_type":["Relic","Relic","Card"],"build_version":"2020-12-22","purchased_purges":1,"victory":true,"max_hp_per_floor":[72,72,72,72,77,77,77,77,77,77,77,77,77,77,77,77,77,77,77,77,77,77,87,87,87,87,87,87,87,87,87,87,87,87,87,87,87,87,87,87,83,83,83,83,83,83,83,83,83,83],"card_choices":[{"not_picked":["ThirdEye","Nirvana","Protect"],"picked":"SKIP","floor":1},{"not_picked":["JustLucky","InnerPeace"],"picked":"Halt","floor":6},{"not_picked":["Judgement","FlurryOfBlows"],"picked":"EmptyBody","floor":8},{"not_picked":["Vengeance","Protect","Fasting2"],"picked":"SKIP","floor":10},{"not_picked":["FollowUp","CutThroughFate","Protect"],"picked":"SKIP","floor":11},{"not_picked":["PathToVictory","ThirdEye"],"picked":"FollowUp","floor":14},{"not_picked":["DevaForm","Blasphemy"],"picked":"Ragnarok","floor":16},{"not_picked":["JustLucky","CutThroughFate","SashWhip"],"picked":"SKIP","floor":18},{"not_picked":["Worship","Swivel"],"picked":"SandsOfTime+1","floor":19},{"not_picked":["ThirdEye","TalkToTheHand"],"picked":"Ragnarok","floor":19},{"not_picked":["Evaluate+1","Nirvana"],"picked":"EmptyMind","floor":19},{"not_picked":["JustLucky+1","Tantrum"],"picked":"EmptyBody+1","floor":19},{"not_picked":["Pray","Nirvana"],"picked":"Tantrum","floor":19},{"not_picked":["SashWhip","FearNoEvil","Perseverance"],"picked":"SKIP","floor":21},{"not_picked":["Prostrate+1","Crescendo","Pray"],"picked":"SKIP","floor":23},{"not_picked":["CarveReality","EmptyFist"],"picked":"Indignation+1","floor":25},{"not_picked":["EmptyBody","BowlingBash+1"],"picked":"BattleHymn+1","floor":28},{"not_picked":["Establishment","FollowUp"],"picked":"Wallop","floor":29},{"not_picked":["WaveOfTheHand","FollowUp"],"picked":"Protect","floor":30},{"not_picked":["Evaluate+1","TalkToTheHand"],"picked":"ReachHeaven","floor":31},{"not_picked":["Devotion","DeusExMachina"],"picked":"Vault","floor":33},{"not_picked":["FearNoEvil+1","EmptyFist","InnerPeace+1"],"picked":"SKIP","floor":35},{"not_picked":["EmptyBody+1","SashWhip+1"],"picked":"Adaptation+1","floor":36},{"not_picked":["Study+1","EmptyBody+1","Indignation"],"picked":"SKIP","floor":37},{"not_picked":["The Bomb","Metamorphosis"],"picked":"Trip","floor":38},{"not_picked":["Indignation+1","FlurryOfBlows","Halt+1"],"picked":"SKIP","floor":40},{"not_picked":["PathToVictory+1","Crescendo+1","InnerPeace"],"picked":"SKIP","floor":44},{"not_picked":["FearNoEvil+1","CutThroughFate+1","Halt+1"],"picked":"SKIP","floor":44},{"not_picked":["Pray","LessonLearned"],"picked":"WreathOfFlame+1","floor":45},{"not_picked":["Prostrate+1","Evaluate","EmptyFist"],"picked":"SKIP","floor":48},{"not_picked":["Consecrate","EmptyFist","WheelKick+1"],"picked":"SKIP","floor":48}],"player_experience":957052,"relics_obtained":[{"floor":6,"key":"InkBottle"},{"floor":8,"key":"FossilizedHelix"},{"floor":9,"key":"Ancient Tea Set"},{"floor":10,"key":"Tiny Chest"},{"floor":23,"key":"Pear"},{"floor":25,"key":"Bronze Scales"},{"floor":26,"key":"War Paint"},{"floor":36,"key":"Peace Pipe"},{"floor":40,"key":"Prayer Wheel"},{"floor":43,"key":"Pantograph"},{"floor":45,"key":"Frozen Egg 2"}],"event_choices":[{"damage_healed":0,"gold_gain":0,"cards_transformed":["Strike_P"],"player_choice":"Change","damage_taken":0,"max_hp_gain":0,"max_hp_loss":0,"event_name":"Living Wall","floor":3,"gold_loss":0,"cards_obtained":["Protect"]},{"cards_removed":["Defend_P"],"damage_healed":0,"gold_gain":0,"player_choice":"Card Removal","damage_taken":7,"max_hp_gain":0,"max_hp_loss":0,"event_name":"Golden Wing","floor":4,"gold_loss":0},{"damage_healed":0,"gold_gain":0,"player_choice":"Donut","damage_taken":0,"max_hp_gain":5,"max_hp_loss":0,"event_name":"Big Fish","floor":5,"gold_loss":0},{"damage_healed":0,"gold_gain":0,"player_choice":"Ignored","damage_taken":0,"max_hp_gain":0,"max_hp_loss":0,"event_name":"Shining Light","floor":12,"gold_loss":0},{"cards_removed":["Strike_P"],"damage_healed":0,"gold_gain":0,"player_choice":"Gave Gold","damage_taken":0,"max_hp_gain":0,"max_hp_loss":0,"event_name":"Beggar","floor":20,"gold_loss":75},{"damage_healed":0,"gold_gain":0,"player_choice":"Fight","damage_taken":0,"max_hp_gain":0,"max_hp_loss":0,"event_name":"MindBloom","floor":36,"gold_loss":0},{"damage_healed":0,"gold_gain":0,"player_choice":"Memory 1","damage_taken":0,"max_hp_gain":0,"max_hp_loss":0,"event_name":"SensoryStone","floor":38,"gold_loss":0},{"damage_healed":0,"gold_gain":0,"player_choice":"Max HP","damage_taken":0,"max_hp_gain":0,"max_hp_loss":4,"event_name":"Winding Halls","floor":41,"gold_loss":0},{"damage_healed":0,"gold_gain":0,"player_choice":"Paid","damage_taken":0,"relics_obtained":["Red Mask"],"max_hp_gain":0,"max_hp_loss":0,"event_name":"Tomb of Lord Red Mask","floor":46,"gold_loss":91}],"is_beta":false,"boss_relics":[{"not_picked":["Runic Dome","Empty Cage"],"picked":"Snecko Eye"},{"not_picked":["Coffee Dripper","Philosopher\u0027s Stone"],"picked":"Cursed Key"}],"items_purged_floors":[2],"is_endless":false,"potions_floor_spawned":[11,14,23,30,31,33,35,44],"ascension_level":0}}