{"host":"qrt7o4dq2qslzw13","time":1610210913,"event":{"mods":["AchievementEnabler","BaseMod","Colored Map","Colored Powertips","Minty Spire (QoL Compilation)","Quick Restart","StSLib","SuperFastMode"],"gold_per_floor":[115,115,115,190,190,190,216,228,228,241,241,254,272,272,272,373,373,384,384,400,414,426,456,456,473,473,484,484,499,499,510,510,612,612,626,644,524,539,555,555,28,78,150,150,150,3,3,0,0,0,0,0,0,31,31,31],"floor_reached":55,"playtime":2092,"items_purged":[],"score":664,"play_id":"6dff4a83-f5c1-4a51-881c-b25a836acaa8","local_time":"20210109114833","is_ascension_mode":false,"campfire_choices":[{"floor":6.0,"key":"REST"},{"data":"Choke","floor":11.0,"key":"SMITH"},{"data":"Terror","floor":15.0,"key":"SMITH"},{"data":"Slice","floor":24.0,"key":"SMITH"},{"data":"Cloak And Dagger","floor":28.0,"key":"SMITH"},{"data":"Bullet Time","floor":30.0,"key":"SMITH"},{"floor":32.0,"key":"REST"},{"floor":40.0,"key":"REST"},{"data":"Night Terror","floor":45.0,"key":"SMITH"},{"floor":49.0,"key":"RECALL"},{"data":"Wraith Form v2","floor":52.0,"key":"SMITH"}],"circlet_count":0,"master_deck":["Survivor","Neutralize","CurseOfTheBell","Slice+1","Choke+1","All Out Attack","Flying Knee","Bullet Time+1","Cloak And Dagger+1","Terror+1","Night Terror+1","Finisher+1","Sucker Punch","Acrobatics+1","Deflect+1","Backstab","Blade Dance+1","PiercingWail","PiercingWail","Malaise","PiercingWail","Catalyst","Terror","Wraith Form v2+1","Grand Finale","Caltrops","Sucker Punch","Masterful Stab","Masterful Stab","Concentrate+1","Footwork","Tactician","Slice+1","Dash+1","Enlightenment","Reflex","Glass Knife","Dagger Throw","Thinking Ahead","Backstab+1","Infinite Blades","Acrobatics","Slice","Good Instincts","Flash of Steel","Purity","Phantasmal Killer"],"relics":["Calling Bell","Bag of Preparation","Eternal Feather","Gambling Chip","Dream Catcher","Lantern","InkBottle","Philosopher\u0027s Stone","Ancient Tea Set","Pantograph","Pandora\u0027s Box","Membership Card","Vajra","Orichalcum","Lizard Tail","Oddly Smooth Stone","Red Mask","Strawberry"],"acts_visited":["Exordium","TheCity","TheBeyond","TheEnding"],"potions_floor_usage":[],"damage_taken":[{"damage":0.0,"enemies":"2 Louse","floor":1.0,"turns":4.0},{"damage":9.0,"enemies":"Lagavulin","floor":7.0,"turns":6.0},{"damage":0.0,"enemies":"Small Slimes","floor":8.0,"turns":1.0},{"damage":0.0,"enemies":"Cultist","floor":10.0,"turns":2.0},{"damage":9.0,"enemies":"Large Slime","floor":12.0,"turns":4.0},{"damage":0.0,"enemies":"Exordium Wildlife","floor":13.0,"turns":3.0},{"damage":51.0,"enemies":"The Guardian","floor":16.0,"turns":10.0},{"damage":12.0,"enemies":"3 Byrds","floor":18.0,"turns":4.0},{"damage":6.0,"enemies":"Spheric Guardian","floor":20.0,"turns":3.0},{"damage":2.0,"enemies":"Cultist and Chosen","floor":21.0,"turns":6.0},{"damage":1.0,"enemies":"Chosen and Byrds","floor":22.0,"turns":3.0},{"damage":10.0,"enemies":"Slavers","floor":23.0,"turns":5.0},{"damage":13.0,"enemies":"Sentry and Sphere","floor":25.0,"turns":5.0},{"damage":0.0,"enemies":"Cultist and Chosen","floor":27.0,"turns":2.0},{"damage":0.0,"enemies":"3 Cultists","floor":29.0,"turns":4.0},{"damage":3.0,"enemies":"Centurion and Healer","floor":31.0,"turns":5.0},{"damage":46.0,"enemies":"Collector","floor":33.0,"turns":7.0},{"damage":0.0,"enemies":"Orb Walker","floor":35.0,"turns":3.0},{"damage":24.0,"enemies":"3 Darklings","floor":36.0,"turns":6.0},{"damage":18.0,"enemies":"Jaw Worm Horde","floor":38.0,"turns":5.0},{"damage":10.0,"enemies":"Spire Growth","floor":39.0,"turns":4.0},{"damage":0.0,"enemies":"Mind Bloom Boss Battle","floor":42.0,"turns":3.0},{"damage":29.0,"enemies":"Awakened One","floor":50.0,"turns":16.0},{"damage":41.0,"enemies":"Shield and Spear","floor":54.0,"turns":8.0},{"damage":43,"enemies":"The Heart","floor":55,"turns":6}],"seed_played":"-3013872922593114880","potions_obtained":[{"floor":1.0,"key":"Weak Potion"},{"floor":5.0,"key":"Fire Potion"},{"floor":5.0,"key":"Block Potion"},{"floor":5.0,"key":"PowerPotion"},{"floor":7.0,"key":"Dexterity Potion"},{"floor":12.0,"key":"EssenceOfSteel"},{"floor":16.0,"key":"LiquidBronze"},{"floor":18.0,"key":"Dexterity Potion"},{"floor":22.0,"key":"LiquidMemories"},{"floor":29.0,"key":"FearPotion"},{"floor":31.0,"key":"Energy Potion"},{"floor":38.0,"key":"SteroidPotion"},{"floor":42.0,"key":"LiquidMemories"}],"is_trial":false,"path_per_floor":["M","?","?","?","?","R","E","M","T","M","R","M","M","?","R","B",null,"M","?","M","M","M","E","R","M","T","M","R","M","R","M","R","B",null,"M","M","$","M","M","R","$","?","T","?","R","$","?","?","R","B",null,"R","$","E","B"],"character_chosen":"THE_SILENT","items_purchased":["Footwork","Block Potion","Membership Card","Vajra","Enlightenment","Reflex","Glass Knife","Dagger Throw","Orichalcum","Thinking Ahead","Infinite Blades","Oddly Smooth Stone","Acrobatics","Slice"],"campfire_rested":3,"item_purchase_floors":[37,37,41,41,41,41,41,41,41,41,46,46,46,46],"current_hp_per_floor":[70,63,63,52,52,70,61,61,61,61,70,61,61,70,70,19,70,58,58,52,50,49,39,51,38,38,38,53,53,67,64,67,21,67,67,43,43,25,15,53,53,67,67,64,64,64,54,54,64,35,64,64,64,30,12,12],"gold":31,"neow_bonus":"BOSS_RELIC","is_daily":false,"chose_seed":false,"campfire_upgraded":7,"win_rate":0.0,"timestamp":1610210913,"path_taken":["M","?","?","?","?","R","E","M","T","M","R","M","?","?","R","BOSS","M","?","M","M","?","E","R","M","T","?","R","M","R","?","R","BOSS","M","M","$","M","M","R","$","?","T","?","R","$","?","?","R","BOSS","R","$","E","BOSS"],"items_purchased_type":["Card","Potion","Relic","Relic","Card","Card","Card","Card","Relic","Card","Card","Relic","Card","Card"],"build_version":"2020-12-22","purchased_purges":0,"victory":false,"max_hp_per_floor":[70,70,70,70,70,70,70,70,70,70,70,70,70,70,70,70,70,70,67,67,67,67,67,67,67,67,67,67,67,67,67,67,67,67,67,67,67,67,67,67,67,67,67,64,64,64,64,64,64,64,64,64,64,71,71,71],"card_choices":[{"not_picked":["Dagger Spray","Expertise"],"picked":"Slice","floor":1.0},{"not_picked":["Flechettes","Underhanded Strike"],"picked":"Choke","floor":6.0},{"not_picked":["Prepared","Caltrops"],"picked":"All Out Attack","floor":7.0},{"not_picked":["Predator","Bane"],"picked":"Flying Knee","floor":8.0},{"not_picked":["Prepared","Catalyst"],"picked":"Bullet Time","floor":10.0},{"not_picked":["Blur","Deflect"],"picked":"Cloak And Dagger","floor":12.0},{"not_picked":["Outmaneuver","Predator"],"picked":"Terror","floor":13.0},{"not_picked":["Envenom","Wraith Form v2"],"picked":"Night Terror","floor":16.0},{"not_picked":["Flying Knee","All Out Attack"],"picked":"Finisher+1","floor":18.0},{"not_picked":["Slice","Dodge and Roll+1"],"picked":"Sucker Punch","floor":20.0},{"not_picked":["Flying Knee+1","Prepared+1"],"picked":"Acrobatics+1","floor":21.0},{"not_picked":["Acrobatics","Blur"],"picked":"Deflect+1","floor":22.0},{"not_picked":["Well Laid Plans","Bouncing Flask+1","Choke"],"picked":"SKIP","floor":23.0},{"not_picked":["Dodge and Roll","Poisoned Stab"],"picked":"Backstab","floor":25.0},{"not_picked":["Deflect","Dagger Spray","Deadly Poison"],"picked":"SKIP","floor":27.0},{"not_picked":["Slice","Quick Slash"],"picked":"Blade Dance+1","floor":29.0},{"not_picked":["Masterful Stab","Underhanded Strike"],"picked":"PiercingWail","floor":31.0},{"not_picked":["Flying Knee+1","Eviscerate"],"picked":"PiercingWail","floor":32.0},{"not_picked":["Envenom","Doppelganger"],"picked":"Malaise","floor":33.0},{"not_picked":["Backflip","Noxious Fumes+1"],"picked":"Concentrate+1","floor":35.0},{"not_picked":["Deflect","Dagger Throw+1","Underhanded Strike+1"],"picked":"SKIP","floor":36.0},{"not_picked":["Deadly Poison","Caltrops"],"picked":"Tactician","floor":38.0},{"not_picked":["Dagger Spray+1","Catalyst+1"],"picked":"Slice+1","floor":39.0},{"not_picked":["Poisoned Stab+1","Eviscerate"],"picked":"Dash+1","floor":40.0},{"not_picked":["Flying Knee","Cloak And Dagger"],"picked":"Backstab+1","floor":42.0},{"not_picked":["Deep Breath","Bandage Up"],"picked":"Good Instincts","floor":47.0},{"not_picked":["Discovery","Swift Strike"],"picked":"Flash of Steel","floor":47.0},{"not_picked":["Mind Blast","Violence"],"picked":"Purity","floor":47.0},{"not_picked":["Terror","Backstab"],"picked":"Phantasmal Killer","floor":54.0}],"player_experience":530168,"relics_obtained":[{"floor":0.0,"key":"Bag of Preparation"},{"floor":0.0,"key":"Eternal Feather"},{"floor":0.0,"key":"Gambling Chip"},{"floor":7.0,"key":"Lantern"},{"floor":9.0,"key":"InkBottle"},{"floor":23.0,"key":"Ancient Tea Set"},{"floor":26.0,"key":"Pantograph"},{"floor":42.0,"key":"Lizard Tail"},{"floor":54.0,"key":"Strawberry"}],"event_choices":[{"cards_removed":["Strike_G"],"damage_healed":0.0,"max_hp_gain":0.0,"max_hp_loss":0.0,"gold_gain":0.0,"event_name":"Golden Wing","player_choice":"Card Removal","floor":2.0,"gold_loss":0.0,"damage_taken":7.0},{"damage_healed":0.0,"max_hp_gain":0.0,"max_hp_loss":0.0,"gold_gain":0.0,"event_name":"Big Fish","player_choice":"Box","floor":3.0,"gold_loss":0.0,"damage_taken":0.0,"relics_obtained":["Dream Catcher"],"cards_obtained":["Regret"]},{"damage_healed":0.0,"max_hp_gain":0.0,"max_hp_loss":0.0,"gold_gain":75.0,"event_name":"World of Goop","player_choice":"Gather Gold","floor":4.0,"gold_loss":0.0,"damage_taken":11.0},{"damage_healed":0.0,"max_hp_gain":0.0,"max_hp_loss":0.0,"gold_gain":0.0,"event_name":"Lab","player_choice":"Got Potions","floor":5.0,"gold_loss":0.0,"damage_taken":0.0},{"damage_healed":17.0,"max_hp_gain":0.0,"max_hp_loss":0.0,"gold_gain":0.0,"event_name":"Mushrooms","player_choice":"Healed and dodged fight","floor":14.0,"gold_loss":0.0,"damage_taken":0.0,"cards_obtained":["Parasite"]},{"cards_removed":["Parasite","Regret"],"damage_healed":0.0,"max_hp_gain":0.0,"max_hp_loss":0.0,"gold_gain":0.0,"event_name":"Fountain of Cleansing","player_choice":"Removed Curses","floor":19.0,"gold_loss":0.0,"damage_taken":0.0},{"damage_healed":0.0,"max_hp_gain":0.0,"max_hp_loss":0.0,"gold_gain":0.0,"event_name":"MindBloom","player_choice":"Fight","floor":42.0,"gold_loss":0.0,"damage_taken":0.0},{"damage_healed":0.0,"max_hp_gain":0.0,"max_hp_loss":3.0,"gold_gain":0.0,"event_name":"Winding Halls","player_choice":"Max HP","floor":44.0,"gold_loss":0.0,"damage_taken":0.0},{"damage_healed":0.0,"max_hp_gain":0.0,"max_hp_loss":0.0,"gold_gain":0.0,"event_name":"SensoryStone","player_choice":"Memory 3","floor":47.0,"gold_loss":0.0,"damage_taken":10.0},{"damage_healed":0.0,"max_hp_gain":0.0,"max_hp_loss":0.0,"gold_gain":0.0,"event_name":"Tomb of Lord Red Mask","player_choice":"Paid","floor":48.0,"gold_loss":3.0,"damage_taken":0.0,"relics_obtained":["Red Mask"]}],"is_beta":false,"boss_relics":[{"not_picked":["Velvet Choker","SacredBark"],"picked":"Philosopher\u0027s Stone"},{"not_picked":["Snecko Eye","Runic Dome"],"picked":"Pandora\u0027s Box"}],"items_purged_floors":[],"is_endless":false,"potions_floor_spawned":[1,7,12,16,18,22,23,29,31,38,42],"killed_by":"The Heart","ascension_level":0}}