{"host":"gyphjc57tbbk9zp6","time":1610174337,"event":{"mods":["Act Like it!","BaseMod","Downfall","Elementarium","Friendly Minions","FruityMod","Gensokyo","Gremlin Skip","Hallownest","Hermit","Highlight Path","Hubris","Hyrulean Relics","Infinite Spire","Ironclad Rager","Jorbs\u0027s Wanderer Trilogy","KinomotoSakuraMod(????)","Kiyohime????","Koishi","Luminous","Mad Scientist","Marisa????????","Mimic Mod","Minty Spire (QoL Compilation)","Nova Terra(??·??)","Pale of the Ancients","Potionbrewer","Shedinja","StSLib","SuperFastMode","Td1madao Mod","The Administrix","The Alterego","The Blackbeard","The Bladedancer","The Bug Knight","The Construct","The Disciple","The Druid","The Elementalist","The Exalted","The Factory","The Hayseed","The Hierophant","The Judge","The Juggle","The Jungle","The Mystic","The Poker Player","The Senshi","The Servant 0.9.4","The Trickster","The Vixen","The Wild Card","TheHero","TheSwordswoman","TheVelvet","Yuyuko"],"gold_per_floor":[99,113,113,113,113,143,196,221,221,55,55,55,84,95,105,203,203,203,215,225,85,100,125,125,151,151,1,13,13,45,45,56,152,152,77,89,109,109,109,109,109],"floor_reached":40,"playtime":2690,"items_purged":["animeID:Smash"],"score":635,"play_id":"f56b71d1-2aca-42a1-ab9b-5f50db260b1a","local_time":"20210109003857","is_ascension_mode":false,"campfire_choices":[{"floor":1,"key":"RECALL"},{"data":"animeID:Uraraka","floor":9,"key":"SMITH"},{"data":"animeID:Tamaki","floor":12,"key":"SMITH"},{"data":"animeID:RedRiot","floor":18,"key":"SMITH"},{"data":"animeID:Momo","floor":27,"key":"SMITH"},{"data":"animeID:ShootStyle","floor":29,"key":"SMITH"},{"data":"animeID:Uraraka","floor":35,"key":"SMITH"}],"circlet_count":0,"master_deck":["animeID:Deku","animeID:Bakugo","animeID:Smash","animeID:Smash","animeID:DefendMH","animeID:DefendMH","animeID:DefendMH","animeID:DefendMH","animeID:Uraraka+1","infinitespire:Execution","animeID:FatGum","animeID:Tamaki+1","animeID:Kirishima","animeID:Endeavor","animeID:Hawks","animeID:Iida","animeID:RedRiot+1","animeID:Tomura+1","animeID:Momo+1","animeID:ShootStyle+1","animeID:Uraraka+1","animeID:Eri","animeID:TodorokiShoto","animeID:Tamaki+1"],"relics":["animeID:HeroCostume","NeowsBlessing","Pear","Pear","Nunchaku","Mummified Hand","hubris:Icosahedron","Calipers","Coffee Dripper","Smiling Mask","hubris:BundleOfHerbs","Bromod:ArcaneGuardian","downfall:HeartBlessingRed","downfall:HeartBlessingGreen","The Courier","Black Star","downfall:HeartBlessingBlue"],"acts_visited":["Gensokyo:Gensokyo","Gensokyo:Gensokyo","TheBeyond"],"potions_floor_usage":[20,21,23,23,28,33,36],"damage_taken":[{"damage":0,"enemies":"Gensokyo:3_Fairies","floor":2,"turns":1},{"damage":0,"enemies":"Gensokyo:Cirno","floor":6,"turns":2},{"damage":0,"enemies":"Gensokyo:Aya","floor":8,"turns":1},{"damage":0,"enemies":"downfall:FleeingMerchant","floor":10,"turns":4},{"damage":13,"enemies":"Gensokyo:Mamizou","floor":13,"turns":7},{"damage":1,"enemies":"Gensokyo:Python","floor":14,"turns":3},{"damage":4,"enemies":"Gensokyo:Gryphon","floor":15,"turns":5},{"damage":62,"enemies":"downfall:Defect","floor":16,"turns":9},{"damage":0,"enemies":"theJungle:5_Spyders","floor":19,"turns":10},{"damage":0,"enemies":"theJungle:MUSHROOMGANG","floor":20,"turns":5},{"damage":0,"enemies":"downfall:FleeingMerchant","floor":21,"turns":4},{"damage":5,"enemies":"theJungle:Lyon","floor":22,"turns":4},{"damage":0,"enemies":"theJungle:Cassacara","floor":23,"turns":6},{"damage":14,"enemies":"theJungle:2_Phrogs","floor":25,"turns":7},{"damage":9,"enemies":"theJungle:2_Flameangoes","floor":28,"turns":5},{"damage":9,"enemies":"Nightmare","floor":30,"turns":6},{"damage":9,"enemies":"theJungle:SlimyTreeVines","floor":32,"turns":4},{"damage":0,"enemies":"downfall:Ironclad","floor":33,"turns":6},{"damage":8,"enemies":"3 Darklings","floor":36,"turns":5},{"damage":12,"enemies":"Orb Walker","floor":37,"turns":5},{"damage":132,"enemies":"Nightmare","floor":40,"turns":7}],"seed_played":"-1827597515265064248","potions_obtained":[{"floor":2,"key":"SkillPotion"},{"floor":6,"key":"champ:CounterPotion"},{"floor":15,"key":"potionbrewer:AcidPotion"},{"floor":22,"key":"Fire Potion"},{"floor":25,"key":"Weak Potion"},{"floor":32,"key":"potionbrewer:HastePotion"},{"floor":33,"key":"Block Potion"}],"is_trial":false,"path_per_floor":["R","M","?","?","T","E","T","E","R","$","?","R","E","M","M","B",null,"R","M","M","$","M","E","T","E","?","R","M","R","NM","?","M","B",null,"R","M","M","?","?","NM"],"character_chosen":"THE_HERO","items_purchased":["animeID:Endeavor","animeID:Momo"],"campfire_rested":0,"item_purchase_floors":[10,21],"current_hp_per_floor":[75,75,57,52,52,62,62,62,62,72,72,72,74,75,81,36,95,95,95,95,95,95,95,95,89,89,89,92,92,95,95,92,95,95,105,101,98,98,98,0,0],"gold":109,"neow_bonus":"THREE_ENEMY_KILL","is_daily":false,"chose_seed":false,"campfire_upgraded":6,"win_rate":0.0,"timestamp":1610174337,"path_taken":["R","M","?","?","?","E","T","E","R","$","?","R","E","M","M","BOSS","R","M","M","$","M","E","T","E","?","R","M","R","NM","?","M","BOSS","R","M","M","?","?","NM"],"items_purchased_type":["Card","Card"],"build_version":"2020-12-22","purchased_purges":1,"victory":false,"max_hp_per_floor":[75,75,75,85,85,95,95,95,95,95,95,95,95,95,95,95,95,95,95,95,95,95,95,95,95,95,95,95,95,95,95,95,95,95,105,105,105,105,105,105,105],"card_choices":[{"not_picked":["animeID:Nomu","animeID:Kaminari"],"picked":"animeID:Uraraka","floor":2},{"not_picked":["infinitespire:Collect","infinitespire:Oblivion"],"picked":"infinitespire:Execution","floor":3},{"not_picked":["animeID:Aoyama","animeID:Momo"],"picked":"animeID:FatGum","floor":6},{"not_picked":["animeID:Mineta","animeID:Muscular"],"picked":"animeID:Tamaki","floor":8},{"not_picked":["animeID:SkinnyGum","animeID:Mina"],"picked":"animeID:Kirishima","floor":10},{"not_picked":["animeID:DetroitSmash","animeID:Uraraka","animeID:Tamaki"],"picked":"SKIP","floor":13},{"not_picked":["animeID:Mina","animeID:Dabi"],"picked":"animeID:Hawks","floor":14},{"not_picked":["animeID:Mineta","animeID:Thirteen"],"picked":"animeID:Iida","floor":15},{"not_picked":["animeID:PlusUltra","animeID:AllMight"],"picked":"animeID:RedRiot","floor":16},{"not_picked":["animeID:Kaminari+1","animeID:Muscular","animeID:Kirishima"],"picked":"SKIP","floor":19},{"not_picked":["animeID:Mina","animeID:Tsuyu"],"picked":"animeID:Tomura+1","floor":20},{"not_picked":["animeID:DelawareSmash+1","animeID:Ojiro","animeID:SkinnyGum+1"],"picked":"SKIP","floor":21},{"not_picked":["animeID:DetroitSmash+1","animeID:Deku+1","animeID:Cementoss"],"picked":"SKIP","floor":22},{"not_picked":["animeID:DetroitSmash","animeID:GentleCriminal+1"],"picked":"animeID:ShootStyle","floor":23},{"not_picked":["animeID:Tomura","animeID:MtLady","animeID:Tengai"],"picked":"SKIP","floor":25},{"not_picked":["animeID:Mezo","animeID:GranTorino","animeID:GentleCriminal+1"],"picked":"SKIP","floor":28},{"not_picked":["animeID:Mezo","animeID:DetroitSmash","animeID:Muscular"],"picked":"SKIP","floor":30},{"not_picked":["animeID:DetroitSmash+1","animeID:Kirishima"],"picked":"animeID:Uraraka","floor":32},{"not_picked":["animeID:PlusUltra","animeID:Hawks"],"picked":"animeID:Eri","floor":33},{"not_picked":["animeID:Tsuyu+1","animeID:Mineta+1"],"picked":"animeID:TodorokiShoto","floor":36},{"not_picked":["animeID:ShootStyle+1","animeID:Aoyama+1"],"picked":"animeID:Tamaki+1","floor":37}],"player_experience":1039377,"relics_obtained":[{"floor":6,"key":"Pear"},{"floor":7,"key":"Nunchaku"},{"floor":8,"key":"Mummified Hand"},{"floor":13,"key":"Calipers"},{"floor":23,"key":"Smiling Mask"},{"floor":24,"key":"hubris:BundleOfHerbs"},{"floor":25,"key":"Bromod:ArcaneGuardian"},{"floor":30,"key":"The Courier"}],"event_choices":[{"cards_removed":["animeID:Smash"],"damage_healed":0,"gold_gain":0,"player_choice":"Removed Attack","damage_taken":0,"max_hp_gain":0,"max_hp_loss":0,"event_name":"Falling","floor":38,"gold_loss":0}],"is_beta":false,"boss_relics":[{"not_picked":["Sozu","hubris:GrandSneckoEye"],"picked":"Coffee Dripper"},{"not_picked":["Pandora\u0027s Box","potionbrewer:BhaskarasWheel"],"picked":"Black Star"}],"items_purged_floors":[21],"is_endless":true,"potions_floor_spawned":[2,6,15,16,22,25,32,33],"killed_by":"Nightmare","ascension_level":0}}