{"host":"3y2rtlgteqp2nuo3","time":1610190382,"event":{"mods":["2.2 Compatiblity","AchievementEnabler","BaseMod","Colored Map","DeckTracker","Highlight Path","Keyboard Shortcuts","Minty Spire (QoL Compilation)","Permanent Neow","Quick Restart","StSLib","SuperFastMode","everything is the same but u backflip on backflip"],"gold_per_floor":[115,85,102,116,134,147,147,161,161,161,185,223,223,248,248,341,341,354,374,374,374],"floor_reached":20,"playtime":499,"items_purged":[],"score":298,"play_id":"d7162970-9e08-4897-b7d5-109a99f652b3","local_time":"20210109200622","is_ascension_mode":true,"campfire_choices":[{"floor":13,"key":"REST"},{"data":"Darkness","floor":15,"key":"SMITH"}],"circlet_count":0,"master_deck":["AscendersBane","Strike_B","Strike_B","Strike_B","Defend_B","Defend_B","Defend_B","Defend_B","Zap","Dualcast","Rebound","Conserve Battery","BootSequence","Darkness+1","Redo","Sweeping Beam","Self Repair","Hologram","Reboot","CurseOfTheBell","Leap","Compile Driver"],"relics":["Cracked Core","Golden Idol","Pantograph","Strawberry","Odd Mushroom","Calling Bell","Lantern","White Beast Statue","Calipers"],"acts_visited":["Exordium","TheCity"],"potions_floor_usage":[11,12,14,19],"damage_taken":[{"damage":2.0,"enemies":"2 Louse","floor":1.0,"turns":3.0},{"damage":1.0,"enemies":"Cultist","floor":3.0,"turns":3.0},{"damage":7.0,"enemies":"Jaw Worm","floor":4.0,"turns":3.0},{"damage":1.0,"enemies":"3 Louse","floor":5.0,"turns":4.0},{"damage":3,"enemies":"Exordium Wildlife","floor":6,"turns":5},{"damage":0,"enemies":"2 Fungi Beasts","floor":8,"turns":4},{"damage":9,"enemies":"Lots of Slimes","floor":11,"turns":4},{"damage":1,"enemies":"The Mushroom Lair","floor":12,"turns":2},{"damage":4,"enemies":"Looter","floor":14,"turns":4},{"damage":36,"enemies":"Slime Boss","floor":16,"turns":11},{"damage":19,"enemies":"Spheric Guardian","floor":18,"turns":4},{"damage":27,"enemies":"2 Thieves","floor":19,"turns":3},{"damage":33,"enemies":"Shelled Parasite and Fungi","floor":20,"turns":4}],"seed_played":"-5760610457766105070","potions_obtained":[{"floor":2.0,"key":"LiquidMemories"},{"floor":2.0,"key":"Fire Potion"},{"floor":11,"key":"PotionOfCapacity"},{"floor":14,"key":"Fruit Juice"},{"floor":18,"key":"AttackPotion"},{"floor":19,"key":"FearPotion"}],"is_trial":false,"path_per_floor":["M","?","M","M","M","M","?","M","T","?","M","?","R","M","R","B",null,"M","M","M"],"character_chosen":"DEFECT","items_purchased":[],"campfire_rested":1,"item_purchase_floors":[],"current_hp_per_floor":[62,62,61,54,53,50,26,26,26,15,6,5,28,36,36,32,70,58,31,0,0],"gold":374,"neow_bonus":"REMOVE_CARD","is_daily":false,"chose_seed":false,"campfire_upgraded":1,"win_rate":0.0,"timestamp":1610190382,"path_taken":["M","?","M","M","?","M","?","M","T","?","M","?","R","M","R","BOSS","M","M","M"],"items_purchased_type":[],"build_version":"2020-12-22","purchased_purges":0,"victory":false,"max_hp_per_floor":[71,71,71,71,71,71,71,71,71,78,78,78,78,83,83,83,83,83,83,83,83],"card_choices":[{"not_picked":["Skim","Chaos"],"picked":"Rebound","floor":1.0},{"not_picked":["Rebound","Stack"],"picked":"Conserve Battery","floor":3.0},{"not_picked":["Redo","Hologram"],"picked":"BootSequence","floor":4.0},{"not_picked":["Conserve Battery","Reinforced Body","Turbo"],"picked":"SKIP","floor":5.0},{"not_picked":["Hologram","Go for the Eyes"],"picked":"Darkness","floor":6},{"not_picked":["All For One","Stack"],"picked":"Redo","floor":8},{"not_picked":["Force Field","Hologram"],"picked":"Sweeping Beam","floor":11},{"not_picked":["Static Discharge","Compile Driver"],"picked":"Self Repair","floor":12},{"not_picked":["Leap","Consume"],"picked":"Hologram","floor":14},{"not_picked":["Fission","Creative AI"],"picked":"Reboot","floor":16},{"not_picked":["Compile Driver","Gash"],"picked":"Leap","floor":18},{"not_picked":["Conserve Battery","Go for the Eyes"],"picked":"Compile Driver","floor":19}],"player_experience":648638,"relics_obtained":[{"floor":9,"key":"Pantograph"},{"floor":12,"key":"Odd Mushroom"},{"floor":17,"key":"Lantern"},{"floor":17,"key":"White Beast Statue"},{"floor":17,"key":"Calipers"}],"event_choices":[{"damage_healed":0.0,"max_hp_gain":0.0,"max_hp_loss":0.0,"gold_gain":0.0,"event_name":"The Woman in Blue","player_choice":"Bought 2 Potions","floor":2.0,"gold_loss":0.0,"damage_taken":0.0},{"damage_healed":0,"gold_gain":0,"player_choice":"Take Damage","damage_taken":24,"relics_obtained":["Golden Idol"],"max_hp_gain":0,"max_hp_loss":0,"event_name":"Golden Idol","floor":7,"gold_loss":0},{"damage_healed":0,"gold_gain":0,"player_choice":"Success","damage_taken":18,"relics_obtained":["Strawberry"],"max_hp_gain":0,"max_hp_loss":0,"event_name":"Scrap Ooze","floor":10,"gold_loss":0},{"damage_healed":0,"gold_gain":0,"player_choice":"Fought Mushrooms","damage_taken":0,"max_hp_gain":0,"max_hp_loss":0,"event_name":"Mushrooms","floor":12,"gold_loss":0}],"is_beta":false,"boss_relics":[{"not_picked":["Velvet Choker","Runic Pyramid"],"picked":"Calling Bell"}],"items_purged_floors":[],"is_endless":false,"potions_floor_spawned":[3,6,11,14,18,19],"killed_by":"Shelled Parasite and Fungi","ascension_level":15}}