{"host":"7krnriczr1b2ou5r","time":1610196754,"event":{"mods":["BaseMod","Keyboard Shortcuts","Marisa£¨Ùöéë¡¡Øª×âÞÞ£©","Minty Spire (QoL Compilation)","Relic Stats","StSLib"],"gold_per_floor":[116,116,136,149,167,167,200,200,200,200,218,252,29,29,29,130,180,194,204,215,232,57,89,89,103,103,103,278,278,303,315,315,412,412,430,115,167,29,29,29,60,60,60,95,105,122,152,172,172,172],"floor_reached":51,"playtime":3600,"items_purged":["Strike_MRS","Defend_MRS","Strike_MRS"],"score":1144,"play_id":"d67a5951-061d-40ce-a73e-1c77253f6365","local_time":"20210109215234","is_ascension_mode":true,"campfire_choices":[{"data":"EarthLightRay","floor":6,"key":"SMITH"},{"data":"MilkyWay","floor":10,"key":"SMITH"},{"data":"1","floor":15,"key":"LIFT"},{"data":"FinalSpark","floor":27,"key":"SMITH"},{"data":"PulseMagic","floor":29,"key":"SMITH"},{"data":"2","floor":32,"key":"LIFT"},{"data":"3","floor":40,"key":"LIFT"},{"data":"MilkyWay","floor":42,"key":"SMITH"},{"data":"AlicesGift","floor":49,"key":"SMITH"}],"circlet_count":0,"master_deck":["Defend_MRS","Defend_MRS","MasterSpark","UpSweep+1","ChargeUpSpray+1","EventHorizon","EarthLightRay+1","Acceleration","MilkyWay+1","6A","PulseMagic+1","OortCloud+1","FinalSpark+1","GalacticHalo","GrandCross","AlicesGift+1","DeepEcoloBomb","OrrerysSun+1","MilkyWay+1","DoubleSpark","Acceleration","Finesse","Acceleration","EnergyFlow+1","SuperPerseids+1"],"relics":["MiniHakkero","Vajra","Frozen Egg 2","Bronze Scales","HandmadeGrimoire","Girya","Tiny House","InkBottle","StoneCalendar","Anchor","Coffee Dripper","Thread and Needle","CatCart","Omamori","CaptainsWheel","Toxic Egg 2","Centennial Puzzle"],"acts_visited":["Exordium","TheCity","TheBeyond"],"potions_floor_usage":[5,18,20,23,33,50,50],"damage_taken":[{"damage":2,"enemies":"Jaw Worm","floor":1,"turns":3},{"damage":0,"enemies":"Cultist","floor":3,"turns":3},{"damage":12,"enemies":"Small Slimes","floor":4,"turns":3},{"damage":11,"enemies":"Exordium Thugs","floor":5,"turns":3},{"damage":20,"enemies":"Lagavulin","floor":7,"turns":6},{"damage":0,"enemies":"Exordium Wildlife","floor":11,"turns":3},{"damage":1,"enemies":"Gremlin Nob","floor":12,"turns":4},{"damage":3,"enemies":"Slime Boss","floor":16,"turns":6},{"damage":0,"enemies":"Shell Parasite","floor":18,"turns":4},{"damage":0,"enemies":"Chosen","floor":19,"turns":4},{"damage":7,"enemies":"Snake Plant","floor":20,"turns":5},{"damage":1,"enemies":"Snecko","floor":21,"turns":3},{"damage":29,"enemies":"Gremlin Leader","floor":23,"turns":7},{"damage":19,"enemies":"Centurion and Healer","floor":25,"turns":7},{"damage":2,"enemies":"Book of Stabbing","floor":30,"turns":4},{"damage":7,"enemies":"Snake Plant","floor":31,"turns":3},{"damage":6,"enemies":"Collector","floor":33,"turns":7},{"damage":0,"enemies":"3 Shapes","floor":35,"turns":1},{"damage":0,"enemies":"Orin","floor":37,"turns":3},{"damage":12,"enemies":"Reptomancer","floor":41,"turns":6},{"damage":0,"enemies":"Giant Head","floor":44,"turns":5},{"damage":0,"enemies":"Orb Walker","floor":45,"turns":2},{"damage":0,"enemies":"Transient","floor":46,"turns":5},{"damage":0,"enemies":"Reptomancer","floor":47,"turns":5},{"damage":0,"enemies":"Maw","floor":48,"turns":5},{"damage":3,"enemies":"Donu and Deca","floor":50,"turns":7}],"seed_played":"-502199404330771103","potions_obtained":[{"floor":3,"key":"ShroomBrew"},{"floor":7,"key":"Block Potion"},{"floor":17,"key":"Fire Potion"},{"floor":20,"key":"Weak Potion"},{"floor":23,"key":"Fire Potion"},{"floor":30,"key":"SkillPotion"},{"floor":31,"key":"SkillPotion"},{"floor":33,"key":"Strength Potion"}],"is_trial":false,"path_per_floor":["M","?","M","M","M","R","E","T","T","R","M","E","$","?","R","B",null,"M","M","M","M","$","E","?","M","T","R","$","R","E","M","R","B",null,"M","$","?","$","?","R","E","R","T","E","M","M","E","M","R","B",null],"character_chosen":"MARISA","items_purchased":["PulseMagic","OortCloud+1","DeepEcoloBomb","Thread and Needle","Acceleration","Finesse"],"campfire_rested":0,"item_purchase_floors":[13,13,22,36,38,38],"current_hp_per_floor":[48,23,27,19,12,12,28,28,28,28,34,39,39,39,39,42,72,78,80,73,72,72,49,49,36,36,36,36,36,40,39,39,39,70,70,70,76,76,76,76,68,68,68,74,74,80,80,80,80,77],"gold":172,"neow_bonus":"TRANSFORM_TWO_CARDS","is_daily":false,"chose_seed":false,"campfire_upgraded":6,"win_rate":0.0,"timestamp":1610196754,"path_taken":["M","?","M","M","M","R","E","?","T","R","?","E","?","?","R","BOSS","M","M","?","M","$","E","?","M","T","R","$","R","E","M","R","BOSS","M","$","?","$","?","R","E","R","T","E","?","M","E","M","R","BOSS"],"items_purchased_type":["Card","Card","Card","Relic","Card","Card"],"build_version":"2020-12-22","purchased_purges":3,"victory":true,"max_hp_per_floor":[75,75,75,75,75,75,75,75,75,75,75,75,75,75,75,75,80,80,80,80,80,80,80,80,80,80,80,80,80,80,80,80,80,80,80,80,80,80,80,80,80,80,80,80,80,80,80,80,80,80],"relic_stats":{"Centennial Puzzle":[3],"counters":[26,114],"Bronze Scales":[219],"StoneCalendar":[0],"obtain_stats":[{"Girya":12,"Tiny House":17,"Vajra":2,"StoneCalendar":26,"Thread and Needle":36,"Omamori":41,"Frozen Egg 2":7,"Anchor":30,"CaptainsWheel":43,"Centennial Puzzle":47,"Bronze Scales":8,"HandmadeGrimoire":9,"Coffee Dripper":34,"MiniHakkero":0,"CatCart":37,"Toxic Egg 2":44,"InkBottle":23},{"Girya":7,"Tiny House":8,"Vajra":1,"StoneCalendar":14,"Thread and Needle":18,"Omamori":20,"Frozen Egg 2":5,"Anchor":15,"CaptainsWheel":20,"Centennial Puzzle":24,"Bronze Scales":5,"HandmadeGrimoire":5,"Coffee Dripper":17,"MiniHakkero":0,"CatCart":19,"Toxic Egg 2":21,"InkBottle":13},{"Girya":25,"Tiny House":31,"Vajra":3,"StoneCalendar":61,"Thread and Needle":76,"Omamori":85,"Frozen Egg 2":18,"Anchor":65,"CaptainsWheel":85,"Centennial Puzzle":102,"Bronze Scales":18,"HandmadeGrimoire":18,"Coffee Dripper":75,"MiniHakkero":0,"CatCart":79,"Toxic Egg 2":90,"InkBottle":54}],"InkBottle":[32]},"card_choices":[{"not_picked":["6A","AsteroidBelt"],"picked":"EarthLightRay","floor":1},{"not_picked":["MeteoricShower","LuminesStrike"],"picked":"Acceleration","floor":3},{"not_picked":["ShootingEcho","MagicAbsorber","IllusionStar"],"picked":"SKIP","floor":4},{"not_picked":["UnstableBomb","PowerUp"],"picked":"MilkyWay","floor":5},{"not_picked":["AsteroidBelt","PropBag"],"picked":"6A","floor":7},{"not_picked":["PowerUp","DC","ChargeUpSpray"],"picked":"SKIP","floor":11},{"not_picked":["EnergyRecoil","OneTimeOff","DC"],"picked":"SKIP","floor":12},{"not_picked":["SatelliteIllusion+1","TreasureHunter"],"picked":"FinalSpark","floor":16},{"not_picked":["AlicesGift","MagicChant"],"picked":"GalacticHalo","floor":17},{"not_picked":["EnergyRecoil","WitchOfGreed+1","DarkSpark+1"],"picked":"SKIP","floor":18},{"not_picked":["EnergyRecoil","WitchOfGreed+1","DarkSpark+1"],"picked":"SKIP","floor":18},{"not_picked":["MagicAbsorber+1","WitchLeyline","AsteroidBelt+1"],"picked":"SKIP","floor":19},{"not_picked":["MagicAbsorber+1","WitchLeyline","AsteroidBelt+1"],"picked":"SKIP","floor":19},{"not_picked":["DarkSpark+1","LuminesStrike"],"picked":"GrandCross","floor":20},{"not_picked":["SuperPerseids","EventHorizon+1"],"picked":"AlicesGift","floor":21},{"not_picked":["LuminesStrike","DarkSpark","DC"],"picked":"SKIP","floor":23},{"not_picked":["EnergyRecoil","GrandCross","GasGiant"],"picked":"SKIP","floor":25},{"not_picked":["BlazeAway","StarlightTyphoon","ShootTheMoon"],"picked":"SKIP","floor":30},{"not_picked":["DC","JA","LuminesStrike+1"],"picked":"SKIP","floor":31},{"not_picked":["Orbital+1","MysteriousBeam"],"picked":"MilkyWay","floor":35},{"not_picked":["SporeBomb","MilkyWay"],"picked":"DoubleSpark","floor":37},{"not_picked":["FairyDestructionRay+1","DragonMeteor+1"],"picked":"Acceleration","floor":41},{"not_picked":["EarthLightRay+1","ShootingEcho+1"],"picked":"EnergyFlow+1","floor":44},{"not_picked":["DoubleSpark","6A","EventHorizon+1"],"picked":"SKIP","floor":45},{"not_picked":["SporeBomb+1","BlazingStar","6A+1"],"picked":"SKIP","floor":46},{"not_picked":["Robbery","WitchOfGreed+1","NonDirectionalLaser"],"picked":"SKIP","floor":47},{"not_picked":["MilkyWay+1","GrandCross"],"picked":"SuperPerseids+1","floor":48}],"player_experience":1099080,"relics_obtained":[{"floor":7,"key":"Frozen Egg 2"},{"floor":8,"key":"Bronze Scales"},{"floor":9,"key":"HandmadeGrimoire"},{"floor":12,"key":"Girya"},{"floor":23,"key":"InkBottle"},{"floor":26,"key":"StoneCalendar"},{"floor":30,"key":"Anchor"},{"floor":37,"key":"CatCart"},{"floor":41,"key":"Omamori"},{"floor":43,"key":"CaptainsWheel"},{"floor":44,"key":"Toxic Egg 2"},{"floor":47,"key":"Centennial Puzzle"}],"event_choices":[{"damage_healed":0,"gold_gain":0,"player_choice":"Success","damage_taken":25,"relics_obtained":["Vajra"],"max_hp_gain":0,"max_hp_loss":0,"event_name":"Scrap Ooze","floor":2,"gold_loss":0},{"cards_removed":["Strike_MRS"],"damage_healed":0,"gold_gain":0,"player_choice":"Purged","damage_taken":0,"max_hp_gain":0,"max_hp_loss":0,"event_name":"Purifier","floor":14,"gold_loss":0},{"damage_healed":0,"gold_gain":0,"player_choice":"Read","damage_taken":0,"max_hp_gain":0,"max_hp_loss":0,"event_name":"The Library","floor":24,"gold_loss":0,"cards_obtained":["OrrerysSun"]},{"damage_healed":0,"gold_gain":0,"player_choice":"Fight","damage_taken":0,"max_hp_gain":0,"max_hp_loss":0,"event_name":"OrinTheCat","floor":37,"gold_loss":0},{"damage_healed":0,"gold_gain":0,"player_choice":"Upgraded","damage_taken":0,"max_hp_gain":0,"max_hp_loss":0,"event_name":"Upgrade Shrine","floor":39,"gold_loss":0,"cards_upgraded":["UpSweep"]}],"is_beta":false,"boss_relics":[{"not_picked":["Philosopher\u0027s Stone","Fusion Hammer"],"picked":"Tiny House"},{"not_picked":["Runic Dome","SacredBark"],"picked":"Coffee Dripper"}],"items_purged_floors":[13,22,28],"is_endless":false,"potions_floor_spawned":[3,7,20,23,30,31,33,44,45,48],"ascension_level":7}}