{"host":"h23hlq20ir8sps7h","time":1610169779,"event":{"mods":["Act Like it!","Aspiration","BaseMod","BetterRewards","Colored Map","Conspire","Energized Spire","Friendly Minions","GifTheSpireLib","Halation","Hubris","Ironclad Rager","Minty Spire (QoL Compilation)","Permanent Neow","Prisma Mod","Quarter Circle Forward PUNCH!","Quick Restart","Railgun Mod","Remilia??????","Replay The Spire","SCP261 Mod","Shop Mod","Spikes Relics","StSLib","Stuff the Spire","The Animator","The Hierophant","The Problem Sleuth","The Runesmith","The Sage","Trackpad","Wandering Minibosses","vexMod"],"gold_per_floor":[113,124,124,64,75,104,116,157,250,280,306,347,392,439,451,463,463],"floor_reached":16,"playtime":572,"items_purged":[],"score":213,"play_id":"8c3e5f3f-9eec-4fe0-bb48-b3edff80fcab","local_time":"20210108212259","is_ascension_mode":true,"campfire_choices":[{"floor":7,"key":"RECALL"},{"data":"PrismaMod:ChloeMordred","floor":15,"key":"SMITH"}],"circlet_count":0,"master_deck":["PrismaMod:ChloeCommonAttack","PrismaMod:ChloeCommonAttack","PrismaMod:ChloeCommonAttack","PrismaMod:ChloeCommonAttack","PrismaMod:ChloeCommonAttack","PrismaMod:ChloeCommonDefend","PrismaMod:ChloeCommonDefend","PrismaMod:ChloeCommonDefend","PrismaMod:ChloeCommonDefend","PrismaMod:ChloeCommonDefend","PrismaMod:ChloeCheapAttack","PrismaMod:ChloeCheapDefend","PrismaMod:ChloeCheapAttack","PrismaMod:ChloeCheapAttack","Injury","PrismaMod:ChloeCaladbolg+1","PrismaMod:ChloeCaladbolg+1","PrismaMod:ChloeExcalibur+1","PrismaMod:ChloeMordred","PrismaMod:ChloeExcalibur+1","PrismaMod:ChloeMordred+1","PrismaMod:ChloeCheapAttack+1","PrismaMod:ChloeCheapAttackTwo+1","PrismaMod:ChloeExcalibur+1","PrismaMod:ChloeCheapAttackTwo+1"],"relics":["PrismaMod:PrismaTraceOn","vexMod:CardConverter","Molten Egg 2","MawBank","StuffTheSpire:Barrel","Replay:Accelerometer","Dead Branch","conspire:Dentures"],"acts_visited":["Exordium"],"potions_floor_usage":[],"damage_taken":[{"damage":0,"enemies":"Small Slimes","floor":1,"turns":4},{"damage":5,"enemies":"Jaw Worm","floor":2,"turns":2},{"damage":0,"enemies":"Cultist","floor":5,"turns":2},{"damage":21,"enemies":"Lagavulin","floor":6,"turns":4},{"damage":6,"enemies":"Gremlin Nob","floor":8,"turns":3},{"damage":0,"enemies":"Red Slaver","floor":10,"turns":1},{"damage":1,"enemies":"Looter","floor":11,"turns":2},{"damage":12,"enemies":"Lagavulin","floor":12,"turns":3},{"damage":0,"enemies":"Gremlin Nob","floor":14,"turns":2},{"damage":16,"enemies":"Fading Forest","floor":16,"turns":4}],"seed_played":"2383910224728854428","potions_obtained":[{"floor":6,"key":"Elixir"},{"floor":8,"key":"PowerPotion"},{"floor":10,"key":"LiquidBronze"}],"is_trial":false,"path_per_floor":["M","M","?","$","M","E","R","E","T","M","M","E","?","E","R","B"],"character_chosen":"CHLOE","items_purchased":["PrismaMod:ChloeCaladbolg+1"],"campfire_rested":0,"item_purchase_floors":[4],"current_hp_per_floor":[56,53,55,59,61,42,42,38,38,40,41,31,9,11,11,0,0],"gold":463,"neow_bonus":"ONE_RARE_RELIC","is_daily":false,"chose_seed":false,"campfire_upgraded":1,"win_rate":0.0,"timestamp":1610169779,"path_taken":["M","M","?","$","M","E","R","E","T","M","M","E","?","E","R","BOSS"],"items_purchased_type":["Card"],"build_version":"2020-12-22","purchased_purges":0,"victory":false,"max_hp_per_floor":[77,79,81,85,87,89,89,91,91,93,95,97,99,101,101,101,101],"card_choices":[{"not_picked":["PrismaMod:ChloeChristmas","PrismaMod:ChloeCheapAttackTwo"],"picked":"PrismaMod:ChloeCheapAttack","floor":1},{"not_picked":["PrismaMod:ChloeCommonAOEAttack","PrismaMod:ChloeDiscardRecovery"],"picked":"PrismaMod:ChloeCheapAttack","floor":2},{"not_picked":["PrismaMod:ChloeExhaustOne","PrismaMod:ChloeRhongomyniad+1"],"picked":"PrismaMod:ChloeExcalibur+1","floor":5},{"not_picked":["PrismaMod:ChloeUncommonAttack+1","PrismaMod:ChloeDiscardRecovery"],"picked":"PrismaMod:ChloeMordred","floor":6},{"not_picked":["PrismaMod:ChloeGreatTracePools","PrismaMod:ChloeCheapDefend"],"picked":"PrismaMod:ChloeExcalibur+1","floor":8},{"not_picked":["PrismaMod:ChloeCheapDefend","PrismaMod:ChloeRhongomyniad+1"],"picked":"PrismaMod:ChloeMordred","floor":10},{"not_picked":["PrismaMod:ChloeCommonAOEAttack+1","PrismaMod:ChloeChristmas"],"picked":"PrismaMod:ChloeCheapAttack+1","floor":11},{"not_picked":["PrismaMod:ChloeDiscardRecovery","PrismaMod:ChloeDemonicTutor"],"picked":"PrismaMod:ChloeCheapAttackTwo+1","floor":12},{"not_picked":["PrismaMod:ChloeCheapDefendTwo","PrismaMod:ChloeRitsuka"],"picked":"PrismaMod:ChloeExcalibur+1","floor":13},{"not_picked":["PrismaMod:ChloeCheapDefendTwo","PrismaMod:ChloeChristmas"],"picked":"PrismaMod:ChloeCheapAttackTwo+1","floor":14}],"player_experience":268697,"relics_obtained":[{"floor":6,"key":"MawBank"},{"floor":8,"key":"StuffTheSpire:Barrel"},{"floor":12,"key":"Replay:Accelerometer"},{"floor":13,"key":"Dead Branch"},{"floor":14,"key":"conspire:Dentures"}],"event_choices":[],"is_beta":false,"boss_relics":[],"items_purged_floors":[],"is_endless":false,"potions_floor_spawned":[6,8,10,12],"killed_by":"Fading Forest","ascension_level":1}}