{"host":"k2mw1od0xoi9pcfj","time":1610211767,"event":{"mods":["100% Spire Juice","AchievementEnabler","Act Like it!","Aspiration","BaseMod","Better Altar","Better Match","Better Note","Better Sensory Stone","Better Skull","Better Third Choice","Conspire","Defuse TimeMaze Blight","Downfall","Energized Spire","Friendly Minions","Gensokyo","Halation","Hallownest","Highlight Path","Infinite Spire","Minty Spire (QoL Compilation)","Permanent Neow","Prisma Mod","Quick Restart","Random Character Button","Relic Sorter","Relic Stats","Replay The Spire","Spicy Shops","StSLib","Synergy Search","The Hierophant","Treasure Hunter","everything is the same but u backflip on backflip","slay the spire mod where everything is the same but ironclad has a cowboy hat"],"gold_per_floor":[131,148,248,262,280,280,313,313,339,339,377,396,396,396],"floor_reached":13,"playtime":1039,"items_purged":[],"score":95,"play_id":"ae8bda73-cd55-4348-9cb5-6bb209678fb4","local_time":"20210109110247","is_ascension_mode":false,"campfire_choices":[{"data":"PrismaMod:ChloeCheapDefend","floor":6,"key":"SMITH"},{"data":"PrismaMod:ChloeRitsuka","floor":8,"key":"SMITH"},{"data":"PrismaMod:ChloeCheapDefend","floor":10,"key":"SMITH"}],"circlet_count":0,"master_deck":["PrismaMod:ChloeCommonAttack","PrismaMod:ChloeCommonAttack","PrismaMod:ChloeCommonAttack","PrismaMod:ChloeCommonAttack","PrismaMod:ChloeCommonAttack","PrismaMod:ChloeCommonDefend","PrismaMod:ChloeCommonDefend","PrismaMod:ChloeCommonDefend","PrismaMod:ChloeCommonDefend","PrismaMod:ChloeCommonDefend","PrismaMod:ChloeCheapAttack","PrismaMod:ChloeCheapDefend+1","Enlightenment","PrismaMod:ChloeExhaustOne","PrismaMod:ChloeCheapAttack","PrismaMod:ChloeCheapDefend+1","PrismaMod:ChloeExhaustOne","TH:CursedSword","PrismaMod:ChloeRitsuka+1","TH:CursedSword","TH:DeckOfManyThings","PrismaMod:ChloeEyeOfTheEuryale"],"relics":["PrismaMod:PrismaTraceOn","aspiration:ChemicalBlood","ReplayTheSpireMod:Lightbulb","halation:KoshaPiece"],"acts_visited":["Exordium"],"potions_floor_usage":[7],"damage_taken":[{"damage":1,"enemies":"Jaw Worm","floor":1,"turns":6},{"damage":0,"enemies":"Cultist","floor":2,"turns":4},{"damage":0,"enemies":"2 Louse","floor":4,"turns":3},{"damage":12,"enemies":"Exordium Wildlife","floor":5,"turns":3},{"damage":16,"enemies":"Gremlin Nob","floor":7,"turns":3},{"damage":9,"enemies":"Lagavulin","floor":11,"turns":6},{"damage":0,"enemies":"2 Fungi Beasts","floor":12,"turns":3},{"damage":37,"enemies":"Gremlin Nob","floor":13,"turns":4}],"seed_played":"2767588812650852506","potions_obtained":[{"floor":1,"key":"ColorlessPotion"},{"floor":4,"key":"Energy Potion"},{"floor":11,"key":"SmokeBomb"}],"is_trial":false,"path_per_floor":["M","M","?","M","M","R","E","R","T","R","E","M","E"],"character_chosen":"CHLOE","items_purchased":[],"campfire_rested":0,"item_purchase_floors":[],"current_hp_per_floor":[74,74,74,74,62,62,46,46,46,46,37,37,0,0],"gold":396,"neow_bonus":"RANDOM_COLORLESS","is_daily":false,"chose_seed":false,"campfire_upgraded":3,"win_rate":0.0,"timestamp":1610211767,"path_taken":["M","M","?","M","?","R","E","R","T","R","E","M","E"],"items_purchased_type":[],"build_version":"2020-12-22","purchased_purges":0,"victory":false,"max_hp_per_floor":[75,75,75,75,75,75,75,75,75,75,75,75,75,75],"relic_stats":{"counters":[8,32],"obtain_stats":[{"halation:KoshaPiece":11,"ReplayTheSpireMod:Lightbulb":9,"PrismaMod:PrismaTraceOn":0,"aspiration:ChemicalBlood":7},{"halation:KoshaPiece":6,"ReplayTheSpireMod:Lightbulb":5,"PrismaMod:PrismaTraceOn":0,"aspiration:ChemicalBlood":5},{"halation:KoshaPiece":25,"ReplayTheSpireMod:Lightbulb":19,"PrismaMod:PrismaTraceOn":0,"aspiration:ChemicalBlood":19}]},"card_choices":[{"not_picked":["PanicButton","expansioncontent:GuardianWhirl"],"picked":"Enlightenment","floor":0},{"not_picked":["PrismaMod:ChloeMaid","PrismaMod:ChloeCheapAttack"],"picked":"PrismaMod:ChloeExhaustOne","floor":1},{"not_picked":["PrismaMod:ChloeCheapAttackTwo","PrismaMod:ChloeCheapDefend"],"picked":"PrismaMod:ChloeCheapAttack","floor":2},{"not_picked":["PrismaMod:ChloeCheapAttack","PrismaMod:ChloeCheapDefendTwo"],"picked":"PrismaMod:ChloeCheapDefend","floor":4},{"not_picked":["PrismaMod:ChloeCheapAttackTwo","PrismaMod:ChloeMordred"],"picked":"PrismaMod:ChloeExhaustOne","floor":5},{"not_picked":["TH:ElvenBoots"],"picked":"TH:CursedSword","floor":7},{"not_picked":["PrismaMod:ChloeChristmas","PrismaMod:ChloeCheapAttack"],"picked":"PrismaMod:ChloeRitsuka","floor":7},{"not_picked":["TH:EnergyPotion"],"picked":"TH:CursedSword","floor":9},{"not_picked":["TH:CopperCoins"],"picked":"TH:DeckOfManyThings","floor":11},{"not_picked":["PrismaMod:ChloeExcalibur","PrismaMod:ChloeUncommonAOEAttack"],"picked":"PrismaMod:ChloeEyeOfTheEuryale","floor":11},{"not_picked":["PrismaMod:ChloeRhongomyniad","PrismaMod:ChloeCheapAttack","PrismaMod:ChloeDiscardRecovery"],"picked":"SKIP","floor":12}],"player_experience":858702,"relics_obtained":[{"floor":7,"key":"aspiration:ChemicalBlood"},{"floor":9,"key":"ReplayTheSpireMod:Lightbulb"},{"floor":11,"key":"halation:KoshaPiece"}],"event_choices":[{"damage_healed":0,"gold_gain":100,"player_choice":"Pray","damage_taken":0,"max_hp_gain":0,"max_hp_loss":0,"event_name":"Golden Shrine","floor":3,"gold_loss":0}],"is_beta":false,"boss_relics":[],"items_purged_floors":[],"is_endless":false,"potions_floor_spawned":[1,4,11],"killed_by":"Gremlin Nob","ascension_level":0}}