{"host":"ELF","time":1610209092,"event":{"mods":["BaseMod","Minty Spire (QoL Compilation)"],"gold_per_floor":[115,115,134,146,146,146,198,217,217,25,25,25,46,46,46,46,46],"floor_reached":16,"playtime":522,"items_purged":[],"score":180,"play_id":"33c73944-6b71-4a92-be95-0f79838bf888","local_time":"20210109101812","is_ascension_mode":true,"campfire_choices":[{"floor":6,"key":"REST"},{"data":"Predator","floor":15,"key":"SMITH"}],"circlet_count":0,"master_deck":["AscendersBane","Strike_G","Strike_G","Strike_G","Strike_G","Strike_G+1","Defend_G","Defend_G","Defend_G+1","Defend_G","Defend_G","Survivor","Neutralize","Crippling Poison","Predator+1","Eviscerate","Acrobatics+1","Backflip+1"],"relics":["Ring of the Snake","Centennial Puzzle","Golden Idol","Vajra","Toxic Egg 2","Membership Card"],"acts_visited":["Exordium"],"potions_floor_usage":[16,16],"damage_taken":[{"damage":1,"enemies":"2 Louse","floor":1,"turns":4},{"damage":1,"enemies":"Small Slimes","floor":3,"turns":4},{"damage":0,"enemies":"Jaw Worm","floor":4,"turns":5},{"damage":1,"enemies":"Blue Slaver","floor":8,"turns":5},{"damage":3,"enemies":"2 Fungi Beasts","floor":13,"turns":3},{"damage":66,"enemies":"Hexaghost","floor":16,"turns":14}],"seed_played":"7398412828742969218","potions_obtained":[{"floor":4,"key":"Regen Potion"},{"floor":13,"key":"DistilledChaos"}],"is_trial":false,"path_per_floor":["M","?","M","M","?","R","T","M","T","$","$","?","M","?","R","B"],"character_chosen":"THE_SILENT","items_purchased":["Membership Card","Acrobatics+1"],"campfire_rested":1,"item_purchase_floors":[10,10],"current_hp_per_floor":[58,38,37,37,37,56,56,55,55,55,55,55,52,52,52,0,0],"gold":46,"neow_bonus":"RANDOM_COMMON_RELIC","is_daily":false,"chose_seed":false,"campfire_upgraded":1,"win_rate":0.0,"timestamp":1610209092,"path_taken":["M","?","M","M","?","R","?","M","T","?","$","?","M","?","R","BOSS"],"items_purchased_type":["Relic","Card"],"build_version":"2020-12-18","purchased_purges":0,"victory":false,"max_hp_per_floor":[66,66,66,66,66,66,66,66,66,66,66,66,66,66,66,66,66],"card_choices":[{"not_picked":["Outmaneuver","Slice"],"picked":"Crippling Poison","floor":1},{"not_picked":["Flying Knee","Prepared"],"picked":"Predator","floor":3},{"not_picked":["Outmaneuver","Deflect","Quick Slash"],"picked":"SKIP","floor":4},{"not_picked":["Poisoned Stab","Calculated Gamble"],"picked":"Eviscerate","floor":8},{"not_picked":["Sucker Punch","Dagger Spray"],"picked":"Backflip+1","floor":13}],"player_experience":3156867,"relics_obtained":[{"floor":7,"key":"Vajra"},{"floor":9,"key":"Toxic Egg 2"}],"event_choices":[{"damage_healed":0,"gold_gain":0,"player_choice":"Entered Light","damage_taken":20,"max_hp_gain":0,"max_hp_loss":0,"event_name":"Shining Light","floor":2,"gold_loss":0,"cards_upgraded":["Defend_G","Strike_G"]},{"damage_healed":0,"gold_gain":0,"player_choice":"Take Wound","damage_taken":0,"relics_obtained":["Golden Idol"],"max_hp_gain":0,"max_hp_loss":0,"event_name":"Golden Idol","floor":5,"gold_loss":0,"cards_obtained":["Injury"]},{"cards_removed":["Injury"],"damage_healed":0,"gold_gain":0,"player_choice":"Forget","damage_taken":0,"max_hp_gain":0,"max_hp_loss":0,"event_name":"Living Wall","floor":12,"gold_loss":0},{"damage_healed":0,"gold_gain":0,"player_choice":"Ignored","damage_taken":0,"max_hp_gain":0,"max_hp_loss":0,"event_name":"Liars Game","floor":14,"gold_loss":0}],"is_beta":true,"boss_relics":[],"items_purged_floors":[],"is_endless":false,"potions_floor_spawned":[4,13],"killed_by":"Hexaghost","ascension_level":20}}