{"host":"pgqkv8mh62pnrbci","time":1610171333,"event":{"mods":["2.2 Compatiblity","AchievementEnabler","BaseMod","Custom Start","DeckTracker","Minty Spire (QoL Compilation)","StSLib","SuperFastMode"],"gold_per_floor":[112,124,140,158,19,19,47,47,47,47,47,78,90,102,102,177,177,191,191,191,210,135,135,150,150,150],"floor_reached":25,"playtime":601,"items_purged":[],"score":415,"play_id":"6f871264-cf2b-4e21-9d32-933eff810e1a","local_time":"20210109144853","is_ascension_mode":true,"campfire_choices":[{"data":"Neutralize","floor":6.0,"key":"SMITH"},{"data":"Poisoned Stab","floor":8.0,"key":"SMITH"},{"data":"Backstab","floor":11.0,"key":"SMITH"},{"floor":15.0,"key":"REST"},{"floor":23,"key":"REST"}],"circlet_count":0,"master_deck":["AscendersBane","Strike_G","Strike_G","Strike_G","Strike_G","Defend_G","Defend_G","Defend_G","Defend_G","Defend_G","Survivor","Neutralize+1","Backstab+1","Poisoned Stab+1","Infinite Blades","Accuracy","Cloak And Dagger","Malaise","Choke","Adrenaline","Tactician","Masterful Stab"],"relics":["Ring of the Snake","NeowsBlessing","Centennial Puzzle","Strawberry","HornCleat","Fusion Hammer","Nilry\u0027s Codex"],"acts_visited":["Exordium","TheCity"],"potions_floor_usage":[18],"damage_taken":[{"damage":0.0,"enemies":"Small Slimes","floor":1.0,"turns":1.0},{"damage":0.0,"enemies":"2 Louse","floor":2.0,"turns":1.0},{"damage":0.0,"enemies":"Jaw Worm","floor":3.0,"turns":1.0},{"damage":1.0,"enemies":"2 Fungi Beasts","floor":4.0,"turns":3.0},{"damage":19.0,"enemies":"Lagavulin","floor":7.0,"turns":7.0},{"damage":26.0,"enemies":"Gremlin Nob","floor":12.0,"turns":4.0},{"damage":4.0,"enemies":"Blue Slaver","floor":13.0,"turns":2.0},{"damage":0.0,"enemies":"Looter","floor":14.0,"turns":3.0},{"damage":28.0,"enemies":"Slime Boss","floor":16.0,"turns":10.0},{"damage":12,"enemies":"2 Thieves","floor":18,"turns":3},{"damage":15,"enemies":"Shell Parasite","floor":21,"turns":4},{"damage":23,"enemies":"Sentry and Sphere","floor":24,"turns":5},{"damage":11,"enemies":"Snecko","floor":25,"turns":3}],"seed_played":"8361990414351488430","potions_obtained":[{"floor":1.0,"key":"GamblersBrew"},{"floor":7.0,"key":"DuplicationPotion"},{"floor":12.0,"key":"Poison Potion"},{"floor":14.0,"key":"LiquidBronze"},{"floor":16.0,"key":"CunningPotion"}],"is_trial":false,"path_per_floor":["M","M","M","M","$","R","E","R","T","?","R","E","M","M","R","B",null,"M","?","?","M","?","R","M","M"],"character_chosen":"THE_SILENT","items_purchased":["Accuracy","Cloak And Dagger"],"campfire_rested":2,"item_purchase_floors":[5,5],"current_hp_per_floor":[59,59,59,58,58,58,39,39,46,46,46,20,16,16,37,9,57,45,45,24,9,9,30,7,0,0],"gold":150,"neow_bonus":"THREE_ENEMY_KILL","is_daily":false,"chose_seed":false,"campfire_upgraded":3,"win_rate":0.0,"timestamp":1610171333,"path_taken":["M","M","M","M","$","R","E","R","T","?","R","E","M","M","R","BOSS","M","?","?","M","?","R","M","M"],"items_purchased_type":["Card","Card"],"build_version":"2020-12-22","purchased_purges":0,"victory":false,"max_hp_per_floor":[66,66,66,66,66,66,66,66,73,73,73,73,73,73,73,73,73,73,73,73,73,73,73,73,73,73],"card_choices":[{"not_picked":["Bouncing Flask","Bane","Sucker Punch"],"picked":"SKIP","floor":1.0},{"not_picked":["Prepared","Underhanded Strike"],"picked":"Backstab","floor":2.0},{"not_picked":["Finisher","Slice"],"picked":"Poisoned Stab","floor":3.0},{"not_picked":["Bouncing Flask","Deflect"],"picked":"Infinite Blades","floor":4.0},{"not_picked":["Expertise","Flying Knee","Prepared"],"picked":"SKIP","floor":7.0},{"not_picked":["Backflip","Bane","Accuracy"],"picked":"SKIP","floor":12.0},{"not_picked":["Deflect","Acrobatics"],"picked":"Malaise","floor":13.0},{"not_picked":["Deadly Poison","Dagger Spray"],"picked":"Choke","floor":14.0},{"not_picked":["Burst","Malaise"],"picked":"Adrenaline","floor":16.0},{"not_picked":["Backflip","Dagger Throw","Dodge and Roll"],"picked":"SKIP","floor":18},{"not_picked":["Expertise","Poisoned Stab"],"picked":"Tactician","floor":21},{"not_picked":["Backflip","Underhanded Strike"],"picked":"Masterful Stab","floor":24}],"player_experience":600759,"relics_obtained":[{"floor":7.0,"key":"Centennial Puzzle"},{"floor":9.0,"key":"Strawberry"},{"floor":12.0,"key":"HornCleat"},{"floor":20,"key":"Nilry\u0027s Codex"}],"event_choices":[{"damage_healed":0.0,"max_hp_gain":0.0,"max_hp_loss":0.0,"gold_gain":0.0,"event_name":"Liars Game","player_choice":"Ignored","floor":10.0,"gold_loss":0.0,"damage_taken":0.0},{"damage_healed":0,"gold_gain":0,"player_choice":"Ignored","damage_taken":0,"max_hp_gain":0,"max_hp_loss":0,"event_name":"Ghosts","floor":19,"gold_loss":0},{"damage_healed":0,"gold_gain":0,"player_choice":"Obtained Book","damage_taken":21,"max_hp_gain":0,"max_hp_loss":0,"event_name":"Cursed Tome","floor":20,"gold_loss":0},{"cards_removed":["Strike_G"],"damage_healed":0,"gold_gain":0,"player_choice":"Gave Gold","damage_taken":0,"max_hp_gain":0,"max_hp_loss":0,"event_name":"Beggar","floor":22,"gold_loss":75}],"is_beta":false,"boss_relics":[{"not_picked":["Calling Bell","Busted Crown"],"picked":"Fusion Hammer"}],"items_purged_floors":[],"is_endless":false,"potions_floor_spawned":[1,7,12,14,16],"killed_by":"Snecko","ascension_level":19}}