{"host":"mytek2nu1hrzdnew","time":1610210079,"event":{"mods":["100% Spire Juice","Aspiration","BaseMod","Conspire","GifTheSpireLib","Gold Saver","Hubris","Minty Spire (QoL Compilation)","Replay The Spire","StSLib","Stuff the Spire","Uncapped"],"gold_per_floor":[1354,1134,1151,465,480,507,507,540,540,585,625,653,220,244,244],"floor_reached":14,"playtime":784,"items_purged":["Moonworks:Strike","Moonworks:Strike"],"score":142,"play_id":"649e3f71-e015-4542-957b-9c827bb9f983","local_time":"20210109113439","is_ascension_mode":true,"campfire_choices":[{"floor":7,"key":"REST"}],"circlet_count":0,"master_deck":["Moonworks:Strike","Moonworks:Strike","Moonworks:Defend","Moonworks:Defend","Moonworks:Defend","Moonworks:Defend","Moonworks:Ambush","Moonworks:LongDistanceShot","Moonworks:HolyNight","Moonworks:Dash","Moonworks:EvilSpyWorkPreparation","ReplayTheSpireMod:Brewmster","Flash of Steel","Moonworks:BigMagnum","Moonworks:WindyEnchantment","Moonworks:WindyEnchantment","Moonworks:Dash","Moonworks:CloudOfSeagulls","Moonworks:FullSpeedAlicianrone","Moonworks:CloudOfSeagulls","Crow Ritual"],"relics":["Moonworks:BrokenBomb","Moonworks:Homemark","hubris:GlazedTorus","Replay:Bandana","Replay:Rubber Ducky","hubris:TinFlute"],"acts_visited":["Exordium"],"potions_floor_usage":[4,5,6,6,11,12],"damage_taken":[{"damage":0,"enemies":"Small Slimes","floor":1,"turns":3},{"damage":8,"enemies":"Jaw Worm","floor":2,"turns":4},{"damage":0,"enemies":"2 Louse","floor":3,"turns":1},{"damage":3,"enemies":"Blue Slaver","floor":5,"turns":2},{"damage":21,"enemies":"Gremlin Nob","floor":6,"turns":3},{"damage":15,"enemies":"Exordium Wildlife","floor":8,"turns":3},{"damage":5,"enemies":"3 Sentries","floor":10,"turns":3},{"damage":5,"enemies":"Gremlin Gang","floor":11,"turns":2},{"damage":0,"enemies":"2 Fungi Beasts","floor":12,"turns":3},{"damage":65,"enemies":"Gremlin Nob","floor":14,"turns":3}],"seed_played":"4943773219740460358","potions_obtained":[{"floor":1,"key":"AttackPotion"},{"floor":3,"key":"Fruit Juice"},{"floor":12,"key":"PowerPotion"}],"is_trial":false,"path_per_floor":["M","M","M","$","M","E","R","M","T","E","M","M","$","E"],"character_chosen":"THE_STARBREAKER","items_purchased":["hubris:GlazedTorus","Moonworks:EvilSpyWorkPreparation","ReplayTheSpireMod:Brewmster","Flash of Steel","Moonworks:CloudOfSeagulls","Crow Ritual"],"campfire_rested":1,"item_purchase_floors":[4,4,4,4,13,13],"current_hp_per_floor":[60,52,52,57,54,33,52,37,37,32,27,27,27,0,0],"gold":244,"neow_bonus":"ONE_RANDOM_RARE_CARD","is_daily":false,"chose_seed":false,"campfire_upgraded":0,"win_rate":0.0,"timestamp":1610210079,"path_taken":["M","M","M","$","M","E","R","M","T","E","M","M","$","E"],"items_purchased_type":["Relic","Card","Card","Card","Card","Card"],"build_version":"2020-12-22","purchased_purges":2,"victory":false,"max_hp_per_floor":[60,60,60,65,65,65,65,65,65,65,65,65,65,65,65],"card_choices":[{"not_picked":["Moonworks:AngelHand","Moonworks:MiracleWalker"],"picked":"Moonworks:Dash","floor":1},{"not_picked":["Moonworks:NicePresent","Moonworks:Heat300Percent","Moonworks:ImOnFire"],"picked":"SKIP","floor":2},{"not_picked":["Moonworks:SealedMemories","Moonworks:LulusLuckyEgg","Moonworks:Assault"],"picked":"SKIP","floor":3},{"not_picked":["Moonworks:Poppoformation","Moonworks:Bloodlust"],"picked":"Moonworks:BigMagnum","floor":5},{"not_picked":["Moonworks:Assault","Moonworks:Blazing"],"picked":"Moonworks:WindyEnchantment","floor":6},{"not_picked":["Moonworks:DeployBits","Moonworks:NicePresent"],"picked":"Moonworks:WindyEnchantment","floor":8},{"not_picked":["Moonworks:FinalSurgery","Moonworks:IndiscriminateFireSupport"],"picked":"Moonworks:Dash","floor":10},{"not_picked":["Moonworks:IndiscriminateFireSupport","Moonworks:BeyondHell"],"picked":"Moonworks:CloudOfSeagulls","floor":11},{"not_picked":["Moonworks:BigMagnum","Moonworks:DeployBits"],"picked":"Moonworks:FullSpeedAlicianrone","floor":12}],"player_experience":1037032,"relics_obtained":[{"floor":6,"key":"Replay:Bandana"},{"floor":9,"key":"Replay:Rubber Ducky"},{"floor":10,"key":"hubris:TinFlute"}],"event_choices":[],"is_beta":false,"boss_relics":[],"items_purged_floors":[4,13],"is_endless":false,"potions_floor_spawned":[1,3,11,12],"killed_by":"Gremlin Nob","ascension_level":2}}