{"host":"u1dfzl6o6mfmauc3","time":1610153692,"event":{"mods":["2.2 Compatiblity","BaseMod","Block Reminder","Hermit","Minty Spire (QoL Compilation)","Relic Stats","StSLib"],"gold_per_floor":[118,118,136,149,163,207,207,232,259,290,308,308,332,30,30,155,155,168,438,60,60,74,74,90,123,150,165,165,165,165,165,165,270,270,288,303,353,353,353,386,386,418,443,228,174,206,218,245,257,269],"floor_reached":51,"playtime":17276,"items_purged":["Strike_R","Strike_R"],"score":750,"play_id":"412e25ac-9005-4f2c-9767-60af405e0513","local_time":"20210108195452","is_ascension_mode":false,"campfire_choices":[{"data":"Feed","floor":7,"key":"SMITH"},{"data":"True Grit","floor":12,"key":"SMITH"},{"data":"Offering","floor":15,"key":"SMITH"},{"data":"Shockwave","floor":23,"key":"SMITH"},{"data":"Metallicize","floor":28,"key":"SMITH"},{"data":"Pommel Strike","floor":30,"key":"SMITH"},{"data":"Rupture","floor":32,"key":"SMITH"},{"floor":47,"key":"REST"},{"floor":49,"key":"REST"}],"circlet_count":0,"master_deck":["Strike_R","Strike_R","Defend_R","Defend_R","Defend_R","Defend_R","Bash","CurseOfTheBell","Sword Boomerang","Shockwave+1","Metallicize+1","Offering+1","Feed+1","Pommel Strike+1","Rupture+1","True Grit+1","Clothesline","Disarm","Brutality","Cleave+1","Impervious","Burning Pact+1","Feel No Pain+1","Burning Pact","Shrug It Off+1"],"relics":["Calling Bell","Strawberry","Matryoshka","Champion Belt","Bloody Idol","Eternal Feather","Juzu Bracelet","Orichalcum","Odd Mushroom","Self Forming Clay","Snecko Eye","Boot","Toolbox","Bag of Preparation","InkBottle","Vajra","Fusion Hammer","Charon\u0027s Ashes","Ornamental Fan","Molten Egg 2","Bottled Tornado","Dream Catcher","MawBank"],"acts_visited":["Exordium","TheCity","TheBeyond"],"potions_floor_usage":[6,11,42,46,50],"damage_taken":[{"damage":1,"enemies":"2 Louse","floor":1,"turns":4},{"damage":0,"enemies":"Small Slimes","floor":3,"turns":3},{"damage":0,"enemies":"Cultist","floor":4,"turns":3},{"damage":2,"enemies":"Large Slime","floor":5,"turns":6},{"damage":10,"enemies":"3 Sentries","floor":6,"turns":4},{"damage":7,"enemies":"2 Fungi Beasts","floor":8,"turns":3},{"damage":12,"enemies":"The Mushroom Lair","floor":10,"turns":4},{"damage":20,"enemies":"Exordium Thugs","floor":11,"turns":5},{"damage":6,"enemies":"Exordium Wildlife","floor":13,"turns":4},{"damage":35,"enemies":"Slime Boss","floor":16,"turns":18},{"damage":11,"enemies":"3 Byrds","floor":18,"turns":7},{"damage":6,"enemies":"Chosen","floor":22,"turns":4},{"damage":9,"enemies":"Shelled Parasite and Fungi","floor":24,"turns":8},{"damage":16,"enemies":"Slavers","floor":25,"turns":5},{"damage":9,"enemies":"Snecko","floor":27,"turns":4},{"damage":21,"enemies":"Champ","floor":33,"turns":9},{"damage":13,"enemies":"3 Darklings","floor":35,"turns":3},{"damage":6,"enemies":"Orb Walker","floor":36,"turns":3},{"damage":6,"enemies":"Mind Bloom Boss Battle","floor":37,"turns":5},{"damage":19,"enemies":"Reptomancer","floor":40,"turns":7},{"damage":47,"enemies":"Giant Head","floor":42,"turns":10},{"damage":8,"enemies":"Transient","floor":46,"turns":5},{"damage":6,"enemies":"4 Shapes","floor":48,"turns":5},{"damage":41,"enemies":"Time Eater","floor":50,"turns":13}],"seed_played":"7719704498932043201","potions_obtained":[{"floor":3,"key":"AttackPotion"},{"floor":4,"key":"GamblersBrew"},{"floor":5,"key":"EssenceOfSteel"},{"floor":6,"key":"BloodPotion"},{"floor":13,"key":"Regen Potion"},{"floor":42,"key":"BloodPotion"},{"floor":46,"key":"BloodPotion"}],"is_trial":false,"path_per_floor":["M","?","M","M","M","E","R","M","T","?","M","R","M","$","R","B",null,"M","?","$","?","M","R","M","E","T","M","R","?","R","?","R","B",null,"M","M","?","T","?","E","?","E","T","$","?","M","R","M","R","B",null],"character_chosen":"IRONCLAD","items_purchased":["Self Forming Clay","Disarm","Boot","Toolbox","DuplicationPotion","Burning Pact"],"campfire_rested":2,"item_purchase_floors":[14,14,20,20,44,44],"current_hp_per_floor":[86,81,81,81,79,69,78,75,75,67,68,77,75,75,87,56,101,94,67,67,67,65,77,72,60,60,55,67,67,79,79,91,79,125,117,120,123,123,123,113,103,91,96,96,96,124,134,137,138,97],"gold":281,"neow_bonus":"BOSS_RELIC","is_daily":false,"chose_seed":false,"campfire_upgraded":7,"win_rate":0.0,"timestamp":1610153692,"path_taken":["M","?","M","M","M","E","R","M","T","?","M","R","M","$","R","BOSS","M","?","$","?","M","R","M","E","T","M","R","?","R","?","R","BOSS","M","M","?","?","?","E","?","E","T","$","?","M","R","M","R","BOSS"],"items_purchased_type":["Relic","Card","Relic","Relic","Potion","Card"],"build_version":"2020-12-22","purchased_purges":2,"victory":true,"max_hp_per_floor":[87,81,81,81,81,81,81,85,85,89,93,93,97,97,97,101,101,105,105,105,105,109,109,113,117,117,121,121,121,121,121,121,125,125,125,129,133,133,126,130,130,134,134,134,134,134,134,138,138,138],"relic_stats":{"counters":[24,142],"Self Forming Clay":[183],"Eternal Feather":89,"Charon\u0027s Ashes":[229],"Juzu Bracelet":2,"Bag of Preparation":[20],"Orichalcum":[186],"Boot":[25],"MawBank":72,"Dream Catcher":2,"Ornamental Fan":[64],"Bloody Idol":55,"Snecko Eye":[183,208,205,201],"Champion Belt":[68],"obtain_stats":[{"Vajra":26,"Juzu Bracelet":9,"Bag of Preparation":25,"Bottled Tornado":42,"Boot":20,"Burning Blood":0,"Dream Catcher":43,"Matryoshka":0,"Strawberry":0,"Toolbox":20,"Fusion Hammer":34,"InkBottle":26,"Golden Idol":2,"Self Forming Clay":14,"Eternal Feather":6,"Charon\u0027s Ashes":37,"Orichalcum":9,"Odd Mushroom":10,"MawBank":45,"Calling Bell":0,"Ornamental Fan":38,"Bloody Idol":29,"Snecko Eye":17,"Molten Egg 2":40,"Champion Belt":0},{"Vajra":14,"Juzu Bracelet":6,"Bag of Preparation":14,"Bottled Tornado":21,"Boot":11,"Burning Blood":0,"Dream Catcher":21,"Matryoshka":0,"Strawberry":0,"Toolbox":11,"Fusion Hammer":16,"InkBottle":14,"Golden Idol":1,"Self Forming Clay":9,"Eternal Feather":5,"Charon\u0027s Ashes":19,"Orichalcum":6,"Odd Mushroom":7,"MawBank":21,"Calling Bell":0,"Ornamental Fan":19,"Bloody Idol":15,"Snecko Eye":10,"Molten Egg 2":20,"Champion Belt":0},{"Vajra":78,"Juzu Bracelet":23,"Bag of Preparation":78,"Bottled Tornado":119,"Boot":61,"Burning Blood":0,"Dream Catcher":119,"Matryoshka":0,"Strawberry":0,"Toolbox":61,"Fusion Hammer":91,"InkBottle":78,"Golden Idol":4,"Self Forming Clay":36,"Eternal Feather":20,"Charon\u0027s Ashes":102,"Orichalcum":23,"Odd Mushroom":27,"MawBank":119,"Calling Bell":0,"Ornamental Fan":102,"Bloody Idol":82,"Snecko Eye":54,"Molten Egg 2":109,"Champion Belt":0}],"InkBottle":[23]},"card_choices":[{"not_picked":["Body Slam","Infernal Blade"],"picked":"Sword Boomerang","floor":1},{"not_picked":["Disarm","Carnage"],"picked":"Shockwave","floor":3},{"not_picked":["Second Wind","Anger"],"picked":"Metallicize","floor":4},{"not_picked":["Burning Pact","Cleave"],"picked":"Offering","floor":5},{"not_picked":["Uppercut","Power Through"],"picked":"Feed","floor":6},{"not_picked":["Perfected Strike","Flex"],"picked":"Pommel Strike","floor":8},{"not_picked":["Fire Breathing","Rampage"],"picked":"Rupture","floor":10},{"not_picked":["Headbutt","Thunderclap"],"picked":"True Grit","floor":11},{"not_picked":["Dual Wield","Bludgeon"],"picked":"Clothesline","floor":13},{"not_picked":["Feed","Barricade"],"picked":"Brutality","floor":16},{"not_picked":["Blood for Blood","Pommel Strike","Clothesline+1"],"picked":"SKIP","floor":18},{"not_picked":["Flex","Dropkick+1","Rampage"],"picked":"SKIP","floor":22},{"not_picked":["Perfected Strike","Body Slam","Armaments"],"picked":"SKIP","floor":24},{"not_picked":["Anger","Seeing Red"],"picked":"Cleave+1","floor":25},{"not_picked":["Warcry","Armaments","Sword Boomerang+1"],"picked":"SKIP","floor":27},{"not_picked":["Feed","Bludgeon"],"picked":"Impervious","floor":33},{"not_picked":["Anger+1","Flex+1"],"picked":"Burning Pact+1","floor":35},{"not_picked":["Perfected Strike+1","Shockwave+1","Flex"],"picked":"SKIP","floor":36},{"not_picked":["Sword Boomerang+1","True Grit","Clothesline+1"],"picked":"SKIP","floor":40},{"not_picked":["Pommel Strike+1","Offering"],"picked":"Feel No Pain+1","floor":42},{"not_picked":["Twin Strike+1","Dual Wield","Thunderclap+1"],"picked":"SKIP","floor":46},{"not_picked":["Clothesline+1","Anger+1"],"picked":"Shrug It Off+1","floor":48}],"player_experience":12795,"relics_obtained":[{"floor":0,"key":"Strawberry"},{"floor":0,"key":"Matryoshka"},{"floor":0,"key":"Champion Belt"},{"floor":6,"key":"Eternal Feather"},{"floor":9,"key":"Juzu Bracelet"},{"floor":9,"key":"Orichalcum"},{"floor":10,"key":"Odd Mushroom"},{"floor":25,"key":"Bag of Preparation"},{"floor":26,"key":"InkBottle"},{"floor":26,"key":"Vajra"},{"floor":37,"key":"Charon\u0027s Ashes"},{"floor":38,"key":"Ornamental Fan"},{"floor":40,"key":"Molten Egg 2"},{"floor":42,"key":"Bottled Tornado"},{"floor":43,"key":"Dream Catcher"}],"event_choices":[{"damage_healed":0,"gold_gain":0,"player_choice":"Lose Max HP","damage_taken":0,"relics_obtained":["Golden Idol"],"max_hp_gain":0,"max_hp_loss":6,"event_name":"Golden Idol","floor":2,"gold_loss":0},{"damage_healed":0,"gold_gain":0,"player_choice":"Fought Mushrooms","damage_taken":0,"max_hp_gain":0,"max_hp_loss":0,"event_name":"Mushrooms","floor":10,"gold_loss":0},{"damage_healed":0,"gold_gain":270,"player_choice":"GOLD GOLD GOLD ","damage_taken":27,"max_hp_gain":0,"max_hp_loss":0,"event_name":"Knowing Skull","floor":19,"potions_obtained":[],"gold_loss":0,"cards_obtained":[]},{"damage_healed":0,"gold_gain":0,"player_choice":"Ignored","damage_taken":0,"max_hp_gain":0,"max_hp_loss":0,"event_name":"Vampires","floor":21,"gold_loss":0},{"damage_healed":0,"gold_gain":0,"player_choice":"Gave Idol","damage_taken":0,"relics_obtained":["Bloody Idol"],"max_hp_gain":0,"max_hp_loss":0,"event_name":"Forgotten Altar","floor":29,"relics_lost":["Golden Idol"],"gold_loss":0},{"cards_removed":["Strike_R"],"damage_healed":0,"gold_gain":0,"player_choice":"Purged","damage_taken":0,"max_hp_gain":0,"max_hp_loss":0,"event_name":"Purifier","floor":31,"gold_loss":0},{"damage_healed":0,"gold_gain":0,"player_choice":"Fight","damage_taken":0,"max_hp_gain":0,"max_hp_loss":0,"event_name":"MindBloom","floor":37,"gold_loss":0},{"damage_healed":0,"gold_gain":0,"player_choice":"Max HP","damage_taken":0,"max_hp_gain":0,"max_hp_loss":7,"event_name":"Winding Halls","floor":39,"gold_loss":0},{"damage_healed":0,"gold_gain":0,"player_choice":"Memory 3","damage_taken":10,"max_hp_gain":0,"max_hp_loss":0,"event_name":"SensoryStone","floor":41,"gold_loss":0},{"damage_healed":0,"gold_gain":0,"player_choice":"Paid Gold","damage_taken":0,"relics_obtained":["MawBank"],"max_hp_gain":0,"max_hp_loss":0,"event_name":"WeMeetAgain","floor":45,"gold_loss":54}],"is_beta":false,"boss_relics":[{"not_picked":["Runic Cube","Mark of Pain"],"picked":"Snecko Eye"},{"not_picked":["SlaversCollar","Empty Cage"],"picked":"Fusion Hammer"}],"items_purged_floors":[20,44],"is_endless":false,"potions_floor_spawned":[3,4,5,6,13,18,25,27,35,42,46],"ascension_level":0}}