{"host":"kig4ty9d1aubg29s","time":1610197839,"event":{"mods":["BaseMod","Minty Spire (QoL Compilation)","READ ME - Guardian Mod","READ ME - Snecko Mod","StSLib","The Cursed","The Gatherer","The Hierophant","The Runesmith"],"gold_per_floor":[109,109,384,403,421,453,483,493,493,503,535,535,610,629,629,705,705,715,715,715,13,29,29,62,62,137,237,237,237,250,277,277,277,277],"floor_reached":33,"playtime":1039,"items_purged":["Regret"],"score":586,"play_id":"e2cbfa6b-1e71-4c77-9683-e7d7b0fa4337","local_time":"20210109221039","is_ascension_mode":true,"campfire_choices":[{"floor":12,"key":"REST"},{"data":"Electrodynamics","floor":15,"key":"SMITH"},{"data":"Sunder","floor":23,"key":"SMITH"},{"floor":25,"key":"REST"},{"floor":29,"key":"REST"},{"data":"Storm","floor":32,"key":"SMITH"}],"circlet_count":0,"master_deck":["AscendersBane","Strike_B+1","Strike_B+1","Strike_B+1","Strike_B+1","Defend_B+1","Defend_B+1","Defend_B+1","Defend_B+1","Zap+1","Dualcast","Chaos+1","Sunder+1","Go for the Eyes","Electrodynamics+1","Gash+1","BootSequence","Ball Lightning","Self Repair","Machine Learning","Rebound+1","Glacier+1","Chill+1","TheCursedMod:Dregs","Gash+1","Storm+1","Chaos+1"],"relics":["Cracked Core","Strawberry","Whetstone","Mercury Hourglass","Cursed Key","HornCleat","Lantern","Runesmith:Nanobots","Sling","Molten Egg 2","Darkstone Periapt","Girya","Ornamental Fan","Anchor"],"acts_visited":["Exordium","TheCity"],"potions_floor_usage":[6,16,16,33,33],"damage_taken":[{"damage":7,"enemies":"Small Slimes","floor":1,"turns":3},{"damage":2,"enemies":"Jaw Worm","floor":4,"turns":2},{"damage":3,"enemies":"Cultist","floor":5,"turns":3},{"damage":13,"enemies":"3 Sentries","floor":6,"turns":4},{"damage":1,"enemies":"Large Slime","floor":8,"turns":4},{"damage":4,"enemies":"3 Louse","floor":10,"turns":2},{"damage":12,"enemies":"Lagavulin","floor":11,"turns":5},{"damage":0,"enemies":"Looter","floor":14,"turns":2},{"damage":32,"enemies":"The Guardian","floor":16,"turns":7},{"damage":3,"enemies":"3 Byrds","floor":18,"turns":3},{"damage":0,"enemies":"Chosen","floor":22,"turns":2},{"damage":34,"enemies":"Slavers","floor":24,"turns":5},{"damage":0,"enemies":"Colosseum Slavers","floor":27,"turns":2},{"damage":27,"enemies":"Colosseum Nobs","floor":27,"turns":4},{"damage":8,"enemies":"Shelled Parasite and Fungi","floor":30,"turns":5},{"damage":1,"enemies":"Gremlin Leader","floor":31,"turns":6},{"damage":82,"enemies":"Automaton","floor":33,"turns":8}],"seed_played":"6342579335235311806","potions_obtained":[{"floor":1,"key":"Fire Potion"},{"floor":4,"key":"Fire Potion"},{"floor":10,"key":"Block Potion"},{"floor":11,"key":"PowerPotion"},{"floor":18,"key":"Swift Potion"},{"floor":27,"key":"BlessingOfTheForge"},{"floor":31,"key":"CultistPotion"}],"is_trial":false,"path_per_floor":["M","?","?","M","M","E","?","M","T","M","E","R","?","M","R","B",null,"M","?","?","$","M","R","E","R","T","?","?","R","M","E","R","B"],"character_chosen":"DEFECT","items_purchased":["Lantern","Runesmith:Nanobots","Sling"],"campfire_rested":3,"item_purchase_floors":[21,21,21],"current_hp_per_floor":[57,57,57,55,52,46,46,45,45,41,29,52,41,41,41,16,63,60,60,60,60,60,60,33,56,56,36,36,59,58,64,64,0,0],"gold":277,"neow_bonus":"UPGRADE_CARD","is_daily":false,"chose_seed":false,"campfire_upgraded":3,"win_rate":0.0,"timestamp":1610197839,"path_taken":["M","?","?","?","M","E","?","M","T","M","E","R","?","M","R","BOSS","M","?","?","$","?","R","E","R","T","?","?","R","?","E","R","BOSS"],"items_purchased_type":["Relic","Relic","Relic"],"build_version":"2020-12-22","purchased_purges":1,"victory":false,"max_hp_per_floor":[71,71,71,71,71,78,78,78,78,78,78,78,78,78,78,78,78,78,78,78,78,78,78,78,78,78,78,78,78,78,78,78,78,78],"card_choices":[{"not_picked":["Reprogram","Recycle"],"picked":"Chaos","floor":1},{"not_picked":["Go for the Eyes","Streamline"],"picked":"Sunder","floor":4},{"not_picked":["Reinforced Body","Leap"],"picked":"Go for the Eyes","floor":5},{"not_picked":["Recycle","Steam"],"picked":"Electrodynamics","floor":6},{"not_picked":["Coolheaded","Steam"],"picked":"Gash","floor":8},{"not_picked":["Compile Driver","Beam Cell"],"picked":"BootSequence","floor":10},{"not_picked":["BootSequence","Hologram"],"picked":"Ball Lightning","floor":11},{"not_picked":["Go for the Eyes","Defragment"],"picked":"Self Repair","floor":14},{"not_picked":["Rainbow","Seek"],"picked":"Machine Learning","floor":16},{"not_picked":["Reinforced Body","Blizzard"],"picked":"Rebound+1","floor":18},{"not_picked":["Conserve Battery","Sweeping Beam"],"picked":"Glacier","floor":22},{"not_picked":["Rebound+1","Steam"],"picked":"Chill+1","floor":24},{"not_picked":["Ball Lightning+1","Consume"],"picked":"Gash+1","floor":27},{"not_picked":["Gash+1","Compile Driver+1"],"picked":"Storm","floor":30},{"not_picked":["Steam","Chill"],"picked":"Chaos+1","floor":31}],"player_experience":1925474,"relics_obtained":[{"floor":6,"key":"Strawberry"},{"floor":9,"key":"Whetstone"},{"floor":11,"key":"Mercury Hourglass"},{"floor":24,"key":"Molten Egg 2"},{"floor":26,"key":"Darkstone Periapt"},{"floor":27,"key":"Girya"},{"floor":27,"key":"Ornamental Fan"},{"floor":31,"key":"Anchor"}],"event_choices":[{"damage_healed":0,"gold_gain":0,"player_choice":"Grow","damage_taken":0,"max_hp_gain":0,"max_hp_loss":0,"event_name":"Living Wall","floor":2,"gold_loss":0,"cards_upgraded":["Chaos"]},{"damage_healed":0,"gold_gain":275,"player_choice":"Desecrate","damage_taken":0,"max_hp_gain":0,"max_hp_loss":0,"event_name":"Golden Shrine","floor":3,"gold_loss":0,"cards_obtained":["Regret"]},{"damage_healed":0,"gold_gain":30,"player_choice":"Searched \u00271\u0027 times","damage_taken":0,"max_hp_gain":0,"max_hp_loss":0,"event_name":"Dead Adventurer","floor":7,"gold_loss":0},{"damage_healed":0,"gold_gain":75,"player_choice":"Gather Gold","damage_taken":11,"max_hp_gain":0,"max_hp_loss":0,"event_name":"World of Goop","floor":13,"gold_loss":0},{"damage_healed":0,"gold_gain":0,"player_choice":"Simplicity","damage_taken":0,"max_hp_gain":0,"max_hp_loss":0,"event_name":"Back to Basics","floor":19,"gold_loss":0,"cards_upgraded":["Strike_B","Strike_B","Strike_B","Defend_B","Defend_B","Defend_B","Defend_B"]},{"damage_healed":0,"gold_gain":0,"player_choice":"Gave Potion","damage_taken":0,"relics_obtained":["HornCleat"],"max_hp_gain":0,"max_hp_loss":0,"event_name":"WeMeetAgain","floor":20,"gold_loss":0},{"damage_healed":0,"gold_gain":0,"player_choice":"Fight","damage_taken":0,"max_hp_gain":0,"max_hp_loss":0,"event_name":"Colosseum","floor":27,"gold_loss":0},{"damage_healed":0,"gold_gain":0,"player_choice":"Fought Nobs","damage_taken":0,"max_hp_gain":0,"max_hp_loss":0,"event_name":"Colosseum","floor":27,"gold_loss":0},{"damage_healed":0,"gold_gain":0,"player_choice":"Upgraded","damage_taken":0,"max_hp_gain":0,"max_hp_loss":0,"event_name":"Upgrade Shrine","floor":28,"gold_loss":0,"cards_upgraded":["Glacier"]}],"is_beta":false,"boss_relics":[{"not_picked":["Coffee Dripper","FrozenCore"],"picked":"Cursed Key"}],"items_purged_floors":[21],"is_endless":false,"potions_floor_spawned":[1,4,10,11,18,27,31],"killed_by":"Automaton","ascension_level":20}}