{"host":"newqdrzxfhh2im9e","time":1610173432,"event":{"mods":["AchievementEnabler","BaseMod","BetterRewards","Block Reminder","Colored Map","Jorbs\u0027s Wanderer Trilogy","Minty Spire (QoL Compilation)","Rare Cards Sparkle","Shop Mod","StSLib"],"gold_per_floor":[122,136,16,45,65,65,65,65,89,89,113,137,137,163,163,267,294,317,317,31,58,67,99,99,125,148,148,49,75,87,103,103,214,214,236,260,260,260],"floor_reached":37,"playtime":1438,"items_purged":[],"score":383,"play_id":"d7fa5112-1209-43f3-aa71-05e31dc51dd3","local_time":"20210108222352","is_ascension_mode":false,"campfire_choices":[{"data":"DeceiveReality","floor":6,"key":"SMITH"},{"data":"FearNoEvil","floor":10,"key":"SMITH"},{"data":"Worship","floor":13,"key":"SMITH"},{"floor":15,"key":"REST"},{"floor":24,"key":"REST"},{"floor":27,"key":"REST"},{"floor":32,"key":"REST"}],"circlet_count":0,"master_deck":["Strike_P","Strike_P","Defend_P+1","Defend_P+1","Defend_P+1","Eruption","Vigilance+1","CurseOfTheBell","BattleHymn","FearNoEvil+1","DeceiveReality+1","Study","Worship+1","Vault","SpiritShield","Halt+1","Tantrum+1","WheelKick+1","LikeWater","Dramatic Entrance","Swivel","CarveReality","RitualDagger","Wallop+1","PathToVictory+1","Worship","BattleHymn+1","Brilliance","WreathOfFlame","Wish","EmptyMind+1","Indignation+1"],"relics":["Calling Bell","CeramicFish","Pear","Du-Vu Doll","War Paint","PreservedInsect","Astrolabe","Blood Vial","Juzu Bracelet","Vajra","Orrery","Bag of Preparation","VioletLotus"],"acts_visited":["Exordium","TheCity","TheBeyond"],"potions_floor_usage":[14,16,21,23,30,31,33,37,37],"damage_taken":[{"damage":0,"enemies":"Jaw Worm","floor":1,"turns":3},{"damage":2,"enemies":"Small Slimes","floor":2,"turns":3},{"damage":4,"enemies":"Cultist","floor":4,"turns":5},{"damage":9,"enemies":"2 Fungi Beasts","floor":5,"turns":4},{"damage":0,"enemies":"Looter","floor":11,"turns":3},{"damage":0,"enemies":"Exordium Wildlife","floor":12,"turns":5},{"damage":29,"enemies":"Exordium Thugs","floor":14,"turns":6},{"damage":6,"enemies":"Hexaghost","floor":16,"turns":8},{"damage":21,"enemies":"Spheric Guardian","floor":18,"turns":5},{"damage":23,"enemies":"Chosen","floor":21,"turns":5},{"damage":33,"enemies":"Slavers","floor":23,"turns":4},{"damage":17,"enemies":"Snake Plant","floor":25,"turns":5},{"damage":36,"enemies":"Shelled Parasite and Fungi","floor":30,"turns":6},{"damage":6,"enemies":"Centurion and Healer","floor":31,"turns":6},{"damage":24,"enemies":"Automaton","floor":33,"turns":5},{"damage":12,"enemies":"3 Shapes","floor":35,"turns":5},{"damage":33,"enemies":"3 Darklings","floor":36,"turns":4}],"seed_played":"-9205378000563518411","potions_obtained":[{"floor":12,"key":"Block Potion"},{"floor":14,"key":"ColorlessPotion"},{"floor":16,"key":"FearPotion"},{"floor":18,"key":"Swift Potion"},{"floor":25,"key":"SpeedPotion"},{"floor":30,"key":"Strength Potion"},{"floor":31,"key":"Strength Potion"},{"floor":33,"key":"SpeedPotion"},{"floor":36,"key":"LiquidBronze"}],"is_trial":false,"path_per_floor":["M","M","$","M","M","R","?","?","T","R","M","M","R","M","R","B",null,"M","?","$","M","?","E","R","M","T","R","$","T","M","M","R","B",null,"M","M","?"],"character_chosen":"WATCHER","items_purchased":["FearNoEvil","Block Potion","Blood Vial","Dramatic Entrance","Swivel","Orrery"],"campfire_rested":4,"item_purchase_floors":[3,3,20,20,20,28],"current_hp_per_floor":[82,80,80,76,67,67,51,51,51,51,51,51,51,22,46,40,82,61,82,82,59,53,22,46,31,31,55,55,55,21,17,41,19,82,70,39,0,0],"gold":260,"neow_bonus":"BOSS_RELIC","is_daily":false,"chose_seed":false,"campfire_upgraded":3,"win_rate":0.0,"timestamp":1610173432,"path_taken":["M","M","$","M","M","R","?","?","T","R","?","M","R","M","R","BOSS","M","?","$","M","?","E","R","M","T","R","$","?","M","M","R","BOSS","M","M","?"],"items_purchased_type":["Card","Potion","Relic","Card","Card","Relic"],"build_version":"2020-12-22","purchased_purges":0,"victory":false,"max_hp_per_floor":[82,82,82,82,82,82,82,82,82,82,82,82,82,82,82,82,82,82,82,82,82,82,82,82,82,82,82,82,82,82,82,82,82,82,82,82,82,82],"card_choices":[{"not_picked":["BowlingBash","ClearTheMind"],"picked":"BattleHymn","floor":1},{"not_picked":["ThirdEye","ClearTheMind","CrushJoints"],"picked":"SKIP","floor":2},{"not_picked":["Consecrate","CutThroughFate"],"picked":"DeceiveReality","floor":4},{"not_picked":["FollowUp","EmptyFist","JustLucky"],"picked":"SKIP","floor":5},{"not_picked":["Indignation","EmptyFist"],"picked":"Study","floor":11},{"not_picked":["EmptyFist","FlurryOfBlows"],"picked":"Worship","floor":12},{"not_picked":["Evaluate","BowlingBash"],"picked":"Vault","floor":14},{"not_picked":["Alpha","Scrawl"],"picked":"SpiritShield","floor":16},{"not_picked":["FlyingSleeves","Protect"],"picked":"LikeWater","floor":18},{"not_picked":["CrushJoints","FlurryOfBlows+1"],"picked":"CarveReality","floor":21},{"not_picked":["DeceiveReality","Prostrate","FearNoEvil"],"picked":"SKIP","floor":23},{"not_picked":["SashWhip","Crescendo"],"picked":"Wallop+1","floor":25},{"not_picked":["CutThroughFate","ClearTheMind"],"picked":"PathToVictory+1","floor":28},{"not_picked":["WheelKick","PathToVictory"],"picked":"Worship","floor":28},{"not_picked":["Brilliance","Prostrate"],"picked":"BattleHymn+1","floor":28},{"not_picked":["Crescendo+1","Protect"],"picked":"Brilliance","floor":28},{"not_picked":["Fasting2","EmptyBody"],"picked":"WreathOfFlame","floor":28},{"not_picked":["Prostrate","FlyingSleeves+1","FollowUp"],"picked":"SKIP","floor":30},{"not_picked":["CutThroughFate+1","Nirvana","FlurryOfBlows"],"picked":"SKIP","floor":31},{"not_picked":["ConjureBlade","Scrawl"],"picked":"Wish","floor":33},{"not_picked":["CutThroughFate+1","Indignation"],"picked":"EmptyMind+1","floor":35},{"not_picked":["ThirdEye","EmptyFist"],"picked":"Indignation+1","floor":36}],"player_experience":714255,"relics_obtained":[{"floor":0,"key":"CeramicFish"},{"floor":0,"key":"Pear"},{"floor":0,"key":"Du-Vu Doll"},{"floor":9,"key":"PreservedInsect"},{"floor":23,"key":"Juzu Bracelet"},{"floor":26,"key":"Vajra"},{"floor":29,"key":"Bag of Preparation"}],"event_choices":[{"damage_healed":0,"gold_gain":0,"player_choice":"Entered Light","damage_taken":16,"max_hp_gain":0,"max_hp_loss":0,"event_name":"Shining Light","floor":7,"gold_loss":0,"cards_upgraded":["Defend_P","Defend_P"]},{"damage_healed":0,"gold_gain":0,"player_choice":"Gave Potion","damage_taken":0,"relics_obtained":["War Paint"],"max_hp_gain":0,"max_hp_loss":0,"event_name":"WeMeetAgain","floor":8,"gold_loss":0},{"damage_healed":27,"gold_gain":0,"player_choice":"Heal","damage_taken":0,"max_hp_gain":0,"max_hp_loss":0,"event_name":"The Library","floor":19,"gold_loss":0},{"damage_healed":0,"gold_gain":0,"player_choice":"Joined the Cult","damage_taken":6,"max_hp_gain":0,"max_hp_loss":0,"event_name":"Nest","floor":22,"gold_loss":0,"cards_obtained":["RitualDagger"]},{"damage_healed":0,"gold_gain":0,"player_choice":"Fight","damage_taken":0,"max_hp_gain":0,"max_hp_loss":0,"event_name":"MindBloom","floor":37,"gold_loss":0}],"is_beta":false,"boss_relics":[{"not_picked":["Fusion Hammer","Cursed Key"],"picked":"Astrolabe"},{"not_picked":["Runic Pyramid","Tiny House"],"picked":"VioletLotus"}],"items_purged_floors":[],"is_endless":false,"potions_floor_spawned":[12,14,16,18,25,30,31,33,36],"killed_by":"Mind Bloom Boss Battle","ascension_level":0}}