{"host":"yecadp3kwkksam5a","time":1610209170,"event":{"mods":["BaseMod","Minty Spire (QoL Compilation)","StSLib"],"gold_per_floor":[113,38,52,62,62,89,103,114,140,140,171,171,201,215,215,286,286,298,298,310,321,334,368,288,317,342,375,390,194,119,119,119,195,245,256,310,310,330,348,377,393,427,427,452,452,477,497,517,517,517,517,517,517,2,37,37],"floor_reached":57,"playtime":4913,"items_purged":["Dodge and Roll","Dash","Poisoned Stab","Accuracy"],"score":3833,"play_id":"0d58c215-95ad-4b6e-821c-2d86a7f25125","local_time":"20210110011930","daily_mods":["Draft"],"is_ascension_mode":true,"campfire_choices":[{"data":"Tactician","floor":10.0,"key":"SMITH"},{"data":"Prepared","floor":12.0,"key":"SMITH"},{"data":"Acrobatics","floor":15.0,"key":"SMITH"},{"floor":32.0,"key":"RECALL"},{"data":"Flechettes","floor":45,"key":"SMITH"},{"data":"Backflip","floor":49,"key":"SMITH"},{"data":"Backflip","floor":53,"key":"SMITH"}],"circlet_count":0,"master_deck":["AscendersBane","Accuracy","Reflex+1","Tactician+1","Acrobatics+1","Acrobatics+1","Prepared+1","Flechettes+1","Backflip+1","Backflip+1","Footwork+1","After Image","Envenom"],"relics":["Ring of the Snake","War Paint","Bag of Marbles","Pen Nib","SacredBark","FaceOfCleric","The Courier","Nunchaku","Art of War","Question Card","Membership Card","Tiny House","Calipers","Oddly Smooth Stone","The Specimen","Juzu Bracelet","CeramicFish","Potion Belt","Shuriken","Thread and Needle","Centennial Puzzle","Toy Ornithopter"],"acts_visited":["Exordium","TheCity","TheBeyond","TheEnding"],"potions_floor_usage":[41,56,56,56],"damage_taken":[{"damage":1.0,"enemies":"Cultist","floor":1.0,"turns":3.0},{"damage":0.0,"enemies":"Jaw Worm","floor":3.0,"turns":3.0},{"damage":0.0,"enemies":"Small Slimes","floor":4.0,"turns":3.0},{"damage":0.0,"enemies":"Lagavulin","floor":6.0,"turns":2.0},{"damage":6.0,"enemies":"Looter","floor":7.0,"turns":2.0},{"damage":0.0,"enemies":"Blue Slaver","floor":8.0,"turns":1.0},{"damage":0.0,"enemies":"3 Sentries","floor":11.0,"turns":1.0},{"damage":0.0,"enemies":"Lagavulin","floor":13.0,"turns":1.0},{"damage":0.0,"enemies":"Large Slime","floor":14.0,"turns":2.0},{"damage":0.0,"enemies":"Slime Boss","floor":16.0,"turns":1.0},{"damage":0.0,"enemies":"3 Byrds","floor":18.0,"turns":1.0},{"damage":0.0,"enemies":"2 Thieves","floor":20.0,"turns":1.0},{"damage":0.0,"enemies":"3 Cultists","floor":21.0,"turns":1.0},{"damage":0.0,"enemies":"Snake Plant","floor":22.0,"turns":1.0},{"damage":0.0,"enemies":"Slavers","floor":23.0,"turns":1.0},{"damage":0.0,"enemies":"Book of Stabbing","floor":25.0,"turns":1.0},{"damage":0.0,"enemies":"Slavers","floor":27.0,"turns":1.0},{"damage":0.0,"enemies":"Shelled Parasite and Fungi","floor":28.0,"turns":1.0},{"damage":0.0,"enemies":"Automaton","floor":33.0,"turns":1.0},{"damage":0.0,"enemies":"Orb Walker","floor":35.0,"turns":1.0},{"damage":0,"enemies":"2 Orb Walkers","floor":36,"turns":1},{"damage":0,"enemies":"3 Shapes","floor":38,"turns":1},{"damage":0,"enemies":"Sphere and 2 Shapes","floor":39,"turns":1},{"damage":0,"enemies":"Nemesis","floor":40,"turns":1},{"damage":0,"enemies":"Jaw Worm Horde","floor":41,"turns":1},{"damage":0,"enemies":"Giant Head","floor":42,"turns":1},{"damage":0,"enemies":"Nemesis","floor":44,"turns":1},{"damage":0,"enemies":"Giant Head","floor":46,"turns":1},{"damage":0,"enemies":"Writhing Mass","floor":47,"turns":1},{"damage":0,"enemies":"Maw","floor":48,"turns":1},{"damage":0,"enemies":"Donu and Deca","floor":50,"turns":1},{"damage":0,"enemies":"Awakened One","floor":51,"turns":2},{"damage":0,"enemies":"Shield and Spear","floor":55,"turns":1},{"damage":0,"enemies":"The Heart","floor":56,"turns":4}],"seed_played":"3991580932792686941","potions_obtained":[{"floor":3.0,"key":"Dexterity Potion"},{"floor":6.0,"key":"Weak Potion"},{"floor":35.0,"key":"Swift Potion"},{"floor":41,"key":"Strength Potion"},{"floor":46,"key":"SteroidPotion"}],"is_trial":true,"path_per_floor":["M","$","M","M","$","E","M","M","T","R","E","R","E","M","R","B",null,"M","?","M","M","M","E","$","E","T","E","M","$","?","?","R","B",null,"M","?","?","M","M","E","M","E","T","E","R","E","M","M","R","B","B",null,"R","$","E","B",null],"character_chosen":"THE_SILENT","items_purchased":["Membership Card","Shuriken","SkillPotion","AttackPotion","DuplicationPotion","Poison Potion","SkillPotion","Energy Potion","Thread and Needle","Centennial Puzzle"],"campfire_rested":0,"item_purchase_floors":[29,54,54,54,54,54,54,54,54,54],"current_hp_per_floor":[58,58,58,58,58,58,52,52,52,52,52,52,52,52,52,52,63,63,63,64,65,66,67,67,68,68,69,70,70,70,73,73,74,79,80,81,81,82,83,84,85,86,86,87,87,88,89,90,90,91,92,92,92,92,93,94],"gold":37,"neow_bonus":"","is_daily":false,"chose_seed":false,"campfire_upgraded":6,"win_rate":0.0,"timestamp":1610209170,"path_taken":["M","?","M","M","$","E","M","M","T","R","E","R","E","M","R","BOSS","M","?","M","M","M","E","$","E","T","E","M","?","?","?","R","BOSS","M","?","?","M","M","E","M","E","T","E","R","E","M","M","R","BOSS","BOSS","R","$","E","BOSS"],"items_purchased_type":["Relic","Relic","Potion","Potion","Potion","Potion","Potion","Potion","Relic","Relic"],"build_version":"2020-12-22","purchased_purges":4,"victory":true,"max_hp_per_floor":[66,66,66,66,66,66,66,66,66,66,66,66,66,66,66,66,66,66,66,67,68,69,70,70,71,71,72,73,73,73,73,73,74,79,80,81,81,82,83,84,85,86,86,87,87,88,89,90,90,91,92,92,92,92,93,94],"card_choices":[{"not_picked":["Outmaneuver","Prepared"],"picked":"Accuracy","floor":0.0},{"not_picked":["Setup","Heel Hook"],"picked":"Reflex","floor":0.0},{"not_picked":["Slice","Acrobatics"],"picked":"Tactician","floor":0.0},{"not_picked":["Expertise","Slice"],"picked":"Accuracy","floor":0.0},{"not_picked":["PiercingWail","Infinite Blades"],"picked":"Acrobatics","floor":0.0},{"not_picked":["Deflect","Cloak And Dagger"],"picked":"Acrobatics","floor":0.0},{"not_picked":["Blur","Dagger Spray"],"picked":"Prepared","floor":0.0},{"not_picked":["Masterful Stab","All Out Attack"],"picked":"Dash","floor":0.0},{"not_picked":["Escape Plan","Accuracy"],"picked":"Flechettes","floor":0.0},{"not_picked":["Slice","Catalyst"],"picked":"Dodge and Roll","floor":0.0},{"not_picked":["Dagger Throw","Bane"],"picked":"Backflip","floor":0.0},{"not_picked":["Dodge and Roll","Dagger Throw"],"picked":"Backflip","floor":0.0},{"not_picked":["Heel Hook","Flying Knee"],"picked":"Poisoned Stab","floor":0.0},{"not_picked":["Quick Slash","Slice"],"picked":"Tactician","floor":0.0},{"not_picked":["Bane","Distraction"],"picked":"Footwork","floor":0.0},{"not_picked":["Deadly Poison","Bane","Deflect"],"picked":"SKIP","floor":1.0},{"not_picked":["PiercingWail","Slice","Bouncing Flask"],"picked":"SKIP","floor":3.0},{"not_picked":["Sucker Punch","Heel Hook","Tactician"],"picked":"SKIP","floor":4.0},{"not_picked":["Deadly Poison","Storm of Steel","Caltrops"],"picked":"SKIP","floor":6.0},{"not_picked":["Dagger Spray","Footwork","Terror"],"picked":"SKIP","floor":7.0},{"not_picked":["Dagger Spray","Footwork","Terror"],"picked":"SKIP","floor":7.0},{"not_picked":["Escape Plan","Deflect","Sucker Punch"],"picked":"SKIP","floor":8.0},{"not_picked":["Flying Knee","Night Terror","Masterful Stab"],"picked":"SKIP","floor":11.0},{"not_picked":["Endless Agony","Bane"],"picked":"After Image","floor":13.0},{"not_picked":["Catalyst","Quick Slash","Bane"],"picked":"SKIP","floor":14.0},{"not_picked":["Bouncing Flask","Blade Dance","Caltrops"],"picked":"SKIP","floor":18.0},{"not_picked":["Dash","Deflect","Deadly Poison"],"picked":"SKIP","floor":20.0},{"not_picked":["Slice","Dagger Throw","Deflect"],"picked":"SKIP","floor":21.0},{"not_picked":["Slice","PiercingWail","Acrobatics"],"picked":"SKIP","floor":22.0},{"not_picked":["Sucker Punch","Masterful Stab","Dagger Spray"],"picked":"SKIP","floor":23.0},{"not_picked":["Bullet Time","Flying Knee+1","Deflect+1"],"picked":"SKIP","floor":25.0},{"not_picked":["Outmaneuver","Burst","Infinite Blades"],"picked":"SKIP","floor":27.0},{"not_picked":["Dodge and Roll","Calculated Gamble","Dagger Spray","Skewer"],"picked":"SKIP","floor":28.0},{"not_picked":["Night Terror","Bullet Time","Wraith Form v2"],"picked":"Envenom","floor":33.0},{"not_picked":["Deadly Poison","Prepared","Leg Sweep","Tools of the Trade"],"picked":"SKIP","floor":35.0},{"not_picked":["Dagger Spray","Terror","All Out Attack","Flying Knee"],"picked":"SKIP","floor":38},{"not_picked":["Backflip","Dagger Throw","PiercingWail","Bane"],"picked":"SKIP","floor":39},{"not_picked":["Poisoned Stab","Dodge and Roll","Outmaneuver","Choke+1"],"picked":"SKIP","floor":40},{"not_picked":["Flechettes","Quick Slash","Slice","Acrobatics"],"picked":"SKIP","floor":41},{"not_picked":["Venomology","Terror","PiercingWail","Backstab+1"],"picked":"SKIP","floor":42},{"not_picked":["Acrobatics","Terror","Distraction","Slice"],"picked":"SKIP","floor":44},{"not_picked":["Predator+1","Leg Sweep+1","Backstab+1","All Out Attack"],"picked":"SKIP","floor":46},{"not_picked":["Reflex","Sucker Punch","Quick Slash","Dagger Throw"],"picked":"SKIP","floor":47},{"not_picked":["Riddle With Holes","Bane+1","Dodge and Roll","Eviscerate"],"picked":"SKIP","floor":48},{"not_picked":["Dagger Throw+1","Caltrops","Sucker Punch","Dodge and Roll+1"],"picked":"SKIP","floor":55}],"player_experience":468013,"relics_obtained":[{"floor":6.0,"key":"War Paint"},{"floor":11.0,"key":"Bag of Marbles"},{"floor":13.0,"key":"Pen Nib"},{"floor":23.0,"key":"The Courier"},{"floor":25.0,"key":"Nunchaku"},{"floor":26.0,"key":"Art of War"},{"floor":27.0,"key":"Question Card"},{"floor":36,"key":"Calipers"},{"floor":40,"key":"Oddly Smooth Stone"},{"floor":42,"key":"The Specimen"},{"floor":43,"key":"Juzu Bracelet"},{"floor":44,"key":"CeramicFish"},{"floor":46,"key":"Potion Belt"},{"floor":55,"key":"Toy Ornithopter"}],"event_choices":[{"damage_healed":0.0,"max_hp_gain":0.0,"max_hp_loss":0.0,"gold_gain":0.0,"event_name":"FaceTrader","player_choice":"Trade","floor":19.0,"gold_loss":0.0,"damage_taken":0.0,"relics_obtained":["FaceOfCleric"]},{"cards_removed":["Tactician"],"damage_healed":0.0,"max_hp_gain":0.0,"max_hp_loss":0.0,"gold_gain":0.0,"event_name":"Beggar","player_choice":"Gave Gold","floor":30.0,"gold_loss":75.0,"damage_taken":0.0},{"damage_healed":15.0,"max_hp_gain":0.0,"max_hp_loss":0.0,"gold_gain":0.0,"event_name":"The Library","player_choice":"Heal","floor":31.0,"gold_loss":0.0,"damage_taken":0.0},{"damage_healed":0,"gold_gain":0,"player_choice":"Fight","damage_taken":0,"max_hp_gain":0,"max_hp_loss":0,"event_name":"Mysterious Sphere","floor":36,"gold_loss":0},{"damage_healed":0,"gold_gain":0,"player_choice":"Ignored","damage_taken":0,"max_hp_gain":0,"max_hp_loss":0,"event_name":"Tomb of Lord Red Mask","floor":37,"gold_loss":0}],"is_beta":false,"boss_relics":[{"not_picked":["Busted Crown","Ring of the Serpent"],"picked":"SacredBark"},{"not_picked":["SlaversCollar","Snecko Eye"],"picked":"Tiny House"}],"items_purged_floors":[2,24,29,54],"is_endless":false,"potions_floor_spawned":[3,6,7,11,20,22,23,33,35,38,41,42,46],"ascension_level":20}}