{"host":"wshh0nphwn6jv7vj","time":1610168528,"event":{"mods":["BaseMod","Bestiary","Minty Spire (QoL Compilation)"],"gold_per_floor":[109,109,122,142,155,180,196,224,224,224,224,244,244,274,274,348,348,358,358,383,37,50,85,85,111,111,141,141,159,159,169,169,242,242,257,274,299,14,30,30,61,61,108,108,108,124,142,219,219,219],"floor_reached":51,"playtime":2682,"items_purged":["Strike_G","Strike_G"],"score":1354,"play_id":"3cd62c09-365f-466b-9643-b4dad383effa","local_time":"20210109000208","is_ascension_mode":true,"campfire_choices":[{"floor":13,"key":"REST"},{"floor":15,"key":"REST"},{"floor":24,"key":"REST"},{"data":"Neutralize","floor":28,"key":"SMITH"},{"data":"Cloak And Dagger","floor":30,"key":"SMITH"},{"floor":32,"key":"REST"},{"data":"Calculated Gamble","floor":40,"key":"SMITH"},{"data":"Footwork","floor":42,"key":"SMITH"},{"floor":44,"key":"REST"},{"data":"Survivor","floor":49,"key":"SMITH"}],"circlet_count":0,"master_deck":["AscendersBane","Defend_G","Defend_G","Defend_G","Defend_G","Survivor+1","Neutralize+1","Blade Dance","Blade Dance","Caltrops","Backstab","Accuracy","Calculated Gamble+1","Escape Plan","Finisher","Glass Knife","Well Laid Plans","RitualDagger","Accuracy","Cloak And Dagger+1","Terror","Footwork+1","Escape Plan","Tools of the Trade","Backflip","Cloak And Dagger","Dash+1"],"relics":["Ring of the Snake","MealTicket","Tiny Chest","Darkstone Periapt","WristBlade","Bag of Preparation","Sling","Meat on the Bone","Bottled Flame","Molten Egg 2","Bag of Marbles","Busted Crown","Du-Vu Doll","Sundial","Potion Belt","Pantograph"],"acts_visited":["Exordium","TheCity","TheBeyond"],"potions_floor_usage":[6,6,6,8,14,16,23,25,33,41,46,47,50],"damage_taken":[{"damage":2,"enemies":"Jaw Worm","floor":1,"turns":5},{"damage":4,"enemies":"2 Louse","floor":3,"turns":3},{"damage":0,"enemies":"Cultist","floor":4,"turns":4},{"damage":6,"enemies":"Looter","floor":5,"turns":3},{"damage":20,"enemies":"Lagavulin","floor":6,"turns":4},{"damage":1,"enemies":"Blue Slaver","floor":7,"turns":3},{"damage":23,"enemies":"3 Sentries","floor":8,"turns":8},{"damage":0,"enemies":"2 Fungi Beasts","floor":12,"turns":2},{"damage":7,"enemies":"Gremlin Nob","floor":14,"turns":3},{"damage":35,"enemies":"The Guardian","floor":16,"turns":11},{"damage":0,"enemies":"Chosen","floor":18,"turns":2},{"damage":7,"enemies":"3 Byrds","floor":22,"turns":4},{"damage":21,"enemies":"Book of Stabbing","floor":23,"turns":4},{"damage":7,"enemies":"Slavers","floor":25,"turns":3},{"damage":33,"enemies":"Gremlin Leader","floor":27,"turns":4},{"damage":4,"enemies":"Snake Plant","floor":29,"turns":3},{"damage":33,"enemies":"Shelled Parasite and Fungi","floor":31,"turns":3},{"damage":32,"enemies":"Champ","floor":33,"turns":8},{"damage":26,"enemies":"3 Darklings","floor":35,"turns":6},{"damage":8,"enemies":"3 Shapes","floor":36,"turns":3},{"damage":4,"enemies":"Mind Bloom Boss Battle","floor":37,"turns":5},{"damage":17,"enemies":"Maw","floor":39,"turns":5},{"damage":29,"enemies":"Reptomancer","floor":41,"turns":5},{"damage":31,"enemies":"Writhing Mass","floor":46,"turns":4},{"damage":22,"enemies":"Sphere and 2 Shapes","floor":47,"turns":2},{"damage":44,"enemies":"Donu and Deca","floor":50,"turns":8}],"seed_played":"-3571382446989280686","potions_obtained":[{"floor":1,"key":"EntropicBrew"},{"floor":3,"key":"Strength Potion"},{"floor":7,"key":"EssenceOfSteel"},{"floor":12,"key":"LiquidBronze"},{"floor":16,"key":"ColorlessPotion"},{"floor":23,"key":"Energy Potion"},{"floor":29,"key":"FairyPotion"},{"floor":31,"key":"SpeedPotion"},{"floor":41,"key":"SneckoOil"},{"floor":46,"key":"Ancient Potion"},{"floor":47,"key":"SkillPotion"}],"is_trial":false,"path_per_floor":["M","?","M","M","M","E","M","E","T","?","?","M","R","E","R","B",null,"M","?","T","$","M","E","R","E","T","E","R","M","R","M","R","B",null,"M","M","?","$","M","R","E","R","T","R","?","M","M","T","R","B",null],"character_chosen":"THE_SILENT","items_purchased":["Accuracy","Sling","Cloak And Dagger","Cloak And Dagger","Regen Potion","Energy Potion"],"campfire_rested":5,"item_purchase_floors":[21,21,21,38,38,38],"current_hp_per_floor":[57,62,58,58,52,32,31,8,8,8,8,8,27,20,39,4,50,50,44,44,59,52,31,50,43,43,22,22,30,30,31,50,30,56,42,34,42,57,40,40,32,32,32,51,51,32,22,22,22,15],"gold":219,"neow_bonus":"REMOVE_TWO","is_daily":false,"chose_seed":false,"campfire_upgraded":5,"win_rate":0.0,"timestamp":1610168528,"path_taken":["M","?","M","M","M","E","M","E","T","?","?","M","R","E","R","BOSS","M","?","?","$","?","E","R","E","T","E","R","M","R","M","R","BOSS","M","M","?","$","M","R","E","R","T","R","?","M","M","?","R","BOSS"],"items_purchased_type":["Card","Relic","Card","Card","Potion","Potion"],"build_version":"2020-12-22","purchased_purges":2,"victory":true,"max_hp_per_floor":[60,65,65,65,65,65,65,65,65,65,65,65,65,65,65,65,65,65,65,65,65,65,65,65,65,65,65,65,65,65,65,65,65,65,65,65,65,65,65,65,65,65,65,65,65,65,65,65,65,65],"card_choices":[{"not_picked":["Tactician","Dagger Spray"],"picked":"Blade Dance","floor":1},{"not_picked":["Slice","Deadly Poison"],"picked":"Blade Dance","floor":3},{"not_picked":["Infinite Blades","Choke","Acrobatics"],"picked":"SKIP","floor":4},{"not_picked":["Poisoned Stab","Heel Hook"],"picked":"Caltrops","floor":5},{"not_picked":["Flying Knee","Eviscerate"],"picked":"Backstab","floor":6},{"not_picked":["Dodge and Roll","Underhanded Strike","Acrobatics"],"picked":"SKIP","floor":7},{"not_picked":["PiercingWail","Choke"],"picked":"Accuracy","floor":8},{"not_picked":["Flying Knee","Sucker Punch"],"picked":"Escape Plan","floor":12},{"not_picked":["Bouncing Flask","Distraction"],"picked":"Finisher","floor":14},{"not_picked":["Doppelganger","Grand Finale"],"picked":"Glass Knife","floor":16},{"not_picked":["Dodge and Roll","Distraction"],"picked":"Well Laid Plans","floor":18},{"not_picked":["Flying Knee","Deadly Poison","Deflect"],"picked":"SKIP","floor":22},{"not_picked":["Infinite Blades","Deflect"],"picked":"Terror","floor":23},{"not_picked":["Burst","Blur"],"picked":"Footwork","floor":25},{"not_picked":["PiercingWail","Finisher+1"],"picked":"Escape Plan","floor":27},{"not_picked":["Cloak And Dagger","Terror","Prepared"],"picked":"SKIP","floor":29},{"not_picked":["Underhanded Strike+1","Outmaneuver","Poisoned Stab+1"],"picked":"SKIP","floor":31},{"not_picked":["Bullet Time","Malaise"],"picked":"Tools of the Trade","floor":33},{"not_picked":[],"picked":"Backflip","floor":35},{"not_picked":["Predator+1"],"picked":"SKIP","floor":36},{"not_picked":["Bouncing Flask+1"],"picked":"SKIP","floor":39},{"not_picked":["Flying Knee+1"],"picked":"SKIP","floor":41},{"not_picked":["Expertise"],"picked":"SKIP","floor":46},{"not_picked":[],"picked":"Dash+1","floor":47}],"player_experience":1554138,"relics_obtained":[{"floor":6,"key":"MealTicket"},{"floor":8,"key":"Tiny Chest"},{"floor":14,"key":"Darkstone Periapt"},{"floor":20,"key":"Bag of Preparation"},{"floor":23,"key":"Meat on the Bone"},{"floor":25,"key":"Bottled Flame"},{"floor":26,"key":"Molten Egg 2"},{"floor":27,"key":"Bag of Marbles"},{"floor":37,"key":"Du-Vu Doll"},{"floor":41,"key":"Sundial"},{"floor":43,"key":"Potion Belt"},{"floor":48,"key":"Pantograph"}],"event_choices":[{"damage_healed":0,"gold_gain":0,"player_choice":"Donut","damage_taken":0,"max_hp_gain":5,"max_hp_loss":0,"event_name":"Big Fish","floor":2,"gold_loss":0},{"damage_healed":0,"gold_gain":0,"player_choice":"Ignored","damage_taken":0,"max_hp_gain":0,"max_hp_loss":0,"event_name":"Liars Game","floor":10,"gold_loss":0},{"damage_healed":0,"gold_gain":0,"cards_transformed":["Strike_G"],"player_choice":"Change","damage_taken":0,"max_hp_gain":0,"max_hp_loss":0,"event_name":"Living Wall","floor":11,"gold_loss":0,"cards_obtained":["Calculated Gamble"]},{"damage_healed":0,"gold_gain":0,"player_choice":"Joined the Cult","damage_taken":6,"max_hp_gain":0,"max_hp_loss":0,"event_name":"Nest","floor":19,"gold_loss":0,"cards_obtained":["RitualDagger"]},{"damage_healed":0,"gold_gain":0,"player_choice":"Fight","damage_taken":0,"max_hp_gain":0,"max_hp_loss":0,"event_name":"MindBloom","floor":37,"gold_loss":0},{"cards_removed":["Strike_G"],"damage_healed":0,"gold_gain":0,"player_choice":"Removed Attack","damage_taken":0,"max_hp_gain":0,"max_hp_loss":0,"event_name":"Falling","floor":45,"gold_loss":0}],"is_beta":false,"boss_relics":[{"not_picked":["Sozu","HoveringKite"],"picked":"WristBlade"},{"not_picked":["Runic Dome","Cursed Key"],"picked":"Busted Crown"}],"items_purged_floors":[21,38],"is_endless":false,"potions_floor_spawned":[1,3,7,12,16,23,29,31,41,46,47],"ascension_level":17}}