{"host":"8rqsnaeml9gxb0kp","time":1610160674,"event":{"mods":["AchievementEnabler","BaseMod","Dark Map","Minty Spire (QoL Compilation)","StSLib"],"gold_per_floor":[109,284,234,3,16,45,45,45,45,45,70,70,95,16,16,147,147,171,271,16,31,54,90,90,90,117,140,165,165,188,209,209,337,337,360,360,384,400,90,104,125,145,145,145,163,163,207,570,570,570,570],"floor_reached":50,"playtime":4459,"items_purged":["Strike_G","Strike_G"],"score":546,"play_id":"142dd176-b555-4f7b-a8ab-d5ad399c4514","local_time":"20210108185114","is_ascension_mode":false,"campfire_choices":[{"data":"Bouncing Flask","floor":7.0,"key":"SMITH"},{"data":"Dodge and Roll","floor":10.0,"key":"SMITH"},{"data":"Poisoned Stab","floor":12.0,"key":"SMITH"},{"data":"Footwork","floor":15.0,"key":"SMITH"},{"floor":25.0,"key":"REST"},{"data":"Burst","floor":29.0,"key":"SMITH"},{"floor":32.0,"key":"REST"},{"data":"Sucker Punch","floor":46,"key":"SMITH"},{"data":"Survivor","floor":49,"key":"SMITH"}],"circlet_count":0,"master_deck":["Defend_G","Defend_G","Defend_G","Defend_G","Defend_G","Survivor+1","Bouncing Flask+1","All Out Attack","Dodge and Roll+1","Poisoned Stab+1","Sucker Punch+1","Footwork+1","Burst+1","CurseOfTheBell","Acrobatics+1","Skewer+1","Backflip+1","Blade Dance+1","Backflip+1","Malaise+1","Escape Plan+1","Venomology+1","Adrenaline+1","Bouncing Flask+1","Masterful Stab+1","PiercingWail+1","Endless Agony","Backflip+1","Deadly Poison+1","Deadly Poison+1","PiercingWail+1","PiercingWail+1","Bullet Time+1","Prepared+1","Prepared+1"],"relics":["Ring of the Snake","TwistedFunnel","Sundial","Golden Idol","The Specimen","Calling Bell","Ancient Tea Set","Gremlin Horn","Bird Faced Urn","Snake Skull","Darkstone Periapt","Toxic Egg 2","Bag of Preparation","Astrolabe","Pantograph","Paper Crane","White Beast Statue","Old Coin"],"acts_visited":["TheBeyond"],"potions_floor_usage":[37,37,38,40,40,40,41,41,42,45,45,47,47,50,50,50],"damage_taken":[{"damage":1.0,"enemies":"2 Louse","floor":1.0,"turns":4.0},{"damage":3.0,"enemies":"Jaw Worm","floor":5.0,"turns":3.0},{"damage":27.0,"enemies":"3 Sentries","floor":6.0,"turns":8.0},{"damage":0.0,"enemies":"Cultist","floor":11.0,"turns":3.0},{"damage":12.0,"enemies":"Lots of Slimes","floor":13.0,"turns":3.0},{"damage":30.0,"enemies":"Slime Boss","floor":16.0,"turns":11.0},{"damage":0.0,"enemies":"Spheric Guardian","floor":18.0,"turns":2.0},{"damage":5.0,"enemies":"3 Byrds","floor":21.0,"turns":3.0},{"damage":12.0,"enemies":"Snecko","floor":22.0,"turns":4.0},{"damage":44.0,"enemies":"Slavers","floor":23.0,"turns":7.0},{"damage":15.0,"enemies":"Snake Plant","floor":27.0,"turns":4.0},{"damage":2.0,"enemies":"Centurion and Healer","floor":28.0,"turns":6.0},{"damage":3.0,"enemies":"Snecko","floor":30.0,"turns":4.0},{"damage":15.0,"enemies":"Sentry and Sphere","floor":31.0,"turns":6.0},{"damage":28,"enemies":"Champ","floor":33,"turns":11},{"damage":3,"enemies":"Orb Walker","floor":35,"turns":6},{"damage":19,"enemies":"3 Darklings","floor":37,"turns":4},{"damage":19,"enemies":"Writhing Mass","floor":38,"turns":5},{"damage":7,"enemies":"Transient","floor":40,"turns":5},{"damage":21,"enemies":"4 Shapes","floor":41,"turns":5},{"damage":0,"enemies":"Writhing Mass","floor":42,"turns":3},{"damage":4,"enemies":"Transient","floor":45,"turns":5},{"damage":8,"enemies":"Nemesis","floor":47,"turns":9},{"damage":0,"enemies":"Mind Bloom Boss Battle","floor":48,"turns":5},{"damage":62,"enemies":"Time Eater","floor":50,"turns":9}],"seed_played":"2428592556990956341","potions_obtained":[{"floor":1.0,"key":"LiquidMemories"},{"floor":6.0,"key":"Regen Potion"},{"floor":13.0,"key":"EssenceOfSteel"},{"floor":16.0,"key":"Dexterity Potion"},{"floor":23.0,"key":"Explosive Potion"},{"floor":27.0,"key":"GamblersBrew"},{"floor":28.0,"key":"DistilledChaos"},{"floor":35,"key":"AttackPotion"},{"floor":38,"key":"SpeedPotion"},{"floor":42,"key":"EssenceOfSteel"},{"floor":48,"key":"Dexterity Potion"}],"is_trial":false,"path_per_floor":["M","?","?","$","M","E","R","?","T","R","M","R","M","$","R","B",null,"M","?","$","M","M","E","?","R","T","M","M","R","M","M","R","B",null,"M","?","M","M","$","M","M","M","T","?","M","R","E","?","R","B"],"character_chosen":"THE_SILENT","items_purchased":["TwistedFunnel","Footwork","Snake Skull","Pantograph","Deadly Poison+1"],"campfire_rested":2,"item_purchase_floors":[4,14,20,39,39],"current_hp_per_floor":[76,76,76,76,73,46,46,46,46,46,46,46,34,34,34,16,71,71,71,71,68,56,14,14,35,35,22,22,22,21,8,29,3,71,68,68,51,34,34,29,10,10,10,62,58,58,52,62,62,0,0],"gold":570,"neow_bonus":"TEN_PERCENT_HP_BONUS","is_daily":false,"chose_seed":false,"campfire_upgraded":7,"win_rate":0.0,"timestamp":1610160674,"path_taken":["M","?","?","?","M","E","R","?","T","R","?","R","M","$","R","BOSS","M","?","$","?","M","E","?","R","T","M","?","R","M","M","R","BOSS","M","?","M","M","$","M","M","?","T","?","M","R","E","?","R","BOSS"],"items_purchased_type":["Relic","Card","Relic","Relic","Card"],"build_version":"2020-12-22","purchased_purges":2,"victory":false,"max_hp_per_floor":[77,77,77,77,77,77,77,71,71,71,71,71,71,71,71,71,71,71,71,71,71,71,71,71,71,71,71,71,71,71,71,71,71,71,71,71,71,71,71,71,71,71,71,62,62,62,62,62,62,62,62],"card_choices":[{"not_picked":["Dagger Spray","Prepared"],"picked":"Bouncing Flask","floor":1.0},{"not_picked":["Slice","Heel Hook"],"picked":"All Out Attack","floor":5.0},{"not_picked":["Doppelganger","Escape Plan"],"picked":"Dodge and Roll","floor":6.0},{"not_picked":["Dagger Spray","Outmaneuver"],"picked":"Poisoned Stab","floor":11.0},{"not_picked":["Prepared","Distraction"],"picked":"Sucker Punch","floor":13.0},{"not_picked":["Glass Knife","Night Terror"],"picked":"Burst","floor":16.0},{"not_picked":["Deflect+1","Prepared+1"],"picked":"Acrobatics+1","floor":18.0},{"not_picked":["Terror+1","Blade Dance"],"picked":"Skewer+1","floor":21.0},{"not_picked":["Flying Knee+1","Leg Sweep"],"picked":"Backflip+1","floor":22.0},{"not_picked":["Tactician","Escape Plan"],"picked":"Terror+1","floor":23.0},{"not_picked":["Terror+1","Poisoned Stab"],"picked":"Blade Dance+1","floor":27.0},{"not_picked":["Infinite Blades","Heel Hook"],"picked":"Backflip+1","floor":28.0},{"not_picked":["Deadly Poison+1","Choke"],"picked":"Malaise+1","floor":30.0},{"not_picked":["Heel Hook","Blade Dance+1"],"picked":"Escape Plan+1","floor":31.0},{"not_picked":["After Image","Wraith Form v2"],"picked":"Venomology+1","floor":33},{"not_picked":["Riddle With Holes+1","Quick Slash"],"picked":"PiercingWail+1","floor":35},{"not_picked":["Caltrops","Prepared+1"],"picked":"Backflip+1","floor":37},{"not_picked":["Predator","Eviscerate"],"picked":"Deadly Poison+1","floor":38},{"not_picked":["Acrobatics+1","Tactician+1"],"picked":"PiercingWail+1","floor":40},{"not_picked":["Underhanded Strike+1","Quick Slash","Dagger Throw"],"picked":"SKIP","floor":41},{"not_picked":["Backflip+1","Quick Slash"],"picked":"PiercingWail+1","floor":42},{"not_picked":["Tactician+1","Outmaneuver+1"],"picked":"Bullet Time+1","floor":45},{"not_picked":["Choke","Glass Knife"],"picked":"Prepared+1","floor":47},{"not_picked":["Choke","Slice"],"picked":"Prepared+1","floor":48}],"player_experience":22548,"relics_obtained":[{"floor":6.0,"key":"Sundial"},{"floor":9.0,"key":"The Specimen"},{"floor":17.0,"key":"Ancient Tea Set"},{"floor":17.0,"key":"Gremlin Horn"},{"floor":17.0,"key":"Bird Faced Urn"},{"floor":23.0,"key":"Darkstone Periapt"},{"floor":26.0,"key":"Bag of Preparation"},{"floor":43,"key":"Paper Crane"},{"floor":47,"key":"White Beast Statue"},{"floor":48,"key":"Old Coin"}],"event_choices":[{"damage_healed":0.0,"max_hp_gain":0.0,"max_hp_loss":0.0,"gold_gain":175.0,"event_name":"Liars Game","player_choice":"AGREE","floor":2.0,"gold_loss":0.0,"damage_taken":0.0,"cards_obtained":["Doubt"]},{"cards_removed":["Doubt"],"damage_healed":0.0,"max_hp_gain":0.0,"max_hp_loss":0.0,"gold_gain":0.0,"event_name":"The Cleric","player_choice":"Card Removal","floor":3.0,"gold_loss":50.0,"damage_taken":0.0},{"damage_healed":0.0,"max_hp_gain":0.0,"max_hp_loss":6.0,"gold_gain":0.0,"event_name":"Golden Idol","player_choice":"Lose Max HP","floor":8.0,"gold_loss":0.0,"damage_taken":0.0,"relics_obtained":["Golden Idol"]},{"damage_healed":0.0,"max_hp_gain":0.0,"max_hp_loss":0.0,"gold_gain":100.0,"event_name":"Golden Shrine","player_choice":"Pray","floor":19.0,"gold_loss":0.0,"damage_taken":0.0},{"cards_removed":["Terror"],"damage_healed":0.0,"max_hp_gain":0.0,"max_hp_loss":0.0,"gold_gain":0.0,"event_name":"WeMeetAgain","player_choice":"Gave Card","floor":24.0,"gold_loss":0.0,"damage_taken":0.0,"relics_obtained":["Toxic Egg 2"]},{"damage_healed":0,"gold_gain":0,"cards_transformed":["Neutralize"],"player_choice":"Transformed","damage_taken":0,"max_hp_gain":0,"max_hp_loss":0,"event_name":"Transmorgrifier","floor":36,"gold_loss":0,"cards_obtained":["Endless Agony"]},{"damage_healed":62,"gold_gain":0,"player_choice":"Heal","damage_taken":0,"max_hp_gain":0,"max_hp_loss":9,"event_name":"The Moai Head","floor":44,"gold_loss":0},{"damage_healed":0,"gold_gain":0,"player_choice":"Fight","damage_taken":0,"max_hp_gain":0,"max_hp_loss":0,"event_name":"MindBloom","floor":48,"gold_loss":0}],"is_beta":false,"boss_relics":[{"not_picked":["Busted Crown","Runic Pyramid"],"picked":"Calling Bell"},{"not_picked":["SacredBark","Fusion Hammer"],"picked":"Astrolabe"}],"items_purged_floors":[4,20],"is_endless":false,"potions_floor_spawned":[1,6,13,16,23,27,28,30,35,38,42,48],"killed_by":"Time Eater","ascension_level":0}}