{"host":"Rich","time":1610159006,"event":{"mods":["AchievementEnabler","BaseMod","Highlight Path","Minty Spire (QoL Compilation)","Relic Stats"],"gold_per_floor":[117,0,0,13,13,47,47,77,77,109,184,184,195,209,209,287,287,306,356,356,367,367,367],"floor_reached":22,"playtime":645,"items_purged":["Strike_B"],"score":454,"play_id":"988bb9ae-98b6-474e-a2bb-c505a1938726","local_time":"20210108212326","is_ascension_mode":true,"campfire_choices":[{"data":"White Noise","floor":7.0,"key":"SMITH"},{"floor":12,"key":"REST"},{"data":"Redo","floor":15,"key":"SMITH"}],"circlet_count":0,"master_deck":["AscendersBane","Strike_B","Strike_B","Strike_B","Defend_B","Defend_B","Defend_B","Defend_B","Dualcast","White Noise+1","Doom and Gloom","Redo+1","Sunder","Fission"],"relics":["Runic Dome","Bottled Lightning","White Beast Statue","Incense Burner","Black Star","Smiling Mask"],"acts_visited":["Exordium","TheCity"],"potions_floor_usage":[10,16,22],"damage_taken":[{"damage":0.0,"enemies":"2 Louse","floor":1.0,"turns":2.0},{"damage":0.0,"enemies":"Cultist","floor":4.0,"turns":3.0},{"damage":18.0,"enemies":"Lagavulin","floor":6.0,"turns":7.0},{"damage":0.0,"enemies":"Gremlin Nob","floor":8.0,"turns":3.0},{"damage":5,"enemies":"3 Sentries","floor":10,"turns":4},{"damage":7,"enemies":"Jaw Worm","floor":13,"turns":3},{"damage":6,"enemies":"Exordium Wildlife","floor":14,"turns":3},{"damage":7,"enemies":"Slime Boss","floor":16,"turns":8},{"damage":27,"enemies":"Shell Parasite","floor":18,"turns":4},{"damage":46,"enemies":"Spheric Guardian","floor":21,"turns":6},{"damage":14,"enemies":"3 Cultists","floor":22,"turns":3}],"seed_played":"8059772861485792871","potions_obtained":[{"floor":1.0,"key":"SmokeBomb"},{"floor":3.0,"key":"GamblersBrew"},{"floor":3.0,"key":"Dexterity Potion"},{"floor":6.0,"key":"Regen Potion"},{"floor":10,"key":"SteroidPotion"},{"floor":13,"key":"ColorlessPotion"},{"floor":14,"key":"GamblersBrew"},{"floor":16,"key":"SteroidPotion"},{"floor":18,"key":"FairyPotion"},{"floor":21,"key":"AttackPotion"}],"is_trial":false,"path_per_floor":["M","$","?","M","?","E","R","E","T","E","?","R","M","M","R","B",null,"M","?","?","M","M"],"character_chosen":"DEFECT","items_purchased":["Doom and Gloom"],"campfire_rested":1,"item_purchase_floors":[2],"current_hp_per_floor":[64,64,64,64,57,39,39,39,39,46,35,56,49,43,43,36,62,35,35,35,10,0,0],"gold":367,"neow_bonus":"BOSS_RELIC","is_daily":false,"chose_seed":false,"campfire_upgraded":2,"win_rate":0.0,"timestamp":1610159006,"path_taken":["M","$","?","?","?","E","R","E","T","E","?","R","M","M","R","BOSS","M","?","?","M","M"],"items_purchased_type":["Card"],"build_version":"2020-12-18","purchased_purges":1,"victory":false,"max_hp_per_floor":[71,71,71,71,71,71,71,71,71,71,71,71,71,71,71,71,71,71,71,71,71,71,71],"relic_stats":{"counters":[11,46],"Black Star":0,"Smiling Mask":0,"obtain_stats":[{"Runic Dome":0,"Incense Burner":10,"Black Star":17,"Bottled Lightning":6,"Cracked Core":0,"Smiling Mask":20,"White Beast Statue":8},{"Runic Dome":0,"Incense Burner":5,"Black Star":8,"Bottled Lightning":3,"Cracked Core":0,"Smiling Mask":9,"White Beast Statue":4},{"Runic Dome":0,"Incense Burner":19,"Black Star":33,"Bottled Lightning":12,"Cracked Core":0,"Smiling Mask":37,"White Beast Statue":15}]},"card_choices":[{"not_picked":["Rebound","Compile Driver"],"picked":"White Noise","floor":1.0},{"not_picked":["Hologram","Reprogram"],"picked":"Redo","floor":4.0},{"not_picked":["Rebound","Compile Driver","Scrape"],"picked":"SKIP","floor":6.0},{"not_picked":["Static Discharge","Capacitor"],"picked":"Sunder","floor":8.0},{"not_picked":["Fusion","Stack","Barrage"],"picked":"SKIP","floor":10},{"not_picked":["Streamline","Steam Power"],"picked":"Hello World","floor":13},{"not_picked":["Compile Driver","Barrage","Steam Power"],"picked":"SKIP","floor":14},{"not_picked":["Machine Learning","Reboot"],"picked":"Fission","floor":16},{"not_picked":["Coolheaded","Ball Lightning","Stack"],"picked":"SKIP","floor":18},{"not_picked":["Rebound","Coolheaded","Reprogram"],"picked":"SKIP","floor":21}],"player_experience":1977510,"relics_obtained":[{"floor":6.0,"key":"Bottled Lightning"},{"floor":8.0,"key":"White Beast Statue"},{"floor":10,"key":"Incense Burner"}],"event_choices":[{"damage_healed":0.0,"max_hp_gain":0.0,"max_hp_loss":0.0,"gold_gain":0.0,"event_name":"Lab","player_choice":"Got Potions","floor":3.0,"gold_loss":0.0,"damage_taken":0.0},{"cards_removed":["Zap"],"damage_healed":0.0,"max_hp_gain":0.0,"max_hp_loss":0.0,"gold_gain":0.0,"event_name":"Golden Wing","player_choice":"Card Removal","floor":5.0,"gold_loss":0.0,"damage_taken":7.0},{"damage_healed":0,"gold_gain":75,"player_choice":"Gather Gold","damage_taken":11,"max_hp_gain":0,"max_hp_loss":0,"event_name":"World of Goop","floor":11,"gold_loss":0},{"damage_healed":0,"gold_gain":50,"player_choice":"Stole From Cult","damage_taken":0,"max_hp_gain":0,"max_hp_loss":0,"event_name":"Nest","floor":19,"gold_loss":0},{"cards_removed":["Hello World"],"damage_healed":0,"gold_gain":0,"player_choice":"Gave Card","damage_taken":0,"relics_obtained":["Smiling Mask"],"max_hp_gain":0,"max_hp_loss":0,"event_name":"WeMeetAgain","floor":20,"gold_loss":0}],"is_beta":true,"boss_relics":[{"not_picked":["Calling Bell","Busted Crown"],"picked":"Black Star"}],"items_purged_floors":[2],"is_endless":false,"potions_floor_spawned":[1,6,10,13,14,16,18,21],"killed_by":"3 Cultists","ascension_level":20}}