{"host":"vumwfieg2b2mnrfl","time":1610152989,"event":{"mods":["AchievementEnabler","BaseMod","Minty Spire (QoL Compilation)","Rare Cards Sparkle","Relic Stats"],"gold_per_floor":[114,44,55,68,85,85,110,110,110,110,127,127,159,176,176,247,247,266,278,130,20,34,34,69,69,69,69,82,102,102,102],"floor_reached":30,"playtime":1070,"items_purged":["Pain"],"score":459,"play_id":"348abdfa-2ffa-4549-9d6f-cd67586051f0","local_time":"20210108184309","is_ascension_mode":true,"campfire_choices":[{"data":"Footwork","floor":6,"key":"SMITH"},{"data":"Noxious Fumes","floor":8,"key":"SMITH"},{"data":"Neutralize","floor":10,"key":"SMITH"},{"floor":15,"key":"REST"},{"floor":23,"key":"REST"},{"floor":27,"key":"REST"}],"circlet_count":0,"master_deck":["AscendersBane","Strike_G","Strike_G","Strike_G","Strike_G","Defend_G","Defend_G","Defend_G","Defend_G","Defend_G","Survivor","Neutralize+1","Dagger Spray","Footwork+1","Noxious Fumes+1","Dagger Throw","Skewer","A Thousand Cuts","Poisoned Stab+1","Bouncing Flask","Bane","Adrenaline","Blur","Well Laid Plans","Terror","Dodge and Roll","Poisoned Stab+1","Noxious Fumes"],"relics":["Ring of the Snake","NeowsBlessing","Happy Flower","Eternal Feather","WarpedTongs","Turnip","Sozu","PreservedInsect","Molten Egg 2"],"acts_visited":["Exordium","TheCity"],"potions_floor_usage":[7],"damage_taken":[{"damage":0,"enemies":"Cultist","floor":1,"turns":1},{"damage":0,"enemies":"Small Slimes","floor":3,"turns":1},{"damage":0,"enemies":"2 Louse","floor":4,"turns":1},{"damage":6,"enemies":"Exordium Thugs","floor":5,"turns":5},{"damage":16,"enemies":"Lagavulin","floor":7,"turns":11},{"damage":7,"enemies":"Gremlin Gang","floor":11,"turns":4},{"damage":18,"enemies":"3 Sentries","floor":13,"turns":8},{"damage":9,"enemies":"3 Louse","floor":14,"turns":3},{"damage":26,"enemies":"The Guardian","floor":16,"turns":9},{"damage":2,"enemies":"Chosen","floor":18,"turns":4},{"damage":10,"enemies":"Spheric Guardian","floor":19,"turns":5},{"damage":18,"enemies":"Shelled Parasite and Fungi","floor":22,"turns":5},{"damage":42,"enemies":"Gremlin Leader","floor":24,"turns":7},{"damage":3,"enemies":"Chosen and Byrds","floor":28,"turns":6},{"damage":18,"enemies":"Cultist and Chosen","floor":29,"turns":6},{"damage":36,"enemies":"Colosseum Slavers","floor":30,"turns":3}],"seed_played":"2030085962117076114","potions_obtained":[{"floor":1,"key":"BlessingOfTheForge"},{"floor":4,"key":"Swift Potion"},{"floor":5,"key":"FearPotion"},{"floor":13,"key":"SpeedPotion"},{"floor":14,"key":"Dexterity Potion"}],"is_trial":false,"path_per_floor":["M","$","M","M","M","R","E","R","T","R","M","?","E","M","R","B",null,"M","M","$","?","M","R","E","$","T","R","M","M","?"],"character_chosen":"THE_SILENT","items_purchased":["Footwork","Well Laid Plans"],"campfire_rested":3,"item_purchase_floors":[2,20],"current_hp_per_floor":[59,59,59,59,53,53,37,37,37,46,39,39,21,12,43,17,54,52,42,42,42,24,58,16,16,16,50,47,29,0,0],"gold":102,"neow_bonus":"THREE_ENEMY_KILL","is_daily":false,"chose_seed":false,"campfire_upgraded":3,"win_rate":0.0,"timestamp":1610152989,"path_taken":["M","?","M","M","M","R","E","R","T","R","M","?","E","M","R","BOSS","M","M","?","?","?","R","E","$","T","R","?","M","?"],"items_purchased_type":["Card","Card"],"build_version":"2020-12-22","purchased_purges":1,"victory":false,"max_hp_per_floor":[66,66,66,66,66,66,66,66,66,66,66,66,66,66,66,66,66,66,66,66,66,66,66,66,66,66,66,66,66,66,66],"relic_stats":{"Sozu":3,"Happy Flower":[20],"counters":[16,79],"Eternal Feather":51,"Turnip":[7],"PreservedInsect":0,"obtain_stats":[{"Sozu":17,"NeowsBlessing":0,"Happy Flower":7,"Eternal Feather":9,"Molten Egg 2":26,"Turnip":13,"PreservedInsect":24,"Ring of the Snake":0,"WarpedTongs":12},{"Sozu":9,"NeowsBlessing":0,"Happy Flower":5,"Eternal Feather":5,"Molten Egg 2":13,"Turnip":7,"PreservedInsect":13,"Ring of the Snake":0,"WarpedTongs":6},{"Sozu":43,"NeowsBlessing":0,"Happy Flower":19,"Eternal Feather":19,"Molten Egg 2":64,"Turnip":31,"PreservedInsect":64,"Ring of the Snake":0,"WarpedTongs":23}],"Ring of the Snake":[32],"WarpedTongs":[56]},"card_choices":[{"not_picked":["Backstab","Flying Knee"],"picked":"Dagger Spray","floor":1},{"not_picked":["Flechettes","Slice"],"picked":"Noxious Fumes","floor":3},{"not_picked":["Heel Hook","Flechettes"],"picked":"Dagger Throw","floor":4},{"not_picked":["Heel Hook","Eviscerate"],"picked":"Skewer","floor":5},{"not_picked":["Cloak And Dagger","Dodge and Roll"],"picked":"A Thousand Cuts","floor":7},{"not_picked":["PiercingWail","Choke"],"picked":"Poisoned Stab","floor":11},{"not_picked":["Catalyst","Calculated Gamble"],"picked":"Bouncing Flask","floor":13},{"not_picked":["Concentrate","Outmaneuver"],"picked":"Bane","floor":14},{"not_picked":["Bullet Time","Doppelganger"],"picked":"Adrenaline","floor":16},{"not_picked":["Slice","Dagger Throw","Quick Slash"],"picked":"SKIP","floor":18},{"not_picked":["Dodge and Roll","Outmaneuver+1"],"picked":"Blur","floor":19},{"not_picked":["Deflect","Tactician"],"picked":"Terror","floor":22},{"not_picked":["Accuracy","After Image"],"picked":"Dodge and Roll","floor":24},{"not_picked":["Dodge and Roll+1","Blade Dance"],"picked":"Poisoned Stab+1","floor":28},{"not_picked":["Endless Agony+1","Calculated Gamble"],"picked":"Noxious Fumes","floor":29}],"player_experience":392844,"relics_obtained":[{"floor":7,"key":"Happy Flower"},{"floor":9,"key":"Eternal Feather"},{"floor":13,"key":"Turnip"},{"floor":24,"key":"PreservedInsect"},{"floor":26,"key":"Molten Egg 2"}],"event_choices":[{"damage_healed":0,"gold_gain":0,"player_choice":"Rummage","damage_taken":0,"relics_obtained":["WarpedTongs"],"max_hp_gain":0,"max_hp_loss":0,"event_name":"Accursed Blacksmith","floor":12,"gold_loss":0,"cards_obtained":["Pain"]},{"cards_removed":["Strike_G"],"damage_healed":0,"gold_gain":0,"player_choice":"Upgrade and Remove","damage_taken":0,"max_hp_gain":0,"max_hp_loss":0,"event_name":"Designer","floor":21,"gold_loss":110,"cards_upgraded":["Poisoned Stab"]},{"damage_healed":0,"gold_gain":0,"player_choice":"Fight","damage_taken":0,"max_hp_gain":0,"max_hp_loss":0,"event_name":"Colosseum","floor":30,"gold_loss":0}],"is_beta":false,"boss_relics":[{"not_picked":["Philosopher\u0027s Stone","Pandora\u0027s Box"],"picked":"Sozu"}],"items_purged_floors":[20],"is_endless":false,"potions_floor_spawned":[1,4,5,13,14,16,22,24,29],"killed_by":"Colosseum Slavers","ascension_level":15}}