{"host":"88sw61cmk1203zgj","time":1610158254,"event":{"mods":["BaseMod","Minty Spire (QoL Compilation)"],"gold_per_floor":[112,112,128,148,168,168,196,196,267,279,289,289,306,322,322,418,418,388,388,388,313,313,313,313],"floor_reached":23,"playtime":1311,"items_purged":["Defend_R"],"score":315,"play_id":"21ba352c-f181-4184-b830-4ec78c2ccfea","local_time":"20210108211054","is_ascension_mode":true,"campfire_choices":[{"data":"True Grit","floor":6.0,"key":"SMITH"},{"data":"True Grit","floor":12.0,"key":"SMITH"},{"floor":15.0,"key":"REST"}],"circlet_count":0,"master_deck":["AscendersBane","Strike_R","Strike_R","Strike_R","Strike_R","Defend_R","Defend_R","Defend_R","Bash","Iron Wave+1","Sentinel","Flex","True Grit+1","Offering","Forethought","Burning Pact","True Grit+1","Heavy Blade","Rage","Limit Break","Flex+1","Battle Trance"],"relics":["Runic Pyramid","Ginger","Pear","Ectoplasm"],"acts_visited":["Exordium","TheCity"],"potions_floor_usage":[16,16,23],"damage_taken":[{"damage":0.0,"enemies":"Small Slimes","floor":1.0,"turns":3.0},{"damage":1.0,"enemies":"Cultist","floor":3.0,"turns":3.0},{"damage":2.0,"enemies":"Jaw Worm","floor":4.0,"turns":5.0},{"damage":33.0,"enemies":"Gremlin Gang","floor":5.0,"turns":5.0},{"damage":14.0,"enemies":"3 Sentries","floor":7.0,"turns":15.0},{"damage":6.0,"enemies":"Blue Slaver","floor":10.0,"turns":3.0},{"damage":6.0,"enemies":"Red Slaver","floor":11.0,"turns":3.0},{"damage":6.0,"enemies":"Exordium Thugs","floor":13.0,"turns":4.0},{"damage":6.0,"enemies":"Large Slime","floor":14.0,"turns":3.0},{"damage":15,"enemies":"Hexaghost","floor":16,"turns":11},{"damage":14,"enemies":"2 Thieves","floor":18,"turns":4},{"damage":15,"enemies":"Shell Parasite","floor":20,"turns":4},{"damage":20,"enemies":"3 Cultists","floor":22,"turns":6},{"damage":27,"enemies":"Centurion and Healer","floor":23,"turns":4}],"seed_played":"-7304743643907302355","potions_obtained":[{"floor":7.0,"key":"DuplicationPotion"},{"floor":11.0,"key":"PowerPotion"},{"floor":20,"key":"LiquidBronze"},{"floor":22,"key":"SpeedPotion"}],"is_trial":false,"path_per_floor":["M","?","M","M","M","R","E","?","T","M","M","R","M","M","R","B",null,"M","?","M","$","M","M"],"character_chosen":"IRONCLAD","items_purchased":[],"campfire_rested":1,"item_purchase_floors":[],"current_hp_per_floor":[72,72,71,69,36,36,22,22,32,26,20,20,14,8,35,20,73,59,59,44,44,24,0,0],"gold":313,"neow_bonus":"BOSS_RELIC","is_daily":false,"chose_seed":false,"campfire_upgraded":2,"win_rate":0.0,"timestamp":1610158254,"path_taken":["M","?","M","M","?","R","E","?","T","?","M","R","M","M","R","BOSS","M","?","M","$","M","M"],"items_purchased_type":[],"build_version":"2020-12-22","purchased_purges":1,"victory":false,"max_hp_per_floor":[80,80,80,80,80,80,80,80,90,90,90,90,90,90,90,90,90,90,90,90,90,90,90,90],"card_choices":[{"not_picked":["Wild Strike","Sword Boomerang"],"picked":"Iron Wave","floor":1.0},{"not_picked":["Iron Wave","Burning Pact"],"picked":"Sentinel","floor":3.0},{"not_picked":["Heavy Blade","Sever Soul"],"picked":"Flex","floor":4.0},{"not_picked":["Combust","Clothesline"],"picked":"True Grit","floor":5.0},{"not_picked":["Battle Trance","Sword Boomerang"],"picked":"Offering","floor":7.0},{"not_picked":["Havoc","Sword Boomerang"],"picked":"Burning Pact","floor":10.0},{"not_picked":["Anger","Hemokinesis"],"picked":"True Grit","floor":11.0},{"not_picked":["Warcry","Rupture"],"picked":"Heavy Blade","floor":13.0},{"not_picked":["True Grit","Rupture"],"picked":"Rage","floor":14.0},{"not_picked":["Barricade","Immolate"],"picked":"Limit Break","floor":16},{"not_picked":["Pommel Strike","Thunderclap"],"picked":"Flex+1","floor":18},{"not_picked":["Metallicize","Fire Breathing","Anger+1"],"picked":"SKIP","floor":20},{"not_picked":["Perfected Strike+1","Wild Strike"],"picked":"Battle Trance","floor":22}],"player_experience":1463713,"relics_obtained":[{"floor":7.0,"key":"Ginger"},{"floor":9.0,"key":"Pear"}],"event_choices":[{"damage_healed":0.0,"max_hp_gain":0.0,"max_hp_loss":0.0,"gold_gain":0.0,"event_name":"Accursed Blacksmith","player_choice":"Forge","floor":2.0,"gold_loss":0.0,"damage_taken":0.0,"cards_upgraded":["Iron Wave"]},{"cards_removed":["Strike_R"],"damage_healed":0.0,"max_hp_gain":0.0,"max_hp_loss":0.0,"gold_gain":0.0,"event_name":"NoteForYourself","player_choice":"Took Card","floor":8.0,"gold_loss":0.0,"damage_taken":0.0,"cards_obtained":["Forethought"]},{"damage_healed":0,"gold_gain":0,"player_choice":"Ignored","damage_taken":0,"max_hp_gain":0,"max_hp_loss":0,"event_name":"WeMeetAgain","floor":19,"gold_loss":0}],"is_beta":false,"boss_relics":[{"not_picked":["Tiny House","Cursed Key"],"picked":"Ectoplasm"}],"items_purged_floors":[21],"is_endless":false,"potions_floor_spawned":[7,11,13,20,22],"killed_by":"Centurion and Healer","ascension_level":12}}