{"host":"Qube","time":1610216158,"event":{"mods":["AchievementEnabler","BaseMod","Colored Map","Colored Powertips","Minty Spire (QoL Compilation)","Quick Restart","Random Character Button","StSLib"],"gold_per_floor":[112,132,148,165,181,181,212,224,289,318,330,374,398,425,437,449,449],"floor_reached":16,"playtime":696,"items_purged":[],"score":226,"play_id":"1854b49f-e5b6-4d4e-b40e-e094bc4d061c","local_time":"20210109101558","is_ascension_mode":true,"campfire_choices":[{"data":"Zap","floor":6.0,"key":"SMITH"},{"data":"Cold Snap","floor":8.0,"key":"SMITH"},{"data":"Ball Lightning","floor":11.0,"key":"SMITH"},{"data":"Leap","floor":15,"key":"SMITH"}],"circlet_count":0,"master_deck":["AscendersBane","Strike_B","Strike_B","Strike_B","Strike_B","Defend_B","Defend_B","Defend_B","Defend_B","Zap+1","Dualcast","Cold Snap+1","Genetic Algorithm","Ball Lightning+1","BootSequence","Blizzard","Blizzard","Leap+1","Cold Snap"],"relics":["Coffee Dripper","MawBank","Oddly Smooth Stone","Gremlin Horn"],"acts_visited":["Exordium"],"potions_floor_usage":[12,12],"damage_taken":[{"damage":1.0,"enemies":"Cultist","floor":1.0,"turns":4.0},{"damage":2.0,"enemies":"Jaw Worm","floor":2.0,"turns":4.0},{"damage":0.0,"enemies":"2 Louse","floor":3.0,"turns":3.0},{"damage":7.0,"enemies":"Exordium Thugs","floor":4.0,"turns":5.0},{"damage":0.0,"enemies":"Lots of Slimes","floor":5.0,"turns":4.0},{"damage":27.0,"enemies":"Lagavulin","floor":7.0,"turns":9.0},{"damage":1.0,"enemies":"Looter","floor":10.0,"turns":4.0},{"damage":23,"enemies":"Gremlin Nob","floor":12,"turns":4},{"damage":0,"enemies":"3 Louse","floor":13,"turns":3},{"damage":1,"enemies":"Large Slime","floor":14,"turns":6},{"damage":7,"enemies":"Hexaghost","floor":16,"turns":8}],"seed_played":"-5111167274329621846","potions_obtained":[{"floor":2.0,"key":"LiquidBronze"},{"floor":4.0,"key":"SteroidPotion"},{"floor":7.0,"key":"SkillPotion"},{"floor":13,"key":"Ancient Potion"}],"is_trial":false,"path_per_floor":["M","M","M","M","M","R","E","R","T","M","R","E","M","M","R","B"],"character_chosen":"DEFECT","items_purchased":[],"campfire_rested":0,"item_purchase_floors":[],"current_hp_per_floor":[63,61,61,54,54,54,27,27,27,26,26,3,3,2,2,0,0],"gold":449,"neow_bonus":"BOSS_RELIC","is_daily":false,"chose_seed":false,"campfire_upgraded":4,"win_rate":0.0,"timestamp":1610216158,"path_taken":["M","M","M","M","?","R","E","R","T","M","R","E","M","M","R","BOSS"],"items_purchased_type":[],"build_version":"2020-12-18","purchased_purges":0,"victory":false,"max_hp_per_floor":[71,71,71,71,71,71,71,71,71,71,71,71,71,71,71,71,71],"card_choices":[{"not_picked":["Beam Cell","Gash"],"picked":"Cold Snap","floor":1.0},{"not_picked":["Turbo","Conserve Battery"],"picked":"Genetic Algorithm","floor":2.0},{"not_picked":["Conserve Battery","Capacitor"],"picked":"Ball Lightning","floor":3.0},{"not_picked":["Gash","Static Discharge"],"picked":"BootSequence","floor":4.0},{"not_picked":["Steam","Compile Driver"],"picked":"Blizzard","floor":5.0},{"not_picked":["Aggregate","Steam Power"],"picked":"Blizzard","floor":7.0},{"not_picked":["Beam Cell","Reprogram","Force Field"],"picked":"SKIP","floor":10.0},{"not_picked":["Redo","Meteor Strike","Sweeping Beam"],"picked":"SKIP","floor":12},{"not_picked":["Sweeping Beam","Redo"],"picked":"Leap","floor":13},{"not_picked":["Double Energy","Leap"],"picked":"Cold Snap","floor":14}],"player_experience":857660,"relics_obtained":[{"floor":7.0,"key":"MawBank"},{"floor":9.0,"key":"Oddly Smooth Stone"},{"floor":12,"key":"Gremlin Horn"}],"event_choices":[],"is_beta":true,"boss_relics":[],"items_purged_floors":[],"is_endless":false,"potions_floor_spawned":[2,4,7,13],"killed_by":"Hexaghost","ascension_level":19}}