{"host":"ttzdpsscxkem3xrs","time":1610163303,"event":{"mods":["BaseMod","Colored Map","Downfall","Minty Spire (QoL Compilation)","Replay The Spire","StSLib","The Cursed","The Hierophant"],"gold_per_floor":[99,110,61,81,66,95,120,134,189,189,214,214,244,244,260,355,355,280,300,300,318,14,30,80,80,148,164,194,207,207,237,256,357,357,357,368,382,432,152,101,101,26,46,62,87,87,16,16,28,28],"floor_reached":51,"playtime":29602,"items_purged":["Guardian:Defend_Guardian","Guardian:Strike_Guardian"],"score":962,"play_id":"8ee1e38c-828c-4654-bddb-40b4e8e1603d","local_time":"20210108193503","is_ascension_mode":true,"campfire_choices":[{"data":"Guardian:ShieldSpikes","floor":10,"key":"SMITH"},{"floor":12,"key":"REST"},{"data":"Guardian:Preprogram","floor":18,"key":"SMITH"},{"floor":25,"key":"REST"},{"floor":30,"key":"REST"},{"floor":35,"key":"RECALL"},{"floor":42,"key":"REST"},{"floor":46,"key":"REST"}],"circlet_count":0,"master_deck":["Guardian:Strike_Guardian","Guardian:Strike_Guardian","Guardian:Defend_Guardian+1","Guardian:Defend_Guardian","Guardian:Defend_Guardian","Guardian:CurlUp","Guardian:TwinSlam","Guardian:TimeSifter","Guardian:Reroute","Guardian:ShieldSpikes+1","Guardian:VentSteam+1","Guardian:ShieldCharger","Guardian:ShieldCharger","Guardian:Planning","Guardian:TimeCapacitor+1","Guardian:Preprogram+1","Guardian:ArmoredProtocol+1","Guardian:GatlingBeam+1","Guardian:DecasProtection","Guardian:WalkerClaw+1","Guardian:Incinerate","Guardian:DonusPower","Guardian:DonusPower","Guardian:Orbwalk","Guardian:SpikerProtocol","Guardian:Harden+1","Guardian:ConstructionForm+1","Guardian:Harden","Guardian:Clone+1","Apotheosis","Guardian:Emergency","Guardian:SpikerProtocol","Guardian:ArmoredProtocol+1","Guardian:EvasiveProtocol+1","Guardian:ArmoredProtocol","Guardian:Clone+1","Guardian:DonusPower+1"],"relics":["Guardian:ModeShifter","Bag of Marbles","Replay:Bottled Snecko","Ancient Tea Set","Replay:Baseball","Gremlin Food","Art of War","Bag of Preparation","Philosopher\u0027s Stone","downfall:HeartBlessingGreen","OrangePellets","Happy Flower","PreservedInsect","Replay:Bottled Flurry","Lantern","Vajra","Fusion Hammer","StoneCalendar","Incense Burner","Pen Nib","downfall:HeartBlessingRed","Snack Pack"],"acts_visited":["Exordium","TheCity","TheBeyond"],"potions_floor_usage":[6,9,16,36,38,40],"damage_taken":[{"damage":0,"enemies":"Cultist","floor":2,"turns":4},{"damage":0,"enemies":"downfall:FleeingMerchant","floor":3,"turns":4},{"damage":1,"enemies":"2 Louse","floor":4,"turns":2},{"damage":6,"enemies":"downfall:FleeingMerchant","floor":5,"turns":4},{"damage":0,"enemies":"Gremlin Nob","floor":6,"turns":2},{"damage":0,"enemies":"Small Slimes","floor":8,"turns":4},{"damage":23,"enemies":"Lagavulin Event","floor":9,"turns":6},{"damage":10,"enemies":"Lagavulin","floor":11,"turns":7},{"damage":18,"enemies":"3 Sentries","floor":13,"turns":8},{"damage":4,"enemies":"Red Slaver","floor":15,"turns":4},{"damage":1,"enemies":"downfall:Watcher","floor":16,"turns":9},{"damage":4,"enemies":"Shell Parasite","floor":19,"turns":4},{"damage":10,"enemies":"Chosen","floor":21,"turns":6},{"damage":5,"enemies":"downfall:FleeingMerchant","floor":22,"turns":4},{"damage":2,"enemies":"Centurion and Healer","floor":23,"turns":6},{"damage":5,"enemies":"Snake Plant","floor":27,"turns":4},{"damage":12,"enemies":"Book of Stabbing","floor":28,"turns":4},{"damage":16,"enemies":"Cultist and Chosen","floor":29,"turns":5},{"damage":14,"enemies":"Gremlin Leader","floor":31,"turns":6},{"damage":7,"enemies":"Sentry and Sphere","floor":32,"turns":4},{"damage":6,"enemies":"downfall:Defect","floor":33,"turns":6},{"damage":10,"enemies":"3 Darklings","floor":36,"turns":4},{"damage":0,"enemies":"3 Shapes","floor":37,"turns":4},{"damage":0,"enemies":"Mind Bloom Boss Battle","floor":38,"turns":7},{"damage":15,"enemies":"downfall:FleeingMerchant","floor":39,"turns":4},{"damage":0,"enemies":"downfall:FleeingMerchant","floor":40,"turns":2},{"damage":0,"enemies":"3 Darklings","floor":43,"turns":5},{"damage":2,"enemies":"Sphere and 2 Shapes","floor":44,"turns":5},{"damage":3,"enemies":"R_Hoarder","floor":45,"turns":5},{"damage":0,"enemies":"Transient","floor":49,"turns":5},{"damage":12,"enemies":"downfall:Silent","floor":50,"turns":9}],"seed_played":"-4404571694561434248","potions_obtained":[{"floor":4,"key":"AttackPotion"},{"floor":6,"key":"DistilledChaos"},{"floor":8,"key":"Adrenaline Potion"},{"floor":11,"key":"Guardian:DefensiveModePotion"},{"floor":13,"key":"Fire Potion"},{"floor":19,"key":"Toxic Potion"},{"floor":20,"key":"LiquidBronze"},{"floor":23,"key":"SkillPotion"},{"floor":32,"key":"Regen Potion"},{"floor":37,"key":"Venom Potion"},{"floor":43,"key":"Ancient Potion"},{"floor":45,"key":"ColorlessPotion"}],"is_trial":false,"path_per_floor":["R_BF","M","$","M","$","E","T","M","?","R","E","R","E","?","M","B",null,"R","M","?","M","$","M","T","R","T","M","E","M","R","E","M","B",null,"R","M","M","?","?","$","T","R","M","M","E","R","$","?","M","B",null],"character_chosen":"GUARDIAN","items_purchased":["Guardian:VentSteam+1","OrangePellets","Happy Flower","Apotheosis","Incense Burner","Guardian:ArmoredProtocol"],"campfire_rested":5,"item_purchase_floors":[3,22,22,39,40,47],"current_hp_per_floor":[80,80,80,79,73,73,73,73,50,50,40,64,46,21,17,16,80,80,76,76,66,61,59,59,80,80,75,63,47,71,57,50,44,80,80,70,70,70,55,55,55,79,79,77,74,80,80,80,80,72],"gold":28,"neow_bonus":"RANDOM_COMMON_RELIC","is_daily":false,"chose_seed":false,"campfire_upgraded":2,"win_rate":0.0,"timestamp":1610163303,"path_taken":["R_BF","?","?","M","$","E","T","?","?","R","E","R","E","?","M","BOSS","R","M","?","?","$","M","T","R","?","M","E","?","R","E","M","BOSS","R","M","M","?","?","$","T","R","M","?","E","R","?","?","M","BOSS"],"items_purchased_type":["Card","Relic","Relic","Card","Relic","Card"],"build_version":"2020-12-22","purchased_purges":2,"victory":true,"max_hp_per_floor":[80,80,80,80,80,80,80,80,80,80,80,80,80,80,80,80,80,80,80,80,80,80,80,80,80,80,80,80,80,80,80,80,80,80,80,80,80,80,80,80,80,80,80,80,80,80,80,80,80,80],"card_choices":[{"not_picked":["Guardian:WalkerClaw","Guardian:TemporalStrike"],"picked":"Guardian:Reroute","floor":2},{"not_picked":["Guardian:Gem_Red","Guardian:Incinerate"],"picked":"Guardian:ShieldSpikes","floor":3},{"not_picked":["Guardian:Gem_Green","Guardian:Incinerate"],"picked":"Guardian:Gem_Red","floor":4},{"not_picked":["Guardian:ChargeUp","Guardian:RollAttack"],"picked":"Guardian:Gem_Blue","floor":5},{"not_picked":["Guardian:Gem_Purple","Guardian:ExploitGems"],"picked":"Guardian:ShieldCharger","floor":6},{"not_picked":["Guardian:VentSteam","Guardian:Gem_Yellow"],"picked":"Guardian:ShieldCharger","floor":8},{"not_picked":["Guardian:TemporalShield","Guardian:Recover"],"picked":"Guardian:Planning","floor":9},{"not_picked":["Guardian:ChargeCore","Guardian:Gem_Crimson"],"picked":"Guardian:TimeCapacitor","floor":11},{"not_picked":["Guardian:TimeCapacitor","Guardian:MultiBeam"],"picked":"Guardian:Preprogram","floor":13},{"not_picked":["Guardian:CrystalBeam","Guardian:Gem_Yellow"],"picked":"Guardian:ArmoredProtocol","floor":15},{"not_picked":["Guardian:StasisField","Guardian:GemFire"],"picked":"Guardian:GatlingBeam","floor":16},{"not_picked":["Guardian:Suspension","Guardian:TemporalStrike"],"picked":"Guardian:DecasProtection","floor":19},{"not_picked":["Guardian:PrismaticBeam","Guardian:Gem_Crimson"],"picked":"Guardian:WalkerClaw+1","floor":21},{"not_picked":["Guardian:TemporalStrike","Guardian:PrimingBeam+1"],"picked":"Guardian:Gem_Red","floor":22},{"not_picked":["Guardian:GemFire","Guardian:RefractedBeam"],"picked":"Guardian:Incinerate","floor":23},{"not_picked":["Guardian:ShieldCharger","Guardian:PrimingBeam+1"],"picked":"Guardian:DonusPower","floor":27},{"not_picked":["Guardian:Reroute","Guardian:CrystalBeam"],"picked":"Guardian:DonusPower","floor":28},{"not_picked":["Guardian:ShieldSpikes","Guardian:VentSteam"],"picked":"Guardian:Orbwalk","floor":29},{"not_picked":["Guardian:CrystalBeam","Guardian:PolyBeam"],"picked":"Guardian:SpikerProtocol","floor":31},{"not_picked":["Guardian:TimeBomb","Guardian:ChargeCore"],"picked":"Guardian:Harden+1","floor":32},{"not_picked":["Guardian:TimeSifter","Guardian:BaubleBeam"],"picked":"Guardian:ConstructionForm","floor":33},{"not_picked":["Guardian:Incinerate+1","Guardian:Suspension"],"picked":"Guardian:Harden","floor":36},{"not_picked":["Guardian:Suspension+1","Guardian:Gem_Red"],"picked":"Guardian:Clone+1","floor":37},{"not_picked":["Guardian:GemFinder","Guardian:Gem_Fragmented","Guardian:Incinerate+1"],"picked":"SKIP","floor":39},{"not_picked":["Guardian:Preprogram+1","Guardian:BaubleBeam"],"picked":"Guardian:Emergency","floor":40},{"not_picked":["Guardian:Gem_Blue","Guardian:BronzeOrb"],"picked":"Guardian:SpikerProtocol","floor":43},{"not_picked":["Guardian:PrimingBeam","Guardian:Planning"],"picked":"Guardian:ArmoredProtocol+1","floor":44},{"not_picked":["Guardian:PrismaticBeam+1","Guardian:Gem_Red"],"picked":"Guardian:EvasiveProtocol+1","floor":45},{"not_picked":["Guardian:Gem_Red","Guardian:VentSteam"],"picked":"Guardian:DonusPower+1","floor":49}],"player_experience":1306509,"relics_obtained":[{"floor":6,"key":"Replay:Bottled Snecko"},{"floor":7,"key":"Ancient Tea Set"},{"floor":9,"key":"Replay:Baseball"},{"floor":11,"key":"Gremlin Food"},{"floor":13,"key":"Art of War"},{"floor":24,"key":"PreservedInsect"},{"floor":26,"key":"Replay:Bottled Flurry"},{"floor":28,"key":"Lantern"},{"floor":31,"key":"Vajra"},{"floor":38,"key":"StoneCalendar"},{"floor":41,"key":"Pen Nib"},{"floor":45,"key":"Snack Pack"}],"event_choices":[{"damage_healed":0,"gold_gain":0,"player_choice":"Success","damage_taken":25,"relics_obtained":["Bag of Preparation"],"max_hp_gain":0,"max_hp_loss":0,"event_name":"Scrap Ooze","floor":14,"gold_loss":0},{"damage_healed":0,"gold_gain":0,"player_choice":"Got Potions","damage_taken":0,"max_hp_gain":0,"max_hp_loss":0,"event_name":"Lab","floor":20,"gold_loss":0},{"damage_healed":0,"gold_gain":0,"player_choice":"Copied","damage_taken":0,"max_hp_gain":0,"max_hp_loss":0,"event_name":"Duplicator","floor":48,"gold_loss":0,"cards_obtained":["Guardian:Clone"]}],"is_beta":false,"boss_relics":[{"not_picked":["Coffee Dripper","Runic Dome"],"picked":"Philosopher\u0027s Stone"},{"not_picked":["Replay:Bronze Core","Painkiller Herb"],"picked":"Fusion Hammer"}],"items_purged_floors":[39,40],"is_endless":false,"potions_floor_spawned":[4,6,8,11,13,19,23,28,31,32,33,37,43,45],"ascension_level":4}}