{"host":"5x08nt64u3vxxcfi","time":1610176391,"event":{"mods":["BaseMod","Minty Spire (QoL Compilation)","StSLib","SuperFastMode"],"gold_per_floor":[119,119,180,180,199,199,226,29,55,55,83,12,27,62,62,162,162,182,257,49,49,69,103,103,122,147,182,182,193,193,225,225,225,225],"floor_reached":33,"playtime":652,"items_purged":["Strike_G"],"score":497,"play_id":"53b6770e-4e43-4c22-9b06-59190bd68e69","local_time":"20210109161311","is_ascension_mode":true,"campfire_choices":[{"data":"Neutralize","floor":6,"key":"SMITH"},{"data":"A Thousand Cuts","floor":10,"key":"SMITH"},{"data":"Infinite Blades","floor":15,"key":"SMITH"},{"data":"Accuracy","floor":24,"key":"SMITH"},{"data":"After Image","floor":30,"key":"SMITH"},{"data":"Infinite Blades","floor":32,"key":"SMITH"}],"circlet_count":0,"master_deck":["Strike_G","Strike_G","Strike_G","Strike_G","Defend_G","Defend_G","Defend_G","Defend_G","Defend_G","Survivor","Neutralize+1","Unload","Bouncing Flask","Slice","A Thousand Cuts+1","Blade Dance","Footwork","Cloak And Dagger+1","Poisoned Stab","Infinite Blades+1","Escape Plan","Prepared","Accuracy+1","After Image+1","Blade Dance+1","Infinite Blades+1","Backstab","Cloak And Dagger","Tactician+1","Cloak And Dagger","Cloak And Dagger+1","Quick Slash+1","Concentrate","Footwork","Prepared"],"relics":["Ring of the Serpent","Ninja Scroll","Ice Cream","Bag of Preparation","Question Card","Smiling Mask","Prayer Wheel","Vajra","War Paint","Ornamental Fan","Peace Pipe","CaptainsWheel"],"acts_visited":["Exordium","TheCity"],"potions_floor_usage":[7,14,23,27,27,33,33,33],"damage_taken":[{"damage":2,"enemies":"Small Slimes","floor":1,"turns":3},{"damage":0,"enemies":"Jaw Worm","floor":5,"turns":3},{"damage":12,"enemies":"Lagavulin","floor":7,"turns":5},{"damage":13,"enemies":"Gremlin Nob","floor":11,"turns":3},{"damage":0,"enemies":"2 Louse","floor":13,"turns":2},{"damage":5,"enemies":"3 Sentries","floor":14,"turns":5},{"damage":4,"enemies":"Slime Boss","floor":16,"turns":6},{"damage":5,"enemies":"3 Byrds","floor":18,"turns":4},{"damage":5,"enemies":"2 Thieves","floor":22,"turns":4},{"damage":27,"enemies":"Book of Stabbing","floor":23,"turns":6},{"damage":0,"enemies":"Snecko","floor":25,"turns":3},{"damage":0,"enemies":"Slavers","floor":27,"turns":5},{"damage":0,"enemies":"3 Cultists","floor":29,"turns":3},{"damage":8,"enemies":"Book of Stabbing","floor":31,"turns":4},{"damage":46,"enemies":"Automaton","floor":33,"turns":6}],"seed_played":"-1319105539225983202","potions_obtained":[{"floor":1,"key":"SkillPotion"},{"floor":5,"key":"Fire Potion"},{"floor":11,"key":"Block Potion"},{"floor":16,"key":"Regen Potion"},{"floor":18,"key":"Weak Potion"},{"floor":23,"key":"Block Potion"},{"floor":27,"key":"Regen Potion"},{"floor":29,"key":"LiquidBronze"}],"is_trial":false,"path_per_floor":["M","?","?","?","M","R","E","$","T","R","E","$","M","E","R","B",null,"M","?","$","T","M","E","R","M","T","E","?","M","R","E","R","B"],"character_chosen":"THE_SILENT","items_purchased":["Blade Dance","Footwork","Cloak And Dagger","Poisoned Stab","Escape Plan","Infinite Blades","Backstab","Cloak And Dagger"],"campfire_rested":0,"item_purchase_floors":[8,8,8,8,12,20,20,20],"current_hp_per_floor":[61,49,49,63,63,63,51,51,51,51,38,38,38,33,33,29,55,50,44,44,44,39,12,12,12,12,26,26,26,26,18,18,0,0],"gold":225,"neow_bonus":"THREE_RARE_CARDS","is_daily":false,"chose_seed":false,"campfire_upgraded":6,"win_rate":0.0,"timestamp":1610176391,"path_taken":["M","?","?","?","M","R","E","?","T","R","E","$","?","E","R","BOSS","M","?","?","?","M","E","R","?","T","E","?","M","R","E","R","BOSS"],"items_purchased_type":["Card","Card","Card","Card","Card","Card","Card","Card"],"build_version":"2020-12-22","purchased_purges":1,"victory":false,"max_hp_per_floor":[63,63,63,63,63,63,63,63,63,63,63,63,63,63,63,63,63,63,63,63,63,63,63,63,63,63,63,63,63,63,63,63,63,63],"card_choices":[{"not_picked":["Wraith Form v2","Tools of the Trade"],"picked":"Unload","floor":0},{"not_picked":["Reflex","Blur"],"picked":"Bouncing Flask","floor":1},{"not_picked":["Caltrops","Backflip"],"picked":"Slice","floor":5},{"not_picked":["Slice","Reflex"],"picked":"A Thousand Cuts","floor":7},{"not_picked":["Acrobatics","Flying Knee"],"picked":"Infinite Blades","floor":11},{"not_picked":["Backflip","PiercingWail","Dodge and Roll"],"picked":"Prepared","floor":13},{"not_picked":["Quick Slash","Dagger Throw","Poisoned Stab"],"picked":"Accuracy","floor":14},{"not_picked":["Die Die Die","Doppelganger","Venomology"],"picked":"After Image","floor":16},{"not_picked":["Masterful Stab","Underhanded Strike","Poisoned Stab+1"],"picked":"Blade Dance","floor":18},{"not_picked":["Masterful Stab","Quick Slash","Acrobatics"],"picked":"Tactician+1","floor":22},{"not_picked":["Outmaneuver","Bouncing Flask","Flying Knee"],"picked":"Cloak And Dagger","floor":22},{"not_picked":["Quick Slash+1","All Out Attack+1","Backflip"],"picked":"Cloak And Dagger+1","floor":23},{"not_picked":["Underhanded Strike+1","Deadly Poison","Flying Knee"],"picked":"Quick Slash+1","floor":25},{"not_picked":["Expertise","Dagger Spray+1","Distraction"],"picked":"Concentrate","floor":25},{"not_picked":["Bane","Doppelganger","Setup","Flying Knee"],"picked":"SKIP","floor":27},{"not_picked":["Bane","Quick Slash","Cloak And Dagger"],"picked":"Footwork","floor":29},{"not_picked":["Expertise","Underhanded Strike","Predator","Riddle With Holes"],"picked":"SKIP","floor":29},{"not_picked":["Poisoned Stab","Flying Knee+1","Flechettes"],"picked":"Prepared","floor":31}],"player_experience":71822,"relics_obtained":[{"floor":7,"key":"Ice Cream"},{"floor":9,"key":"Bag of Preparation"},{"floor":11,"key":"Question Card"},{"floor":14,"key":"Smiling Mask"},{"floor":21,"key":"Prayer Wheel"},{"floor":23,"key":"Vajra"},{"floor":26,"key":"War Paint"},{"floor":27,"key":"Ornamental Fan"},{"floor":31,"key":"CaptainsWheel"}],"event_choices":[{"damage_healed":0,"gold_gain":0,"player_choice":"Success","damage_taken":12,"relics_obtained":["Ninja Scroll"],"max_hp_gain":0,"max_hp_loss":0,"event_name":"Scrap Ooze","floor":2,"gold_loss":0},{"damage_healed":0,"gold_gain":61,"player_choice":"Gained Gold","damage_taken":0,"max_hp_gain":0,"max_hp_loss":0,"event_name":"Golden Wing","floor":3,"gold_loss":0},{"damage_healed":21,"gold_gain":0,"player_choice":"Banana","damage_taken":0,"max_hp_gain":0,"max_hp_loss":0,"event_name":"Big Fish","floor":4,"gold_loss":0},{"damage_healed":0,"gold_gain":75,"player_choice":"Touch","damage_taken":6,"max_hp_gain":0,"max_hp_loss":0,"event_name":"FaceTrader","floor":19,"gold_loss":0},{"damage_healed":0,"gold_gain":0,"player_choice":"Opened","damage_taken":0,"relics_obtained":["Peace Pipe"],"max_hp_gain":0,"max_hp_loss":0,"event_name":"The Mausoleum","floor":28,"gold_loss":0}],"is_beta":false,"boss_relics":[{"not_picked":["Velvet Choker","Fusion Hammer"],"picked":"Ring of the Serpent"}],"items_purged_floors":[20],"is_endless":false,"potions_floor_spawned":[1,5,11,16,18,23,27,29],"killed_by":"Automaton","ascension_level":6}}