{"host":"dn6kke80v5f7isus","time":1610232423,"event":{"mods":["AchievementEnabler","Act Like it!","BaseMod","Colored Powertips","Custom Start","Defuse TimeMaze Blight","Downfall","Duelist Mod","Gremlin Skip","Highlight Path","Hubris","Infinite Spire","Minty Spire (QoL Compilation)","Rare Cards Sparkle","Replay The Spire","StSLib","Uncapped"],"gold_per_floor":[138,138,16,16,41,41,8251,8284,8284,8284,8305,8346,8346,8365,8365,8495,8495,8508,8508,8544,8558,7711,7747,7747,7747,7747,7778,7797,7797,7831,7294,7294,7894,7894,8431,8431,8431,9002,9002,9002,9621,9621,9645,9645,10313,10996,11731,12508,12508,12508],"floor_reached":51,"playtime":2341,"items_purged":["Injury"],"score":1693,"play_id":"f58d7439-ecdd-4f89-bf49-b571d2806fed","local_time":"20210109174703","is_ascension_mode":true,"campfire_choices":[{"data":"theDuelist:InstantFusion","floor":6.0,"key":"SMITH"},{"data":"theDuelist:GarbageLord","floor":13.0,"key":"SMITH"},{"data":"theDuelist:FairyBox","floor":15.0,"key":"SMITH"},{"data":"theDuelist:TrapHole","floor":24.0,"key":"SMITH"},{"data":"theDuelist:DefensiveTactics","floor":32,"key":"SMITH"},{"data":"theDuelist:LegendarySword+1","floor":40,"key":"SMITH"},{"data":"theDuelist:LegendarySword+2","floor":42,"key":"SMITH"},{"data":"theDuelist:LegendarySword+3","floor":44,"key":"SMITH"},{"floor":49,"key":"RECALL"}],"circlet_count":0,"master_deck":["theDuelist:TrapHole+1","theDuelist:Earthquake","theDuelist:ConvulsionNature","theDuelist:InstantFusion+1","theDuelist:ElfLight+1","theDuelist:ConvulsionNature","theDuelist:GarbageLord+1","theDuelist:PutridPudding+1","theDuelist:MegafleetDragon","theDuelist:OboroGuruma","Thinking Ahead","theDuelist:AdvanceForce","theDuelist:RelinquishedSpider","theDuelist:InariFire","theDuelist:BlastAsmodian","theDuelist:BiteBug","theDuelist:FairyBox+1","theDuelist:MagnumShield","theDuelist:JumboDrill","theDuelist:GarbageLord+1","theDuelist:DokiDoki","theDuelist:AfterGenocide","theDuelist:FangCritias","theDuelist:FairyBox","theDuelist:DefensiveTactics+1","theDuelist:MegafleetDragon+1","theDuelist:ElfLight","theDuelist:LegendarySword+4","theDuelist:LegendarySword+1","theDuelist:RainbowKuriboh","theDuelist:DragonDowser","theDuelist:MegafleetDragon+1","theDuelist:DragonDowser"],"relics":["theDuelist:MillenniumPuzzle","theDuelist:CardPoolRelic","theDuelist:CardPoolBasicRelic","theDuelist:BoosterPackPoolRelic","theDuelist:CardPoolAddRelic","theDuelist:CardPoolMinusRelic","theDuelist:CardPoolSaveRelic","theDuelist:CardPoolOptionsRelic","Golden Idol","theDuelist:BoosterExtraAllRaresRelic","hubris:BundleOfHerbs","Oddly Smooth Stone","hubris:EmptyBottle","infinitespire:SolderingIron","hubris:CrystalStatue","infinitespire:Lucky Rock","Electric Blood","hubris:Towel","Red Mask","infinitespire:Satchel","Toolbox","infinitespire:Broken Mirror","hubris:SphereOfDissonance","theDuelist:ElectricToken","infinitespire:Bottled Soul","Lantern","Blood Vial","Snake Skull","Garlic","infinitespire:EvilPickle","hubris:TerracottaHorce","MealTicket","Bag of Preparation","Replay:Rubber Ducky","Tough Bandages"],"acts_visited":["Exordium","TheCity","TheBeyond"],"potions_floor_usage":[50,50,50],"damage_taken":[{"damage":0.0,"enemies":"2 Louse","floor":1.0,"turns":2.0},{"damage":0.0,"enemies":"Jaw Worm","floor":5.0,"turns":1.0},{"damage":0.0,"enemies":"Gremlin Nob","floor":8.0,"turns":3.0},{"damage":0.0,"enemies":"Cultist","floor":11.0,"turns":2.0},{"damage":0.0,"enemies":"Lagavulin","floor":12.0,"turns":2.0},{"damage":0.0,"enemies":"Red Slaver","floor":14.0,"turns":1.0},{"damage":15.0,"enemies":"The Guardian","floor":16.0,"turns":7.0},{"damage":30.0,"enemies":"Chosen","floor":18.0,"turns":6.0},{"damage":10.0,"enemies":"Masked Bandits","floor":20.0,"turns":3.0},{"damage":9.0,"enemies":"Shell Parasite","floor":21.0,"turns":3.0},{"damage":48.0,"enemies":"Gremlin Leader","floor":23.0,"turns":5.0},{"damage":51.0,"enemies":"Book of Stabbing","floor":27.0,"turns":4.0},{"damage":11,"enemies":"Sentry and Sphere","floor":28,"turns":3},{"damage":34,"enemies":"Slavers","floor":30,"turns":3},{"damage":7,"enemies":"Pondfish","floor":33,"turns":4},{"damage":17,"enemies":"3 Darklings","floor":35,"turns":2},{"damage":16,"enemies":"Orb Walker","floor":38,"turns":2},{"damage":0,"enemies":"R_Hoarder","floor":41,"turns":1},{"damage":5,"enemies":"Nemesis","floor":45,"turns":1},{"damage":2,"enemies":"4 Shapes","floor":46,"turns":2},{"damage":10,"enemies":"Transient","floor":47,"turns":5},{"damage":3,"enemies":"Jaw Worm Horde","floor":48,"turns":3},{"damage":8,"enemies":"Awakened One","floor":50,"turns":5}],"seed_played":"-5950103734076216962","potions_obtained":[{"floor":12.0,"key":"FearPotion"},{"floor":14.0,"key":"theDuelist:SolderPotionB"},{"floor":18.0,"key":"Elixir"},{"floor":33,"key":"theDuelist:FreezingPotion"},{"floor":45,"key":"theDuelist:MillenniumElixir"}],"is_trial":false,"path_per_floor":["M","?","$","?","M","R","$","E","T","?","M","E","R","M","R","B",null,"M","?","?","M","$","E","R","T","T","E","M","?","E","$","R","B",null,"M","?","?","M","AVR","R","E","R","T","R","E","M","M","M","R","B",null],"character_chosen":"THE_DUELIST","items_purchased":["theDuelist:BiteBug","hubris:BundleOfHerbs","Oddly Smooth Stone","hubris:EmptyBottle","infinitespire:Satchel","Toolbox","infinitespire:Broken Mirror","theDuelist:MegafleetDragon+1","theDuelist:ConvulsionNature","Thinking Ahead","Snake Skull","Garlic","theDuelist:FairyBox","theDuelist:ConvulsionNature"],"campfire_rested":0,"item_purchase_floors":[3,7,7,7,22,22,22,22,22,22,31,31,31,31],"current_hp_per_floor":[72,72,72,66,66,66,180,180,180,180,180,180,180,180,180,165,176,146,146,136,127,127,79,79,79,79,28,169,169,135,135,135,130,168,153,153,153,139,139,139,141,141,141,141,138,138,130,129,129,123],"gold":12508,"neow_bonus":"THREE_CARDS","is_daily":false,"chose_seed":false,"campfire_upgraded":8,"win_rate":0.0,"timestamp":1610232423,"path_taken":["M","?","$","?","?","R","?","E","T","?","M","E","R","M","R","BOSS","M","?","?","?","$","E","R","?","T","E","?","?","E","?","R","BOSS","M","?","?","M","AVR","R","E","R","T","R","E","M","M","?","R","BOSS"],"items_purchased_type":["Card","Relic","Relic","Relic","Relic","Relic","Relic","Card","Card","Card","Relic","Relic","Card","Card"],"build_version":"2020-12-22","purchased_purges":1,"victory":true,"max_hp_per_floor":[80,80,80,80,80,80,180,180,180,180,180,180,180,180,180,180,180,180,180,180,180,180,180,180,180,180,180,180,180,180,180,180,180,180,180,180,180,180,180,180,180,180,180,180,180,180,180,180,180,180],"card_choices":[{"not_picked":["theDuelist:BattleOx","theDuelist:GilfordLegend","theDuelist:GishkiAriel"],"picked":"SKIP","floor":1.0},{"not_picked":["theDuelist:ReptiliannePoison","theDuelist:DinosaurMetronome"],"picked":"theDuelist:MagnumShield","floor":5.0},{"not_picked":["theDuelist:SphereKuriboh","theDuelist:Umi","theDuelist:RevolvingSwitchyard"],"picked":"theDuelist:InariFire","floor":8.0},{"not_picked":["theDuelist:DarkEnergy"],"picked":"theDuelist:Earthquake","floor":11.0},{"not_picked":["theDuelist:HammerShot","theDuelist:WormKing","theDuelist:EarthquakeGiant"],"picked":"SKIP","floor":12.0},{"not_picked":["theDuelist:LordD","theDuelist:VampireAwakening"],"picked":"theDuelist:FairyBox","floor":14.0},{"not_picked":["theDuelist:Deskbot009","theDuelist:OverpoweringEye"],"picked":"theDuelist:DefensiveTactics","floor":16.0},{"not_picked":["theDuelist:SphereKuriboh","theDuelist:RevolvingSwitchyard","theDuelist:RedMirror+1"],"picked":"SKIP","floor":18.0},{"not_picked":["theDuelist:FragmentFusion","theDuelist:GhostrickRenovation"],"picked":"theDuelist:TrapHole","floor":20.0},{"not_picked":["theDuelist:ArchfiendSoldier","theDuelist:EvigishkiGustkraken"],"picked":"theDuelist:AdvanceForce","floor":21.0},{"not_picked":["theDuelist:DragonDowser","theDuelist:ArmedDragon3"],"picked":"theDuelist:MegafleetDragon","floor":23.0},{"not_picked":["theDuelist:ArchfiendGeneral","theDuelist:OverpoweringEye"],"picked":"theDuelist:ElfLight+1","floor":27.0},{"not_picked":["theDuelist:FrillerRabca+1","theDuelist:PreventRat","theDuelist:ChrysalisDolphin"],"picked":"SKIP","floor":28},{"not_picked":["theDuelist:SeismicShockwave","theDuelist:Deskbot009"],"picked":"theDuelist:PutridPudding+1","floor":30},{"not_picked":["theDuelist:SeismicShockwave","theDuelist:ArchfiendGeneral"],"picked":"theDuelist:ElfLight","floor":33},{"not_picked":["theDuelist:FishKicks+1","theDuelist:AdvanceForce+1"],"picked":"theDuelist:LegendarySword","floor":35},{"not_picked":["theDuelist:SuperancientDinobeast+1","theDuelist:RainbowOverdragon+1"],"picked":"theDuelist:RainbowKuriboh","floor":38},{"not_picked":["theDuelist:DoomkaiserDragon","theDuelist:MegafleetDragon","theDuelist:DragonDowser"],"picked":"SKIP","floor":41},{"not_picked":["theDuelist:NeoMagic","theDuelist:TwinHeadedWolf+1"],"picked":"theDuelist:DragonDowser","floor":45},{"not_picked":["theDuelist:ArchfiendSoldier","theDuelist:DragonPiper"],"picked":"theDuelist:MegafleetDragon+1","floor":46},{"not_picked":["theDuelist:NeoMagic","theDuelist:ToonMermaid"],"picked":"theDuelist:DragonDowser","floor":47},{"not_picked":["theDuelist:BlastMagician","theDuelist:DigitalBug+1","theDuelist:Babycerasaurus"],"picked":"SKIP","floor":48}],"player_experience":574929,"relics_obtained":[{"floor":8.0,"key":"infinitespire:SolderingIron"},{"floor":9.0,"key":"hubris:CrystalStatue"},{"floor":12.0,"key":"infinitespire:Lucky Rock"},{"floor":20.0,"key":"Red Mask"},{"floor":23.0,"key":"hubris:SphereOfDissonance"},{"floor":25.0,"key":"theDuelist:ElectricToken"},{"floor":26.0,"key":"infinitespire:Bottled Soul"},{"floor":27.0,"key":"Lantern"},{"floor":30,"key":"Blood Vial"},{"floor":41,"key":"Bag of Preparation"},{"floor":43,"key":"Replay:Rubber Ducky"},{"floor":45,"key":"Tough Bandages"}],"event_choices":[{"damage_healed":0.0,"max_hp_gain":0.0,"max_hp_loss":0.0,"gold_gain":0.0,"event_name":"Golden Idol","player_choice":"Take Wound","floor":2.0,"gold_loss":0.0,"damage_taken":0.0,"relics_obtained":["Golden Idol"],"cards_obtained":["Injury"]},{"damage_healed":0.0,"max_hp_gain":0.0,"max_hp_loss":0.0,"gold_gain":0.0,"event_name":"Aknamkanon\u0027s Tomb","player_choice":"Dig - random Duelist relic","duelist":true,"floor":4.0,"gold_loss":0.0,"damage_taken":0.0},{"damage_healed":0.0,"max_hp_gain":0.0,"max_hp_loss":0.0,"gold_gain":0.0,"event_name":"Masked Bandits","player_choice":"Fought Bandits","floor":20.0,"gold_loss":0.0,"damage_taken":0.0},{"damage_healed":0,"gold_gain":0,"player_choice":"Leave","duelist":true,"damage_taken":0,"max_hp_gain":0,"max_hp_loss":0,"event_name":"Tomb of the Nameless","floor":29,"gold_loss":0},{"damage_healed":0,"gold_gain":0,"player_choice":"Copied","damage_taken":0,"max_hp_gain":0,"max_hp_loss":0,"event_name":"Duplicator","floor":37,"gold_loss":0,"cards_obtained":["theDuelist:LegendarySword"]}],"is_beta":false,"boss_relics":[{"not_picked":["Runic Pyramid","Busted Crown"],"picked":"Electric Blood"},{"not_picked":["Replay:Ancient Bell","Astrolabe"],"picked":"hubris:TerracottaHorce"}],"items_purged_floors":[3],"is_endless":false,"potions_floor_spawned":[12,14,18,33,45,46,47],"ascension_level":7}}