{"host":"7xbu8gt067z192g2","time":1610232944,"event":{"mods":["BaseMod","Better Note","Colored Map","Colored Powertips","Googly Eyes","Highlight Path","Minty Spire (QoL Compilation)","Rare Cards Sparkle","Replay The Spire","StSLib","The Bladedancer","The Cursed","The Hierophant","The Valiant","The Wild Card"],"gold_per_floor":[116,116,116,116,128,128,147,24,24,56,75,86,106,141,141,141,141],"floor_reached":16,"playtime":906,"items_purged":[],"score":118,"play_id":"6209a91e-6a03-4a08-b70e-8dfa4fc0efa8","local_time":"20210109175544","is_ascension_mode":true,"campfire_choices":[{"data":"Corpse Explosion","floor":6,"key":"SMITH"},{"floor":15,"key":"REST"}],"circlet_count":0,"master_deck":["Strike_G","Strike_G","Strike_G","Strike_G","Strike_G","Defend_G","Defend_G","Defend_G","Defend_G","Defend_G","Survivor","Neutralize","Corpse Explosion+1","theWildCard:Alice","Leg Sweep","Skewer","Acrobatics","ReplayTheSpireMod:Scrap Shanks","Atom Bomb","PiercingWail+1","Tools of the Trade","All Out Attack"],"relics":["Sozu","Replay:Bottled Steam","Bag of Marbles","Replay:Bottled Eggs"],"acts_visited":["Exordium"],"potions_floor_usage":[],"damage_taken":[{"damage":4,"enemies":"2 Louse","floor":1,"turns":4},{"damage":5,"enemies":"Small Slimes","floor":5,"turns":3},{"damage":0,"enemies":"Jaw Worm","floor":7,"turns":2},{"damage":15,"enemies":"Gremlin Nob","floor":10,"turns":5},{"damage":2,"enemies":"Blue Slaver","floor":11,"turns":3},{"damage":12,"enemies":"Exordium Wildlife","floor":12,"turns":4},{"damage":0,"enemies":"3 Louse","floor":13,"turns":3},{"damage":15,"enemies":"Lagavulin","floor":14,"turns":5},{"damage":48,"enemies":"Fading Forest","floor":16,"turns":11}],"seed_played":"1566848110815582823","potions_obtained":[],"is_trial":false,"path_per_floor":["M","?","?","?","M","R","M","$","T","E","M","M","M","E","R","B"],"character_chosen":"THE_SILENT","items_purchased":["Acrobatics","ReplayTheSpireMod:Scrap Shanks"],"campfire_rested":1,"item_purchase_floors":[8,8],"current_hp_per_floor":[66,66,66,66,61,61,61,61,61,46,44,32,32,17,38,0,0],"gold":141,"neow_bonus":"BOSS_RELIC","is_daily":false,"chose_seed":false,"campfire_upgraded":1,"win_rate":0.0,"timestamp":1610232944,"path_taken":["M","?","?","?","M","R","M","?","T","E","M","M","?","E","R","BOSS"],"items_purchased_type":["Card","Card"],"build_version":"2020-12-22","purchased_purges":0,"victory":false,"max_hp_per_floor":[70,70,70,70,70,70,70,70,70,70,70,70,70,70,70,70,70],"card_choices":[{"not_picked":["Flechettes","Slice"],"picked":"Terror","floor":1},{"not_picked":["Dodge and Roll","Acrobatics"],"picked":"Leg Sweep","floor":5},{"not_picked":["Deflect","Heel Hook"],"picked":"Skewer","floor":7},{"not_picked":["Bouncing Flask","Dagger Throw"],"picked":"Atom Bomb","floor":10},{"not_picked":["Dagger Spray","Sucker Punch"],"picked":"PiercingWail","floor":11},{"not_picked":["Predator","Deflect"],"picked":"Tools of the Trade","floor":12},{"not_picked":["Slice","Deadly Poison"],"picked":"All Out Attack","floor":13},{"not_picked":["ReplayTheSpireMod:Speed Training","Calculated Gamble","Dash"],"picked":"SKIP","floor":14}],"player_experience":165662,"relics_obtained":[{"floor":9,"key":"Replay:Bottled Steam"},{"floor":10,"key":"Bag of Marbles"},{"floor":14,"key":"Replay:Bottled Eggs"}],"event_choices":[{"damage_healed":0,"gold_gain":0,"player_choice":"Leave","damage_taken":0,"max_hp_gain":0,"max_hp_loss":0,"event_name":"The Cleric","floor":2,"gold_loss":0},{"damage_healed":0,"gold_gain":0,"cards_transformed":["Terror"],"player_choice":"Change","damage_taken":0,"max_hp_gain":0,"max_hp_loss":0,"event_name":"Living Wall","floor":3,"gold_loss":0,"cards_obtained":["Corpse Explosion"]}],"is_beta":false,"boss_relics":[],"items_purged_floors":[],"is_endless":false,"potions_floor_spawned":[1,10,11,12],"killed_by":"Fading Forest","ascension_level":1}}