{"host":"6ld56ls1xbe0aj21","time":1610174855,"event":{"mods":["AchievementEnabler","BaseMod","Colored Powertips","Minty Spire (QoL Compilation)","Quick Restart","Rare Cards Sparkle","StSLib","SuperFastMode","everything is the same but u backflip on backflip","slay the spire mod where everything is the same but ironclad has a cowboy hat"],"gold_per_floor":[365,365,12,35,56,87,12,12,39,59,84,104,144,159,159,159,159],"floor_reached":16,"playtime":510,"items_purged":["Strike_R"],"score":200,"play_id":"9cdbbb23-51ca-4201-a006-b34763492f0b","local_time":"20210109174735","is_ascension_mode":true,"campfire_choices":[{"floor":8,"key":"REST"},{"data":"Flex","floor":15,"key":"SMITH"}],"circlet_count":0,"master_deck":["AscendersBane","Strike_R","Strike_R","Strike_R","Strike_R","Defend_R","Defend_R","Defend_R","Defend_R","Bash","Iron Wave","Spot Weakness","Hemokinesis","Shockwave","Whirlwind","Dropkick","Flex+1"],"relics":["Burning Blood","Golden Idol","ClockworkSouvenir","Akabeko","Centennial Puzzle","MealTicket","Ancient Tea Set"],"acts_visited":["Exordium"],"potions_floor_usage":[6,13],"damage_taken":[{"damage":14.0,"enemies":"Jaw Worm","floor":1.0,"turns":5.0},{"damage":0.0,"enemies":"Small Slimes","floor":4.0,"turns":3.0},{"damage":1.0,"enemies":"Cultist","floor":5.0,"turns":3.0},{"damage":16,"enemies":"3 Sentries","floor":6,"turns":5},{"damage":9,"enemies":"Large Slime","floor":10,"turns":6},{"damage":3,"enemies":"Blue Slaver","floor":11,"turns":2},{"damage":0,"enemies":"3 Louse","floor":12,"turns":1},{"damage":23,"enemies":"Lagavulin","floor":13,"turns":6},{"damage":0,"enemies":"Exordium Wildlife","floor":14,"turns":1},{"damage":56,"enemies":"Hexaghost","floor":16,"turns":9}],"seed_played":"-9013146317191148170","potions_obtained":[{"floor":1.0,"key":"Fire Potion"},{"floor":6,"key":"SmokeBomb"}],"is_trial":false,"path_per_floor":["M","?","$","M","M","E","$","R","T","M","M","M","E","M","R","B"],"character_chosen":"IRONCLAD","items_purchased":["ClockworkSouvenir","Akabeko","PowerPotion"],"campfire_rested":1,"item_purchase_floors":[3,3,3],"current_hp_per_floor":[60,37,37,43,48,38,38,58,58,55,58,64,47,53,53,0,0],"gold":159,"neow_bonus":"TWO_FIFTY_GOLD","is_daily":false,"chose_seed":false,"campfire_upgraded":1,"win_rate":0.0,"timestamp":1610174855,"path_taken":["M","?","$","M","M","E","$","R","T","M","M","M","E","M","R","BOSS"],"items_purchased_type":["Relic","Relic","Potion"],"build_version":"2020-12-22","purchased_purges":1,"victory":false,"max_hp_per_floor":[68,68,68,68,68,68,68,68,68,68,68,68,68,68,68,68,68],"card_choices":[{"not_picked":["Searing Blow","Sword Boomerang"],"picked":"Iron Wave","floor":1.0},{"not_picked":["Anger","Pummel"],"picked":"Spot Weakness","floor":4.0},{"not_picked":["Flex","Shrug It Off"],"picked":"Hemokinesis","floor":5.0},{"not_picked":["Uppercut","Bludgeon"],"picked":"Shockwave","floor":6},{"not_picked":["Cleave","Iron Wave","Warcry"],"picked":"SKIP","floor":10},{"not_picked":["Thunderclap","Burning Pact"],"picked":"Whirlwind","floor":11},{"not_picked":["Clash","Wild Strike","Havoc"],"picked":"SKIP","floor":12},{"not_picked":["Sword Boomerang","Shrug It Off"],"picked":"Dropkick","floor":13},{"not_picked":["Heavy Blade","Clothesline"],"picked":"Flex","floor":14}],"player_experience":309670,"relics_obtained":[{"floor":6,"key":"Centennial Puzzle"},{"floor":9,"key":"MealTicket"},{"floor":13,"key":"Ancient Tea Set"}],"event_choices":[{"damage_healed":0.0,"max_hp_gain":0.0,"max_hp_loss":0.0,"gold_gain":0.0,"event_name":"Golden Idol","player_choice":"Take Damage","floor":2.0,"gold_loss":0.0,"damage_taken":23.0,"relics_obtained":["Golden Idol"]}],"is_beta":false,"boss_relics":[],"items_purged_floors":[7],"is_endless":false,"potions_floor_spawned":[1,6,11,12],"killed_by":"Hexaghost","ascension_level":15}}