{"host":"og6lam4kt3nibbw0","time":1610216375,"event":{"mods":["AchievementEnabler","BaseMod","Colored Map","DeckTracker","Highlight Path","Keyboard Shortcuts","Minty Spire (QoL Compilation)","Permanent Neow","Quick Restart","StSLib","SuperFastMode"],"gold_per_floor":[118,135,29,40,40,40,40,73,128,141,141,167,167,202,202,280,280,291,301,301,320,332,363,363,394,394,406,418,100,100,129,129,200,250,266,266,266,266,283,317,197,222,245,245,270,285,315,329,329,329,329,329,329,38,64,64],"floor_reached":57,"playtime":2397,"items_purged":["Defragment+1"],"score":3118,"play_id":"d96777a9-a1c2-4648-981e-1b738a633b78","local_time":"20210110031935","is_ascension_mode":true,"campfire_choices":[{"data":"Finesse","floor":7,"key":"SMITH"},{"floor":11,"key":"REST"},{"floor":15,"key":"REST"},{"data":"Coolheaded","floor":24,"key":"SMITH"},{"floor":32,"key":"REST"},{"data":"Skim","floor":44,"key":"SMITH"},{"floor":49,"key":"RECALL"},{"data":"Loop","floor":53,"key":"SMITH"}],"circlet_count":0,"master_deck":["Storm+1","Storm+1","Thunder Strike+1","Glacier+1","Electrodynamics+1","Defragment+1","Capacitor+1","Recycle+1","Hologram+1","Leap+1","FTL+1","Sweeping Beam+1","Biased Cognition+1","Core Surge+1","Turbo+1","Finesse+1","Capacitor","Biased Cognition","Coolheaded+1","Self Repair+1","Chill","Force Field","Skim+1","Tempest","Loop+1","Heatsinks","Storm+1"],"relics":["Cracked Core","Strawberry","Black Star","ClockworkSouvenir","Happy Flower","DataDisk","Bottled Flame","Odd Mushroom","Lantern","Nunchaku","Black Star","Incense Burner","Matryoshka","Ice Cream","Whetstone","Thread and Needle","MawBank","Calipers","Molten Egg 2","Ginger","Tiny House","Pocketwatch","Blood Vial","Bag of Marbles","Pen Nib","Vajra","Centennial Puzzle","Akabeko","Bronze Scales","Dream Catcher","Toy Ornithopter","Oddly Smooth Stone","Boot","Blue Candle"],"acts_visited":["Exordium","TheCity","TheBeyond","TheEnding"],"potions_floor_usage":[34,56,56],"damage_taken":[{"damage":12,"enemies":"Jaw Worm","floor":1,"turns":2},{"damage":0,"enemies":"2 Louse","floor":2,"turns":1},{"damage":0,"enemies":"Small Slimes","floor":4,"turns":2},{"damage":0,"enemies":"Gremlin Nob","floor":8,"turns":3},{"damage":0,"enemies":"3 Louse","floor":10,"turns":1},{"damage":0,"enemies":"The Mushroom Lair","floor":12,"turns":2},{"damage":10,"enemies":"3 Sentries","floor":14,"turns":2},{"damage":0,"enemies":"Slime Boss","floor":16,"turns":2},{"damage":21,"enemies":"Shell Parasite","floor":18,"turns":2},{"damage":0,"enemies":"Spheric Guardian","floor":19,"turns":1},{"damage":2,"enemies":"3 Cultists","floor":21,"turns":3},{"damage":0,"enemies":"Snecko","floor":22,"turns":2},{"damage":28,"enemies":"Book of Stabbing","floor":23,"turns":3},{"damage":11,"enemies":"Gremlin Leader","floor":25,"turns":3},{"damage":17,"enemies":"Book of Stabbing","floor":31,"turns":3},{"damage":10,"enemies":"Collector","floor":33,"turns":3},{"damage":4,"enemies":"3 Shapes","floor":35,"turns":2},{"damage":0,"enemies":"3 Darklings","floor":39,"turns":2},{"damage":46,"enemies":"Reptomancer","floor":40,"turns":3},{"damage":0,"enemies":"Giant Head","floor":42,"turns":4},{"damage":0,"enemies":"Reptomancer","floor":45,"turns":4},{"damage":0,"enemies":"4 Shapes","floor":46,"turns":3},{"damage":14,"enemies":"Nemesis","floor":47,"turns":3},{"damage":0,"enemies":"Transient","floor":48,"turns":6},{"damage":22,"enemies":"Donu and Deca","floor":50,"turns":3},{"damage":9,"enemies":"Awakened One","floor":51,"turns":7},{"damage":22,"enemies":"Shield and Spear","floor":55,"turns":3},{"damage":43,"enemies":"The Heart","floor":56,"turns":7}],"seed_played":"-619759124900330889","potions_obtained":[{"floor":1,"key":"Strength Potion"},{"floor":8,"key":"Swift Potion"},{"floor":12,"key":"FocusPotion"},{"floor":31,"key":"Block Potion"},{"floor":34,"key":"Fruit Juice"},{"floor":40,"key":"SteroidPotion"},{"floor":47,"key":"PowerPotion"}],"is_trial":false,"path_per_floor":["M","M","$","M","?","?","R","E","T","M","R","?","$","E","R","B",null,"M","M","?","M","M","E","R","E","T","$","?","$","?","E","R","B",null,"M","?","$","?","M","E","$","E","T","R","E","M","E","M","R","B","B",null,"R","$","E","B",null],"character_chosen":"DEFECT","items_purchased":["Finesse","Calipers","Skim","Heatsinks","Oddly Smooth Stone","DistilledChaos"],"campfire_rested":3,"item_purchase_floors":[3,29,41,54,54,54],"current_hp_per_floor":[59,59,59,59,36,25,25,25,25,25,48,48,48,38,61,61,74,53,53,69,67,67,39,39,35,35,35,35,35,35,25,48,38,78,84,84,84,84,84,48,48,60,60,60,72,74,72,84,84,74,77,85,85,85,65,34],"gold":64,"neow_bonus":"RANDOM_COMMON_RELIC","is_daily":false,"chose_seed":false,"campfire_upgraded":4,"win_rate":0.0,"timestamp":1610216375,"path_taken":["M","M","$","M","?","?","R","E","T","M","R","?","$","E","R","BOSS","M","M","?","M","M","E","R","E","T","$","?","$","?","E","R","BOSS","M","?","$","?","M","E","$","E","T","R","E","M","E","M","R","BOSS","BOSS","R","$","E","BOSS"],"items_purchased_type":["Card","Relic","Card","Card","Relic","Potion"],"build_version":"2020-12-22","purchased_purges":1,"victory":true,"max_hp_per_floor":[78,78,78,78,78,78,78,78,78,78,78,78,78,78,78,78,78,78,78,78,78,78,78,78,78,78,78,78,78,78,78,78,78,88,88,88,88,88,88,88,88,88,88,88,88,88,88,88,88,88,88,88,88,88,88,88],"card_choices":[{"not_picked":["Darkness","Redo"],"picked":"Sweeping Beam","floor":1},{"not_picked":["Doom and Gloom","Blizzard"],"picked":"Turbo","floor":2},{"not_picked":["Undo","BootSequence","Recycle"],"picked":"SKIP","floor":4},{"not_picked":["Ball Lightning","Turbo","Beam Cell"],"picked":"SKIP","floor":8},{"not_picked":["Consume","Gash","Reprogram"],"picked":"SKIP","floor":10},{"not_picked":["All For One","Go for the Eyes"],"picked":"Capacitor","floor":12},{"not_picked":["Conserve Battery","Rebound","Sunder"],"picked":"SKIP","floor":14},{"not_picked":["Echo Form","Reboot"],"picked":"Biased Cognition","floor":16},{"not_picked":["Rebound","Steam Power","Beam Cell"],"picked":"SKIP","floor":18},{"not_picked":["Steam+1","Compile Driver"],"picked":"Coolheaded","floor":19},{"not_picked":["All For One","Compile Driver","Ball Lightning"],"picked":"SKIP","floor":21},{"not_picked":["Conserve Battery","Redo","Doom and Gloom"],"picked":"SKIP","floor":22},{"not_picked":["Conserve Battery","Double Energy"],"picked":"Self Repair","floor":23},{"not_picked":["Barrage","Reprogram","Cold Snap"],"picked":"SKIP","floor":25},{"not_picked":["Streamline+1","Blizzard+1","Redo"],"picked":"SKIP","floor":31},{"not_picked":["Redo","Conserve Battery"],"picked":"Chill","floor":35},{"not_picked":["Turbo+1","Steam+1","Rebound+1"],"picked":"SKIP","floor":39},{"not_picked":["Melter+1","Compile Driver+1"],"picked":"Force Field","floor":40},{"not_picked":["Go for the Eyes+1","Rebound+1","Echo Form"],"picked":"SKIP","floor":42},{"not_picked":["Fusion","Sunder+1","Scrape+1"],"picked":"SKIP","floor":45},{"not_picked":["Scrape+1","Melter+1","Steam Power+1"],"picked":"SKIP","floor":46},{"not_picked":["Stack","Beam Cell+1"],"picked":"Tempest","floor":47},{"not_picked":["Sunder+1","Compile Driver+1"],"picked":"Loop","floor":48},{"not_picked":["Barrage+1","Compile Driver+1"],"picked":"Storm+1","floor":55}],"player_experience":837911,"relics_obtained":[{"floor":8,"key":"DataDisk"},{"floor":8,"key":"Bottled Flame"},{"floor":12,"key":"Odd Mushroom"},{"floor":14,"key":"Lantern"},{"floor":14,"key":"Nunchaku"},{"floor":23,"key":"Incense Burner"},{"floor":23,"key":"Matryoshka"},{"floor":25,"key":"Ice Cream"},{"floor":25,"key":"Whetstone"},{"floor":26,"key":"Thread and Needle"},{"floor":26,"key":"MawBank"},{"floor":31,"key":"Molten Egg 2"},{"floor":31,"key":"Ginger"},{"floor":40,"key":"Pocketwatch"},{"floor":40,"key":"Blood Vial"},{"floor":42,"key":"Bag of Marbles"},{"floor":42,"key":"Pen Nib"},{"floor":43,"key":"Vajra"},{"floor":43,"key":"Centennial Puzzle"},{"floor":45,"key":"Akabeko"},{"floor":45,"key":"Bronze Scales"},{"floor":47,"key":"Dream Catcher"},{"floor":47,"key":"Toy Ornithopter"},{"floor":55,"key":"Boot"},{"floor":55,"key":"Blue Candle"}],"event_choices":[{"damage_healed":0,"gold_gain":0,"player_choice":"Entered Light","damage_taken":23,"max_hp_gain":0,"max_hp_loss":0,"event_name":"Shining Light","floor":5,"gold_loss":0,"cards_upgraded":["Turbo","Sweeping Beam"]},{"damage_healed":0,"gold_gain":0,"player_choice":"Success","damage_taken":11,"relics_obtained":["Happy Flower"],"max_hp_gain":0,"max_hp_loss":0,"event_name":"Scrap Ooze","floor":6,"gold_loss":0},{"damage_healed":0,"gold_gain":0,"player_choice":"Fought Mushrooms","damage_taken":0,"max_hp_gain":0,"max_hp_loss":0,"event_name":"Mushrooms","floor":12,"gold_loss":0},{"damage_healed":16,"gold_gain":0,"player_choice":"Heal","damage_taken":0,"max_hp_gain":0,"max_hp_loss":0,"event_name":"The Library","floor":20,"gold_loss":0},{"damage_healed":0,"gold_gain":0,"player_choice":"Ignored","damage_taken":0,"max_hp_gain":0,"max_hp_loss":0,"event_name":"Beggar","floor":28,"gold_loss":0},{"damage_healed":0,"gold_gain":0,"player_choice":"Ignored","damage_taken":0,"max_hp_gain":0,"max_hp_loss":0,"event_name":"Cursed Tome","floor":30,"gold_loss":0},{"cards_removed":["Echo Form"],"damage_healed":0,"gold_gain":0,"player_choice":"Removed Power","damage_taken":0,"max_hp_gain":0,"max_hp_loss":0,"event_name":"Falling","floor":36,"gold_loss":0},{"damage_healed":0,"gold_gain":0,"player_choice":"Memory 1","damage_taken":0,"max_hp_gain":0,"max_hp_loss":0,"event_name":"SensoryStone","floor":38,"gold_loss":0}],"is_beta":false,"boss_relics":[{"not_picked":["Philosopher\u0027s Stone","Cursed Key"],"picked":"Black Star"},{"not_picked":["Sozu","Inserter"],"picked":"Tiny House"}],"items_purged_floors":[41],"is_endless":false,"potions_floor_spawned":[1,8,12,21,25,31,33,40,45,47,48,55],"ascension_level":20}}