{"host":"gj3450u0c4def4mj","time":1610228474,"event":{"mods":["2.2 Compatiblity","Act Like it!","BaseMod","Gensokyo","Minty Spire (QoL Compilation)","Permanent Neow","Reimu??????","StSLib"],"gold_per_floor":[113,113,126,126,86,86,32,60,135,445,345,345,52,52,52,148,148,162,173,4,15,15,15,42,42,65,85,97,110,110,110,110],"floor_reached":31,"playtime":2469,"items_purged":["Strike_Lin:ReiMu"],"score":387,"play_id":"6ecb3704-444e-4007-b144-dbb9c73b98a1","local_time":"20210109164114","is_ascension_mode":true,"campfire_choices":[{"data":"KyokaiOfKami:ReiMu","floor":6.0,"key":"SMITH"},{"floor":15.0,"key":"REST"},{"floor":23.0,"key":"REST"},{"data":"Revelation:ReiMu","floor":25,"key":"SMITH"}],"circlet_count":0,"master_deck":["AscendersBane","Defend_Lin:ReiMu","Defend_Lin:ReiMu","Defend_Lin:ReiMu","NB:ReiMu","Stagnation:ReiMu","KyokaiOfKami:ReiMu+1","SubAcupoint:ReiMu","LovePray:ReiMu+1","LearningPray:ReiMu","Revelation:ReiMu+1","AirManeuver:ReiMu+1","WonderfulDomain:ReiMu","SpreadBorder2:ReiMu","Conquer:ReiMu","DependentForm:ReiMu","BlastKick2:ReiMu+1","AirStrike:ReiMu+1","UpKicking:ReiMu+1","AirManeuver:ReiMu","YinYang:ReiMu","SafetyPray:ReiMu","MountainWay:ReiMu","PrepareRite:ReiMu","Meditation:ReiMu","LovePray:ReiMu"],"relics":["FlyPower:ReiMu","StoneCalendar","Bottled Tornado","StrikeDummy","OrangePellets","Astrolabe","Gremlin Horn","Bag of Marbles"],"acts_visited":["Gensokyo:Gensokyo","Gensokyo:Gensokyoer"],"potions_floor_usage":[27],"damage_taken":[{"damage":25.0,"enemies":"Gensokyo:3_Fairies","floor":1.0,"turns":5.0},{"damage":0.0,"enemies":"Gensokyo:Python","floor":3.0,"turns":5.0},{"damage":22.0,"enemies":"Gensokyo:Mamizou","floor":8.0,"turns":14.0},{"damage":4.0,"enemies":"Gensokyo:Gryphon","floor":10.0,"turns":7.0},{"damage":8.0,"enemies":"Gensokyo:Kokoro","floor":16.0,"turns":16.0},{"damage":0.0,"enemies":"Gensokyo:Chomper","floor":18.0,"turns":6.0},{"damage":28.0,"enemies":"Gensokyo:3_Dogs","floor":19.0,"turns":7.0},{"damage":4.0,"enemies":"Gensokyo:Wraith","floor":21.0,"turns":6.0},{"damage":18,"enemies":"Gensokyo:Reisen","floor":24,"turns":11},{"damage":0,"enemies":"Gensokyo:Mirror_and_Dog","floor":27,"turns":7},{"damage":9,"enemies":"Gensokyo:Slime_Group","floor":28,"turns":7},{"damage":0,"enemies":"Gensokyo:Wraith","floor":29,"turns":5},{"damage":11,"enemies":"Gensokyo:Monolith_and_Dog","floor":31,"turns":4}],"seed_played":"747752011365529165","potions_obtained":[{"floor":3.0,"key":"EssenceOfSteel"},{"floor":10.0,"key":"EssenceOfSteel"},{"floor":18.0,"key":"PinkPotion:ReiMu"},{"floor":24,"key":"AttackPotion"}],"is_trial":false,"path_per_floor":["M","?","M","?","$","R","COS","E","T","M","?","?","$","?","R","B",null,"M","M","$","M","$","R","E","R","T","M","M","M","COS","M"],"character_chosen":"REIMU","items_purchased":["Revelation:ReiMu","OrangePellets","SpreadBorder2:ReiMu","Conquer:ReiMu","YinYang:ReiMu","SafetyPray:ReiMu"],"campfire_rested":2,"item_purchase_floors":[5,13,13,13,20,20],"current_hp_per_floor":[34,34,34,34,34,34,34,12,12,8,8,8,8,8,25,17,49,49,21,21,17,17,34,16,16,16,16,7,7,7,0,0],"gold":110,"neow_bonus":"THREE_RARE_CARDS","is_daily":false,"chose_seed":false,"campfire_upgraded":2,"win_rate":0.0,"timestamp":1610228474,"path_taken":["M","?","?","?","$","R","COS","E","T","M","?","?","$","?","R","BOSS","M","M","$","M","?","R","E","R","T","?","?","M","COS","M"],"items_purchased_type":["Card","Relic","Card","Card","Card","Card"],"build_version":"2020-12-22","purchased_purges":1,"victory":false,"max_hp_per_floor":[59,59,59,59,59,59,59,59,59,59,59,59,59,59,59,59,59,59,59,59,59,59,59,59,59,59,59,59,59,59,59,59],"card_choices":[{"not_picked":["Determination:ReiMu","YinYang:ReiMu"],"picked":"KyokaiOfKami:ReiMu","floor":0.0},{"not_picked":["EmergencyTakeOff:ReiMu","FoulBorder2:ReiMu"],"picked":"SubAcupoint:ReiMu","floor":1.0},{"not_picked":["Enchanting:ReiMu","RainPray2:ReiMu"],"picked":"LearningPray:ReiMu","floor":3.0},{"not_picked":["SealNeedle:ReiMu+1","EmergencyTakeOff:ReiMu+1"],"picked":"AirManeuver:ReiMu+1","floor":8.0},{"not_picked":["SpiritualOutbreak2:ReiMu","TightArray:ReiMu"],"picked":"WonderfulDomain:ReiMu","floor":8.0},{"not_picked":["RainPray2:ReiMu","Enchanting:ReiMu","Amulet:ReiMu"],"picked":"SKIP","floor":10.0},{"not_picked":["HakureiPhantom:ReiMu","PrayRite:ReiMu"],"picked":"DependentForm:ReiMu","floor":16.0},{"not_picked":["SealNeedle:ReiMu","MountainWay:ReiMu+1","OrbThrow:ReiMu"],"picked":"SKIP","floor":18.0},{"not_picked":["FantasyMoon:ReiMu+1","TightArray:ReiMu+1"],"picked":"AirManeuver:ReiMu","floor":19.0},{"not_picked":["TightArray:ReiMu","AlertArray:ReiMu"],"picked":"MountainWay:ReiMu","floor":21.0},{"not_picked":["CollectionFlower2:ReiMu","SubcavityInstant:ReiMu"],"picked":"PrepareRite:ReiMu","floor":24},{"not_picked":["SubAcupoint:ReiMu","Amulet:ReiMu"],"picked":"Meditation:ReiMu","floor":27},{"not_picked":["SubcavityInstant:ReiMu","SafetyPray:ReiMu"],"picked":"LovePray:ReiMu","floor":28},{"not_picked":["KyokaiOfKami:ReiMu","SpringWay:ReiMu","PayForSelf:ReiMu"],"picked":"SKIP","floor":29}],"player_experience":89865,"relics_obtained":[{"floor":8.0,"key":"StoneCalendar"},{"floor":9.0,"key":"Bottled Tornado"},{"floor":24,"key":"Gremlin Horn"},{"floor":26,"key":"Bag of Marbles"}],"event_choices":[],"is_beta":false,"boss_relics":[{"not_picked":["Coffee Dripper","SacredBark"],"picked":"Astrolabe"}],"items_purged_floors":[13],"is_endless":false,"potions_floor_spawned":[3,10,18,24],"killed_by":"Gensokyo:Monolith_and_Dog","ascension_level":12}}