{"host":"dowi7cgbhepuzvpj","time":1610218347,"event":{"mods":["AchievementEnabler","BaseMod","Colored Map","Highlight Path","Keyboard Shortcuts","Minty Spire (QoL Compilation)","Permanent Neow","Quick Restart","StSLib","SuperFastMode"],"gold_per_floor":[410,421,435,27,38,38,53,18,18,30,30,47,58,81,81,156,156,167,167,179,196,15,15,15],"floor_reached":23,"playtime":735,"items_purged":["Strike_B","Strike_B"],"score":365,"play_id":"29984a99-ecbd-45fb-904a-d2d79b9345f8","local_time":"20210110035227","is_ascension_mode":true,"campfire_choices":[{"data":"Apotheosis","floor":6.0,"key":"SMITH"},{"data":"BootSequence","floor":15.0,"key":"SMITH"}],"circlet_count":0,"master_deck":["AscendersBane","Strike_B","Strike_B","Defend_B","Defend_B","Defend_B","Defend_B","Zap","Dualcast","Streamline","Conserve Battery","Genetic Algorithm","Apotheosis+1","Core Surge","Hologram","BootSequence+1","Undo","Self Repair","Creative AI","Cold Snap","Melter","Capacitor"],"relics":["Cracked Core","Old Coin","CaptainsWheel","MealTicket","Sozu"],"acts_visited":["Exordium","TheCity"],"potions_floor_usage":[18,23],"damage_taken":[{"damage":1.0,"enemies":"Cultist","floor":1.0,"turns":3.0},{"damage":9.0,"enemies":"Jaw Worm","floor":2.0,"turns":4.0},{"damage":0.0,"enemies":"2 Louse","floor":3.0,"turns":1.0},{"damage":21.0,"enemies":"Exordium Thugs","floor":5.0,"turns":4.0},{"damage":10.0,"enemies":"Exordium Wildlife","floor":7.0,"turns":4.0},{"damage":0.0,"enemies":"Looter","floor":10.0,"turns":3.0},{"damage":0.0,"enemies":"Lots of Slimes","floor":12.0,"turns":5.0},{"damage":8.0,"enemies":"Blue Slaver","floor":13.0,"turns":4.0},{"damage":18.0,"enemies":"The Guardian","floor":16.0,"turns":11.0},{"damage":2,"enemies":"3 Byrds","floor":18,"turns":3},{"damage":10,"enemies":"Shell Parasite","floor":20,"turns":5},{"damage":5,"enemies":"Snake Plant","floor":21,"turns":5},{"damage":71,"enemies":"Book of Stabbing","floor":23,"turns":7}],"seed_played":"-5422323346438328396","potions_obtained":[{"floor":1.0,"key":"SteroidPotion"},{"floor":5.0,"key":"LiquidBronze"}],"is_trial":false,"path_per_floor":["M","M","M","$","M","R","M","?","T","M","?","M","M","T","R","B",null,"M","?","M","M","$","E"],"character_chosen":"DEFECT","items_purchased":["Apotheosis","Core Surge","Capacitor"],"campfire_rested":0,"item_purchase_floors":[4,4,22],"current_hp_per_floor":[45,36,36,36,15,15,5,22,22,22,45,45,44,44,44,36,62,67,63,63,71,71,0,0],"gold":15,"neow_bonus":"ONE_RARE_RELIC","is_daily":false,"chose_seed":false,"campfire_upgraded":2,"win_rate":0.0,"timestamp":1610218347,"path_taken":["M","?","M","$","M","R","M","?","T","M","?","?","M","?","R","BOSS","M","?","M","M","$","E"],"items_purchased_type":["Card","Card","Card"],"build_version":"2020-12-22","purchased_purges":2,"victory":false,"max_hp_per_floor":[71,71,71,71,71,71,71,71,71,71,71,71,71,71,71,71,71,71,71,71,71,71,71,71],"card_choices":[{"not_picked":["Steam Power","Rebound"],"picked":"Streamline","floor":1.0},{"not_picked":["Recycle","Double Energy"],"picked":"Conserve Battery","floor":2.0},{"not_picked":["Gash","Reprogram"],"picked":"Genetic Algorithm","floor":3.0},{"not_picked":["Streamline","Redo"],"picked":"Hologram","floor":5.0},{"not_picked":["Steam","Rip and Tear"],"picked":"BootSequence","floor":7.0},{"not_picked":["Rebound","Gash"],"picked":"Undo","floor":10.0},{"not_picked":["Ball Lightning","Hologram"],"picked":"Self Repair","floor":12.0},{"not_picked":["Hello World","Creative AI","Undo"],"picked":"SKIP","floor":13.0},{"not_picked":["Amplify","Hyperbeam"],"picked":"Creative AI","floor":16.0},{"not_picked":["Steam","Turbo","Sweeping Beam"],"picked":"SKIP","floor":18},{"not_picked":["Gash","Cold Snap","Barrage"],"picked":"SKIP","floor":20},{"not_picked":["Gash","Barrage"],"picked":"Cold Snap","floor":20},{"not_picked":["Rip and Tear","Stack"],"picked":"Melter","floor":21}],"player_experience":788096,"relics_obtained":[{"floor":9.0,"key":"CaptainsWheel"},{"floor":14.0,"key":"MealTicket"}],"event_choices":[{"damage_healed":17.0,"max_hp_gain":0.0,"max_hp_loss":0.0,"gold_gain":0.0,"event_name":"The Cleric","player_choice":"Healed","floor":8.0,"gold_loss":35.0,"damage_taken":0.0},{"damage_healed":23.0,"max_hp_gain":0.0,"max_hp_loss":0.0,"gold_gain":0.0,"event_name":"Big Fish","player_choice":"Banana","floor":11.0,"gold_loss":0.0,"damage_taken":0.0},{"damage_healed":0,"gold_gain":0,"player_choice":"Bought 0 Potions","damage_taken":0,"max_hp_gain":0,"max_hp_loss":0,"event_name":"The Woman in Blue","floor":19,"gold_loss":0}],"is_beta":false,"boss_relics":[{"not_picked":["Pandora\u0027s Box","Calling Bell"],"picked":"Sozu"}],"items_purged_floors":[4,22],"is_endless":false,"potions_floor_spawned":[1,5,12,20],"killed_by":"Book of Stabbing","ascension_level":19}}