{"host":"z9811rt50ti81n54","time":1610167640,"event":{"mods":["BaseMod","Better Altar","Better Match","Better Note","Better Sensory Stone","Better Skull","Better Third Choice","Minty Spire (QoL Compilation)","Random Character Button","StSLib","SuperFastMode"],"gold_per_floor":[218,270,287,301,272,272,287,287,287,297,316,346,346,13,13,113,113,132,143,14,32,6,19,19,30,30,30,30,40,67,83,83,183,183,199,99,1098,1098,361,361,377,391,441,453,468,24,24,39,39,39],"floor_reached":51,"playtime":2442,"items_purged":["Strike_P","Strike_P","Strike_P","Strike_P"],"score":678,"play_id":"70eb331e-4417-4538-882d-6809d7ab4a7f","local_time":"20210109134720","is_ascension_mode":false,"campfire_choices":[{"data":"Eruption","floor":6.0,"key":"SMITH"},{"data":"Judgement","floor":13.0,"key":"SMITH"},{"data":"Apotheosis","floor":15.0,"key":"SMITH"},{"data":"DeusExMachina","floor":28,"key":"SMITH"},{"data":"Wireheading","floor":32,"key":"SMITH"},{"data":"Adaptation","floor":40,"key":"SMITH"},{"data":"Nirvana","floor":47,"key":"SMITH"},{"data":"Study","floor":49,"key":"SMITH"}],"circlet_count":0,"master_deck":["Defend_P","Defend_P","Defend_P","Defend_P","Eruption+1","Vigilance","ReachHeaven","Halt","Study+1","CutThroughFate","Judgement+1","EmptyBody","Apotheosis+1","DeusExMachina+1","Sanctity","BowlingBash","Protect+1","CrushJoints","Meditate+1","Wireheading+1","MasterReality+1","ThirdEye","WheelKick","SpiritShield","Protect+1","Adaptation+1","Protect+1","WheelKick","Nirvana+1","ClearTheMind+1","ClearTheMind+1","Vault+1","ConjureBlade+1","Tantrum"],"relics":["HolyWater","Pen Nib","betterThird:SlimedRelic","Question Card","Omamori","OrangePellets","Gremlin Horn","Strawberry","VioletLotus","Toxic Egg 2","Vajra","Lantern"],"acts_visited":["Exordium","TheCity","TheBeyond"],"potions_floor_usage":[33,50,50],"damage_taken":[{"damage":0.0,"enemies":"Cultist","floor":1.0,"turns":2.0},{"damage":0.0,"enemies":"Small Slimes","floor":3.0,"turns":3.0},{"damage":2.0,"enemies":"2 Louse","floor":4.0,"turns":3.0},{"damage":3.0,"enemies":"Lots of Slimes","floor":7.0,"turns":6.0},{"damage":5.0,"enemies":"Red Slaver","floor":10.0,"turns":5.0},{"damage":0.0,"enemies":"3 Louse","floor":11.0,"turns":2.0},{"damage":20.0,"enemies":"Gremlin Nob","floor":12.0,"turns":3.0},{"damage":28.0,"enemies":"The Guardian","floor":16.0,"turns":5.0},{"damage":5.0,"enemies":"Chosen","floor":18.0,"turns":5.0},{"damage":0.0,"enemies":"Shell Parasite","floor":19.0,"turns":4.0},{"damage":0,"enemies":"Cultist and Chosen","floor":21,"turns":4},{"damage":0,"enemies":"Shelled Parasite and Fungi","floor":23,"turns":4},{"damage":0,"enemies":"3 Cultists","floor":25,"turns":3},{"damage":0,"enemies":"Chosen and Byrds","floor":29,"turns":4},{"damage":0,"enemies":"Cultist and Chosen","floor":31,"turns":4},{"damage":4,"enemies":"Automaton","floor":33,"turns":5},{"damage":2,"enemies":"3 Shapes","floor":35,"turns":4},{"damage":0,"enemies":"Orb Walker","floor":41,"turns":3},{"damage":0,"enemies":"Maw","floor":42,"turns":8},{"damage":0,"enemies":"Sphere and 2 Shapes","floor":44,"turns":3},{"damage":2,"enemies":"Transient","floor":45,"turns":5},{"damage":0,"enemies":"Maw","floor":48,"turns":5},{"damage":50,"enemies":"Time Eater","floor":50,"turns":8}],"seed_played":"4787488377614723473","potions_obtained":[{"floor":1.0,"key":"Block Potion"},{"floor":4.0,"key":"Strength Potion"},{"floor":16.0,"key":"Strength Potion"},{"floor":23,"key":"AttackPotion"},{"floor":29,"key":"FairyPotion"},{"floor":33,"key":"Dexterity Potion"}],"is_trial":false,"path_per_floor":["M","T","M","M","?","R","M","?","T","M","M","E","R","$","R","B",null,"M","M","$","M","$","M","$","M","T","?","R","M","T","M","R","B",null,"M","$","?","?","$","R","M","M","T","M","M","$","R","M","R","B",null],"character_chosen":"WATCHER","items_purchased":["Apotheosis","OrangePellets","BowlingBash","CrushJoints","Toxic Egg 2","Adaptation","Strength Potion","Vajra","Protect+1","WheelKick","Vault+1","ConjureBlade+1"],"campfire_rested":0,"item_purchase_floors":[14,14,20,22,39,39,39,39,39,39,46,46],"current_hp_per_floor":[72,72,72,70,59,59,56,72,72,67,67,47,47,47,47,19,72,67,67,67,67,67,67,67,67,67,67,67,67,74,74,74,70,79,77,77,77,79,79,79,79,79,79,79,77,77,77,77,77,27],"gold":39,"neow_bonus":"HUNDRED_GOLD","is_daily":false,"chose_seed":false,"campfire_upgraded":8,"win_rate":0.0,"timestamp":1610167640,"path_taken":["M","?","?","M","?","R","M","?","T","M","M","E","R","$","R","BOSS","M","M","$","?","$","M","?","M","T","?","R","M","?","M","R","BOSS","M","$","?","?","$","R","M","M","T","M","?","$","R","M","R","BOSS"],"items_purchased_type":["Card","Relic","Card","Card","Relic","Card","Potion","Relic","Card","Card","Card","Card"],"build_version":"2020-12-22","purchased_purges":4,"victory":true,"max_hp_per_floor":[72,72,72,72,72,72,72,72,72,72,72,72,72,72,72,72,72,72,72,72,72,72,72,72,72,72,72,72,72,79,79,79,79,79,79,79,79,79,79,79,79,79,79,79,79,79,79,79,79,79],"card_choices":[{"not_picked":["Collect","Tantrum"],"picked":"ReachHeaven","floor":1.0},{"not_picked":["CrushJoints","SignatureMove"],"picked":"SandsOfTime","floor":3.0},{"not_picked":["WreathOfFlame","SashWhip"],"picked":"Halt","floor":4.0},{"not_picked":["ClearTheMind","ThirdEye"],"picked":"Study","floor":7.0},{"not_picked":["Prostrate","Worship","Evaluate"],"picked":"CutThroughFate","floor":10.0},{"not_picked":["Prostrate","WheelKick","FollowUp"],"picked":"Judgement","floor":11.0},{"not_picked":["Halt","JustLucky","Sanctity"],"picked":"EmptyBody","floor":12.0},{"not_picked":["Judgement","Omniscience","Establishment"],"picked":"DeusExMachina","floor":16.0},{"not_picked":["Study","Halt","SashWhip","DeceiveReality"],"picked":"SKIP","floor":18.0},{"not_picked":["ThirdEye","Prostrate","FlurryOfBlows"],"picked":"Sanctity","floor":19.0},{"not_picked":["Prostrate","EmptyBody","CutThroughFate"],"picked":"Protect+1","floor":21},{"not_picked":["ClearTheMind+1","FearNoEvil","WaveOfTheHand"],"picked":"Meditate+1","floor":23},{"not_picked":["WindmillStrike","Nirvana","ClearTheMind"],"picked":"Wireheading","floor":25},{"not_picked":["EmptyBody","CutThroughFate+1","Swivel"],"picked":"ThirdEye","floor":29},{"not_picked":["FollowUp","CarveReality","ClearTheMind+1"],"picked":"WheelKick","floor":31},{"not_picked":["DeusExMachina","Wish","Brilliance"],"picked":"SpiritShield","floor":33},{"not_picked":["Halt+1","Swivel","Sanctity+1"],"picked":"Protect+1","floor":35},{"not_picked":["Crescendo+1","SignatureMove","Worship+1","Nirvana"],"picked":"SKIP","floor":41},{"not_picked":["Crescendo+1","SignatureMove","Worship+1"],"picked":"Nirvana","floor":41},{"not_picked":["BowlingBash+1","Prostrate+1","Protect+1"],"picked":"ClearTheMind+1","floor":42},{"not_picked":["Swivel+1","BowlingBash+1","FollowUp+1","Evaluate+1"],"picked":"SKIP","floor":44},{"not_picked":["WreathOfFlame+1","PathToVictory+1","BowlingBash+1"],"picked":"ClearTheMind+1","floor":45},{"not_picked":["Consecrate+1","FlyingSleeves","CarveReality+1"],"picked":"Tantrum","floor":48}],"player_experience":333268,"relics_obtained":[{"floor":2.0,"key":"Pen Nib"},{"floor":9.0,"key":"Question Card"},{"floor":12.0,"key":"Omamori"},{"floor":26,"key":"Gremlin Horn"},{"floor":30,"key":"Strawberry"},{"floor":43,"key":"Lantern"}],"event_choices":[{"damage_healed":0.0,"max_hp_gain":0.0,"max_hp_loss":0.0,"gold_gain":0.0,"event_name":"betterThird:BetterGoop","player_choice":"Slimed","floor":5.0,"gold_loss":29.0,"damage_taken":11.0},{"cards_removed":["SandsOfTime"],"damage_healed":16.0,"max_hp_gain":0.0,"max_hp_loss":0.0,"gold_gain":0.0,"event_name":"Bonfire Elementals","player_choice":"Offered Uncommon","floor":8.0,"gold_loss":0.0,"damage_taken":0.0},{"cards_removed":["Meditate"],"damage_healed":0,"gold_gain":0,"player_choice":"Take \u0026 Give","damage_taken":0,"max_hp_gain":0,"max_hp_loss":0,"event_name":"betterNote:BetterNote","floor":27,"gold_loss":0,"cards_obtained":["MasterReality"]},{"damage_healed":0,"gold_gain":999,"player_choice":"Gold","damage_taken":0,"max_hp_gain":0,"max_hp_loss":0,"event_name":"MindBloom","floor":37,"gold_loss":0,"cards_obtained":["Normality","Normality"]},{"damage_healed":2,"gold_gain":0,"player_choice":"Full Heal","damage_taken":0,"max_hp_gain":0,"max_hp_loss":0,"event_name":"Wheel of Change","floor":38,"gold_loss":0}],"is_beta":false,"boss_relics":[{"not_picked":["Astrolabe","Tiny House"],"picked":"HolyWater"},{"not_picked":["SlaversCollar","SacredBark"],"picked":"VioletLotus"}],"items_purged_floors":[20,36,39,46],"is_endless":false,"potions_floor_spawned":[1,4,16,23,29,33,42,45],"ascension_level":0}}