{"host":"2e3z4r48quhw80cc","time":1610152610,"event":{"mods":["BaseMod","Minty Spire (QoL Compilation)","Quick Restart","StSLib","SuperFastMode"],"gold_per_floor":[364,52,106,32,50,85,85,116,116,41,68,68,97,272,272,373,373,392,405,438,451,451,479,494,507,530,82,82,109,121,154,154,259,259,274,214,227,241,65,96,108,143,224,224,28,28,82,101,101,101],"floor_reached":51,"playtime":1390,"items_purged":["Strike_B","Doubt","Strike_B"],"score":1265,"play_id":"a16f15ab-8088-449b-8f31-41e9f0987563","local_time":"20210109093650","is_ascension_mode":true,"campfire_choices":[{"data":"Storm","floor":7.0,"key":"SMITH"},{"data":"Storm","floor":15.0,"key":"SMITH"},{"data":"Apotheosis","floor":28,"key":"SMITH"},{"floor":32,"key":"DIG"},{"floor":44,"key":"DIG"},{"floor":49,"key":"DIG"}],"circlet_count":0,"master_deck":["Strike_B","Defend_B","Defend_B","Defend_B","Zap","Dualcast","Chaos","Echo Form+1","Force Field","Conserve Battery","Consume","Thunder Strike+1","Storm+1","Storm+1","Amplify","Fission","White Noise","Capacitor+1","Creative AI+1","Reinforced Body+1","Capacitor+1","Heatsinks+1","Self Repair+1","BootSequence+1","Apotheosis+1","Storm+1","Rainbow","Coolheaded+1","Storm+1","Compile Driver","Defragment+1","Recycle+1","Undo+1","White Noise+1","Double Energy+1","Buffer+1","Defragment+1"],"relics":["Cracked Core","Orrery","Bag of Preparation","Question Card","Mercury Hourglass","Mummified Hand","Pantograph","Frozen Egg 2","Sozu","Red Mask","Shovel","Orichalcum","Bottled Tornado","Boot","PreservedInsect","Centennial Puzzle","Coffee Dripper","Toxic Egg 2","Regal Pillow","Gremlin Horn","Juzu Bracelet","Peace Pipe","Bottled Lightning"],"acts_visited":["Exordium","TheCity","TheBeyond"],"potions_floor_usage":[40],"damage_taken":[{"damage":1.0,"enemies":"Cultist","floor":1.0,"turns":3.0},{"damage":4.0,"enemies":"Jaw Worm","floor":5.0,"turns":5.0},{"damage":0.0,"enemies":"Lagavulin","floor":6.0,"turns":5.0},{"damage":23.0,"enemies":"3 Sentries","floor":8.0,"turns":8.0},{"damage":0.0,"enemies":"Gremlin Nob","floor":11.0,"turns":3.0},{"damage":5.0,"enemies":"3 Sentries","floor":13.0,"turns":4.0},{"damage":0.0,"enemies":"Slime Boss","floor":16.0,"turns":2.0},{"damage":0.0,"enemies":"Chosen","floor":18.0,"turns":2.0},{"damage":0.0,"enemies":"3 Byrds","floor":19.0,"turns":3.0},{"damage":12.0,"enemies":"Masked Bandits","floor":20.0,"turns":2.0},{"damage":7.0,"enemies":"3 Cultists","floor":21.0,"turns":3.0},{"damage":7.0,"enemies":"Slavers","floor":23.0,"turns":3.0},{"damage":0.0,"enemies":"Centurion and Healer","floor":24.0,"turns":2.0},{"damage":6.0,"enemies":"Snake Plant","floor":25.0,"turns":3.0},{"damage":0,"enemies":"Book of Stabbing","floor":29,"turns":2},{"damage":0,"enemies":"Cultist and Chosen","floor":30,"turns":3},{"damage":0,"enemies":"Gremlin Leader","floor":31,"turns":3},{"damage":16,"enemies":"Collector","floor":33,"turns":4},{"damage":0,"enemies":"3 Shapes","floor":35,"turns":2},{"damage":0,"enemies":"3 Darklings","floor":37,"turns":2},{"damage":0,"enemies":"Spire Growth","floor":38,"turns":2},{"damage":13,"enemies":"Nemesis","floor":40,"turns":3},{"damage":7,"enemies":"4 Shapes","floor":41,"turns":1},{"damage":0,"enemies":"Reptomancer","floor":42,"turns":2},{"damage":7,"enemies":"2 Orb Walkers","floor":47,"turns":2},{"damage":0,"enemies":"Sphere and 2 Shapes","floor":48,"turns":1},{"damage":0,"enemies":"Donu and Deca","floor":50,"turns":2}],"seed_played":"1670601392600110014","potions_obtained":[{"floor":5.0,"key":"LiquidMemories"},{"floor":6.0,"key":"Swift Potion"},{"floor":13.0,"key":"Block Potion"}],"is_trial":false,"path_per_floor":["M","$","T","$","M","E","R","E","T","$","E","?","E","?","R","B",null,"M","M","?","M","?","E","M","M","T","$","R","E","M","E","R","B",null,"M","?","M","M","$","E","M","E","T","R","$","?","?","M","R","B",null],"character_chosen":"DEFECT","items_purchased":["Echo Form","Orrery","Storm","Apotheosis","Bottled Tornado","Defragment+1","White Noise+1"],"campfire_rested":0,"item_purchase_floors":[2,2,4,27,27,39,45],"current_hp_per_floor":[67,67,67,67,63,63,63,40,40,40,40,26,21,21,21,46,68,68,68,56,49,49,52,62,66,66,66,66,68,68,68,68,68,68,68,68,68,68,68,55,48,68,68,68,68,68,68,68,68,68],"gold":101,"neow_bonus":"TWO_FIFTY_GOLD","is_daily":false,"chose_seed":false,"campfire_upgraded":3,"win_rate":0.0,"timestamp":1610152610,"path_taken":["M","$","?","?","M","E","R","E","T","?","E","?","E","?","R","BOSS","M","M","?","M","?","E","M","M","T","$","R","E","M","E","R","BOSS","M","?","?","M","$","E","M","E","T","R","$","?","?","M","R","BOSS"],"items_purchased_type":["Card","Relic","Card","Card","Relic","Card","Card"],"build_version":"2020-12-22","purchased_purges":3,"victory":true,"max_hp_per_floor":[68,68,68,68,68,68,68,68,68,68,68,68,68,68,68,68,68,68,68,68,68,68,68,68,68,68,68,68,68,68,68,68,68,68,68,68,68,68,68,68,68,68,68,68,68,68,68,68,68,68],"card_choices":[{"not_picked":["Streamline","Go for the Eyes"],"picked":"Chaos","floor":1.0},{"not_picked":["Turbo","Consume"],"picked":"Force Field","floor":2.0},{"not_picked":["Streamline","Tempest"],"picked":"Conserve Battery","floor":2.0},{"not_picked":["Conserve Battery","Rebound"],"picked":"Consume","floor":2.0},{"not_picked":["Hello World","Turbo"],"picked":"Thunder Strike","floor":2.0},{"not_picked":["Barrage","Scrape"],"picked":"Storm","floor":5.0},{"not_picked":["Stack","Steam"],"picked":"Amplify","floor":6.0},{"not_picked":["Heatsinks","Hologram","Gash"],"picked":"Fission","floor":8.0},{"not_picked":["Reinforced Body","Darkness","Force Field"],"picked":"White Noise","floor":11.0},{"not_picked":["Scrape","Aggregate","Turbo"],"picked":"Capacitor+1","floor":13.0},{"not_picked":["Core Surge","Biased Cognition+1","Electrodynamics+1"],"picked":"Creative AI+1","floor":16.0},{"not_picked":["Conserve Battery","Compile Driver+1","Steam","Leap"],"picked":"SKIP","floor":18.0},{"not_picked":["Leap","Streamline","Sweeping Beam+1"],"picked":"Reinforced Body+1","floor":19.0},{"not_picked":["Multi-Cast","Streamline+1","Go for the Eyes"],"picked":"Capacitor+1","floor":20.0},{"not_picked":["Aggregate+1","Coolheaded","Static Discharge+1"],"picked":"Heatsinks+1","floor":21.0},{"not_picked":["Rip and Tear","Aggregate","Rebound+1"],"picked":"BootSequence+1","floor":23.0},{"not_picked":["Ball Lightning","Scrape+1","Hello World+1","Reprogram+1"],"picked":"SKIP","floor":24.0},{"not_picked":["Steam+1","BootSequence+1","Rebound","Compile Driver"],"picked":"SKIP","floor":25.0},{"not_picked":["Auto Shields","Melter+1","Multi-Cast"],"picked":"Storm+1","floor":29},{"not_picked":["Force Field","Barrage+1","Redo","Undo"],"picked":"SKIP","floor":30},{"not_picked":["Rebound+1","All For One","Leap","Steam"],"picked":"SKIP","floor":31},{"not_picked":["Machine Learning+1","Echo Form+1","Thunder Strike"],"picked":"Rainbow","floor":33},{"not_picked":["Undo","Rebound+1","Capacitor+1"],"picked":"Coolheaded+1","floor":35},{"not_picked":["Coolheaded","Amplify","Turbo","Undo"],"picked":"SKIP","floor":37},{"not_picked":["Redo+1","Tempest+1","Coolheaded+1","Force Field"],"picked":"SKIP","floor":38},{"not_picked":["Sweeping Beam+1","Rebound","Meteor Strike","BootSequence+1"],"picked":"SKIP","floor":40},{"not_picked":["Leap+1","Streamline","Undo+1"],"picked":"Recycle+1","floor":41},{"not_picked":["Turbo+1","Auto Shields+1","Ball Lightning+1"],"picked":"Undo+1","floor":42},{"not_picked":["Beam Cell+1","Compile Driver","Doom and Gloom+1"],"picked":"Defragment+1","floor":47},{"not_picked":["Hologram+1","Sunder","Gash+1","FTL"],"picked":"SKIP","floor":48}],"player_experience":60021,"relics_obtained":[{"floor":3.0,"key":"Bag of Preparation"},{"floor":6.0,"key":"Question Card"},{"floor":8.0,"key":"Mercury Hourglass"},{"floor":9.0,"key":"Mummified Hand"},{"floor":11.0,"key":"Pantograph"},{"floor":13.0,"key":"Frozen Egg 2"},{"floor":20.0,"key":"Red Mask"},{"floor":23.0,"key":"Shovel"},{"floor":26.0,"key":"Orichalcum"},{"floor":29,"key":"Boot"},{"floor":31,"key":"PreservedInsect"},{"floor":32,"key":"Centennial Puzzle"},{"floor":40,"key":"Toxic Egg 2"},{"floor":42,"key":"Regal Pillow"},{"floor":43,"key":"Gremlin Horn"},{"floor":44,"key":"Juzu Bracelet"},{"floor":47,"key":"Peace Pipe"},{"floor":49,"key":"Bottled Lightning"}],"event_choices":[{"damage_healed":0.0,"max_hp_gain":0.0,"max_hp_loss":0.0,"gold_gain":0.0,"event_name":"Shining Light","player_choice":"Entered Light","floor":12.0,"gold_loss":0.0,"damage_taken":14.0,"cards_upgraded":["Echo Form","Thunder Strike"]},{"damage_healed":0.0,"max_hp_gain":0.0,"max_hp_loss":0.0,"gold_gain":175.0,"event_name":"Liars Game","player_choice":"AGREE","floor":14.0,"gold_loss":0.0,"damage_taken":0.0,"cards_obtained":["Doubt"]},{"damage_healed":0.0,"max_hp_gain":0.0,"max_hp_loss":0.0,"gold_gain":0.0,"event_name":"Masked Bandits","player_choice":"Fought Bandits","floor":20.0,"gold_loss":0.0,"damage_taken":0.0},{"damage_healed":0.0,"max_hp_gain":0.0,"max_hp_loss":0.0,"gold_gain":0.0,"event_name":"The Library","player_choice":"Read","floor":22.0,"gold_loss":0.0,"damage_taken":0.0,"cards_obtained":["Self Repair"]},{"damage_healed":0,"gold_gain":0,"cards_transformed":["Strike_B","Defend_B"],"player_choice":"Transformed Cards","damage_taken":0,"max_hp_gain":0,"max_hp_loss":0,"event_name":"Designer","floor":36,"gold_loss":60,"cards_obtained":["Storm","Compile Driver"]},{"damage_healed":0,"gold_gain":0,"player_choice":"2 cards matched","damage_taken":0,"max_hp_gain":0,"max_hp_loss":0,"event_name":"Match and Keep!","floor":46,"gold_loss":0,"cards_obtained":["Double Energy","Buffer"]},{"damage_healed":0,"gold_gain":0,"player_choice":"Fight","damage_taken":0,"max_hp_gain":0,"max_hp_loss":0,"event_name":"Mysterious Sphere","floor":47,"gold_loss":0}],"is_beta":false,"boss_relics":[{"not_picked":["Runic Pyramid","Cursed Key"],"picked":"Sozu"},{"not_picked":["Velvet Choker","SacredBark"],"picked":"Coffee Dripper"}],"items_purged_floors":[10,39,45],"is_endless":false,"potions_floor_spawned":[5,6,13,18,21,29,30,33,35,37,47,48],"ascension_level":3}}