{"host":"cijhj3091wf4aho3","time":1610157300,"event":{"mods":["BaseMod","Colored Map","Colored Powertips","Downfall","Friendly Minions","GifTheSpireLib","Highlight Path","Minty Spire (QoL Compilation)","Permanent Neow","Random Character Button","Relic Sorter","Relic Stats","StSLib","everything is the same but u backflip on backflip","slay the spire mod where everything is the same but ironclad has a cowboy hat"],"gold_per_floor":[99,109,173,173,192,48,71,71,56,89,14,31,49,78,89,193,193,118,136,136,150,168,168,168,180,193,209,229,154,181,213,225,320,320,320,337,347,90,90,104,104,121,134,165,179,206,206,250,274,286,298,345,15,15,15],"floor_reached":56,"playtime":3790,"items_purged":["champ:Strike","Pain"],"score":1850,"play_id":"8cd4c23c-bd1a-4321-bfdb-8afaaa68e634","local_time":"20210108175500","is_ascension_mode":true,"campfire_choices":[{"floor":1,"key":"RECALL"},{"data":"champ:Control","floor":8,"key":"SMITH"},{"data":"champ:IronFortress","floor":11,"key":"SMITH"},{"data":"champ:Devastate","floor":18,"key":"SMITH"},{"data":"champ:VampiricStrike","floor":29,"key":"SMITH"},{"data":"champ:StrikeOfGenius","floor":35,"key":"SMITH"},{"floor":47,"key":"DIG"},{"floor":54,"key":"DIG"}],"circlet_count":0,"master_deck":["AscendersBane","champ:Defend","champ:Defend","champ:Defend","champ:Execute","champ:Taunt","champ:IronFortress+1","champ:FaceSlap+1","champ:Control+1","champ:FanOfKnives","champ:FlashCut","champ:VampiricStrike+1","champ:GutPunch","champ:GutPunch","champ:Devastate+1","champ:IgnorePain+1","champ:SwordThrow+1","champ:FocusedGladiator+1","champ:BringItOn+1","champ:LastStand","champ:Control","champ:IronFortress+1","champ:Backstep+1","champ:Aggression","champ:StrikeOfGenius+1","champ:FanOfKnives+1","champ:FanOfKnives+1","champ:AdrenalArmor+1","champ:Control+1","champ:Encircle+1"],"relics":["Runic Dome","Ornamental Fan","hexamod:BolsterEngine","champ:SpectersHand","downfall:HeartBlessingRed","MealTicket","Astrolabe","downfall:HeartBlessingGreen","WarpedTongs","downfall:HeartBlessingBlue","Akabeko","Guardian:GemstoneGun","SacredBark","OrangePellets","Shovel","Bag of Marbles","White Beast Statue","MawBank","Dead Branch","Lantern","Whetstone","Vajra","Letter Opener"],"acts_visited":["Exordium","TheCity","TheBeyond","TheEnding"],"potions_floor_usage":[3,16,16,19,25,55,55,55,55],"damage_taken":[{"damage":11,"enemies":"Jaw Worm","floor":2,"turns":4},{"damage":27,"enemies":"Gremlin Nob","floor":3,"turns":4},{"damage":7,"enemies":"2 Louse","floor":5,"turns":2},{"damage":10,"enemies":"downfall:FleeingMerchant","floor":6,"turns":4},{"damage":21,"enemies":"downfall:FleeingMerchant","floor":9,"turns":4},{"damage":25,"enemies":"Gremlin Nob","floor":10,"turns":4},{"damage":5,"enemies":"Cultist","floor":12,"turns":3},{"damage":5,"enemies":"Lots of Slimes","floor":13,"turns":2},{"damage":26,"enemies":"3 Sentries","floor":14,"turns":4},{"damage":19,"enemies":"Large Slime","floor":15,"turns":4},{"damage":26,"enemies":"downfall:Silent","floor":16,"turns":8},{"damage":17,"enemies":"Shell Parasite","floor":19,"turns":3},{"damage":38,"enemies":"Snake Plant","floor":21,"turns":4},{"damage":16,"enemies":"Centurion and Healer","floor":22,"turns":8},{"damage":2,"enemies":"3 Cultists","floor":25,"turns":3},{"damage":5,"enemies":"Snake Plant","floor":26,"turns":3},{"damage":30,"enemies":"Centurion and Healer","floor":27,"turns":6},{"damage":14,"enemies":"3 Cultists","floor":28,"turns":4},{"damage":19,"enemies":"Book of Stabbing","floor":30,"turns":5},{"damage":14,"enemies":"downfall:FleeingMerchant","floor":31,"turns":4},{"damage":2,"enemies":"Snake Plant","floor":32,"turns":1},{"damage":59,"enemies":"downfall:Watcher","floor":33,"turns":5},{"damage":22,"enemies":"3 Darklings","floor":36,"turns":6},{"damage":0,"enemies":"3 Shapes","floor":37,"turns":2},{"damage":12,"enemies":"Jaw Worm Horde","floor":40,"turns":4},{"damage":1,"enemies":"4 Shapes","floor":42,"turns":3},{"damage":36,"enemies":"3 Darklings","floor":43,"turns":5},{"damage":50,"enemies":"Giant Head","floor":44,"turns":7},{"damage":0,"enemies":"Writhing Mass","floor":45,"turns":3},{"damage":55,"enemies":"Reptomancer","floor":46,"turns":5},{"damage":45,"enemies":"Nemesis","floor":48,"turns":5},{"damage":62,"enemies":"Maw","floor":49,"turns":5},{"damage":47,"enemies":"downfall:Ironclad","floor":50,"turns":9},{"damage":47,"enemies":"downfall:CharBossMerchant","floor":52,"turns":7},{"damage":200,"enemies":"downfall:NeowBoss","floor":55,"turns":18}],"seed_played":"-5993436315960216573","potions_obtained":[{"floor":2,"key":"Strength Potion"},{"floor":10,"key":"sneckomod:MuddlingPotion"},{"floor":12,"key":"Dexterity Potion"},{"floor":16,"key":"hexamod:EctoCoolerPotion"},{"floor":21,"key":"Ancient Potion"},{"floor":22,"key":"champ:OpenerPotion"},{"floor":28,"key":"EssenceOfSteel"},{"floor":52,"key":"EntropicBrew"}],"is_trial":false,"path_per_floor":["R","M","?","?","M","$","T","R","$","E","R","M","M","E","M","B",null,"R","M","?","M","M","?","T","M","M","M","M","R","E","$","M","B",null,"R","M","M","$","$","M","T","M","M","E","M","E","R","E","M","B",null,"E","$","R","B",null],"character_chosen":"THE_CHAMP","items_purchased":["champ:FanOfKnives","Guardian:GemstoneGun","OrangePellets","champ:Encircle","Whetstone","Vajra"],"campfire_rested":0,"item_purchase_floors":[6,31,38,53,53,53],"current_hp_per_floor":[81,75,58,58,56,56,56,56,48,31,31,31,31,24,22,27,74,74,68,50,17,37,37,37,61,59,69,65,75,68,92,90,67,96,96,105,105,105,105,105,105,104,83,98,98,76,76,65,59,70,96,105,105,105,101],"gold":15,"neow_bonus":"BOSS_RELIC","is_daily":false,"chose_seed":false,"campfire_upgraded":5,"win_rate":0.0,"timestamp":1610157300,"path_taken":["R","M","?","?","?","$","T","R","?","E","R","M","?","E","M","BOSS","R","M","?","M","M","?","T","M","?","M","M","R","E","$","M","BOSS","R","M","M","?","$","M","T","M","M","E","M","E","R","E","M","BOSS","E","$","R","BOSS"],"items_purchased_type":["Card","Relic","Relic","Card","Relic","Relic"],"build_version":"2020-12-22","purchased_purges":2,"victory":true,"max_hp_per_floor":[90,90,90,90,90,90,90,90,90,90,90,90,90,90,90,90,90,90,90,95,95,95,95,95,95,95,95,95,105,105,105,105,105,105,105,105,105,105,105,105,105,105,105,105,105,105,105,105,105,105,105,105,105,105,105],"relic_stats":{"OrangePellets":[9],"Shovel":2,"counters":[35,168],"Ornamental Fan":[204],"Astrolabe":["champ:IgnorePain","champ:SwordThrow","champ:FocusedGladiator"],"Dead Branch":[80],"MealTicket":15,"Whetstone":["champ:Encircle","champ:FaceSlap"],"Letter Opener":[58],"MawBank":72,"obtain_stats":[{"Lantern":52,"downfall:HeartBlessingRed":11,"Astrolabe":17,"Guardian:GemstoneGun":31,"SacredBark":34,"Dead Branch":48,"Vajra":53,"champ:ChampionCrown":0,"downfall:HeartBlessingGreen":18,"Whetstone":53,"Letter Opener":54,"MawBank":47,"Akabeko":30,"White Beast Statue":46,"WarpedTongs":23,"Runic Dome":0,"OrangePellets":38,"Shovel":41,"Ornamental Fan":3,"downfall:HeartBlessingBlue":29,"MealTicket":14,"Bag of Marbles":44,"hexamod:BolsterEngine":7,"champ:SpectersHand":10},{"Lantern":34,"downfall:HeartBlessingRed":6,"Astrolabe":11,"Guardian:GemstoneGun":20,"SacredBark":22,"Dead Branch":31,"Vajra":34,"champ:ChampionCrown":0,"downfall:HeartBlessingGreen":11,"Whetstone":34,"Letter Opener":34,"MawBank":30,"Akabeko":19,"White Beast Statue":30,"WarpedTongs":14,"Runic Dome":0,"OrangePellets":24,"Shovel":25,"Ornamental Fan":2,"downfall:HeartBlessingBlue":18,"MealTicket":9,"Bag of Marbles":28,"hexamod:BolsterEngine":4,"champ:SpectersHand":6},{"Lantern":150,"downfall:HeartBlessingRed":22,"Astrolabe":43,"Guardian:GemstoneGun":83,"SacredBark":89,"Dead Branch":129,"Vajra":150,"champ:ChampionCrown":0,"downfall:HeartBlessingGreen":43,"Whetstone":150,"Letter Opener":150,"MawBank":124,"Akabeko":79,"White Beast Statue":124,"WarpedTongs":58,"Runic Dome":0,"OrangePellets":97,"Shovel":101,"Ornamental Fan":8,"downfall:HeartBlessingBlue":74,"MealTicket":31,"Bag of Marbles":116,"hexamod:BolsterEngine":14,"champ:SpectersHand":22}],"WarpedTongs":[109]},"card_choices":[{"not_picked":["champ:SwordSigil","champ:RapidStrikes"],"picked":"champ:IronFortress","floor":2},{"not_picked":["champ:StanceDance","champ:RisingSlash"],"picked":"champ:FaceSlap","floor":3},{"not_picked":["champ:RageSigil","champ:ShieldWall"],"picked":"champ:Control","floor":5},{"not_picked":["champ:StanceDance","champ:DefensiveShout","champ:Backstep"],"picked":"SKIP","floor":6},{"not_picked":["champ:SkillfulDodge","champ:Backstep"],"picked":"champ:FlashCut","floor":9},{"not_picked":["champ:FocusedBerserking","champ:GladiatorsShout","champ:PerfectedStrike"],"picked":"SKIP","floor":10},{"not_picked":["champ:FightOn","champ:CrookedStrike","champ:FocusedGladiator"],"picked":"SKIP","floor":12},{"not_picked":["champ:PreciseThrust","champ:AdrenalArmor"],"picked":"champ:VampiricStrike","floor":13},{"not_picked":["champ:CalledShot","champ:Circumvent"],"picked":"champ:GutPunch","floor":14},{"not_picked":["champ:TornadoPunch","champ:AdrenalArmor"],"picked":"champ:GutPunch","floor":15},{"not_picked":["champ:PerfectForm","champ:HeavySlash"],"picked":"champ:Devastate","floor":16},{"not_picked":["champ:FaceSlap","champ:BerserkersShout"],"picked":"champ:BringItOn+1","floor":19},{"not_picked":["champ:EnragedBash+1","champ:Backstep","champ:StanceDance"],"picked":"SKIP","floor":21},{"not_picked":["champ:FanOfKnives","champ:RecklessLeap"],"picked":"champ:LastStand","floor":22},{"not_picked":["champ:ViciousMockery","champ:Haymaker+1"],"picked":"champ:Control","floor":25},{"not_picked":["champ:RecklessLeap","champ:SwordSigil","champ:FlashCut"],"picked":"SKIP","floor":26},{"not_picked":["champ:FalseCounter","champ:PerfectedStrike+1"],"picked":"champ:IronFortress+1","floor":27},{"not_picked":["champ:FalseCounter","champ:Circumvent"],"picked":"champ:Backstep+1","floor":28},{"not_picked":["champ:GutPunch","champ:EndlessRage","champ:EnGarde"],"picked":"SKIP","floor":30},{"not_picked":["champ:RapidStrikes+1","champ:Backstep"],"picked":"champ:Aggression","floor":31},{"not_picked":["champ:GladiatorsShout","champ:EnGarde","champ:BerserkerStyle+1"],"picked":"SKIP","floor":32},{"not_picked":["champ:SwordThrow","champ:EnchantShield"],"picked":"champ:StrikeOfGenius","floor":33},{"not_picked":["champ:FlashCut","champ:StanceDance+1","champ:Circumvent"],"picked":"SKIP","floor":36},{"not_picked":["champ:FalseCounter","champ:StanceDance","champ:Duel+1"],"picked":"SKIP","floor":37},{"not_picked":["champ:DefensiveStyle","champ:EndlessRage+1","champ:DefensiveShout+1"],"picked":"SKIP","floor":40},{"not_picked":["champ:TornadoPunch","champ:Shatter"],"picked":"champ:FanOfKnives+1","floor":42},{"not_picked":["champ:RageSigil","champ:BladeFlurry+1"],"picked":"champ:FanOfKnives+1","floor":43},{"not_picked":["champ:BerserkersShout","champ:Circumvent+1","champ:ShieldSigil"],"picked":"SKIP","floor":44},{"not_picked":["champ:RapidStrikes","champ:GladiatorStyle","champ:Riposte"],"picked":"SKIP","floor":45},{"not_picked":["champ:Backstep+1","champ:VampiricStrike","champ:FanOfKnives"],"picked":"SKIP","floor":46},{"not_picked":["champ:FaceSlap","champ:Haymaker+1"],"picked":"champ:AdrenalArmor+1","floor":48},{"not_picked":["champ:EndlessRage","champ:BladeFlurry","champ:RecklessLeap+1"],"picked":"SKIP","floor":49},{"not_picked":["champ:RageSigil+1","champ:DefensiveStyle+1"],"picked":"champ:Control+1","floor":52}],"player_experience":483835,"relics_obtained":[{"floor":3,"key":"Ornamental Fan"},{"floor":7,"key":"hexamod:BolsterEngine"},{"floor":10,"key":"champ:SpectersHand"},{"floor":14,"key":"MealTicket"},{"floor":30,"key":"Akabeko"},{"floor":41,"key":"Shovel"},{"floor":44,"key":"Bag of Marbles"},{"floor":46,"key":"White Beast Statue"},{"floor":47,"key":"MawBank"},{"floor":48,"key":"Dead Branch"},{"floor":52,"key":"Lantern"},{"floor":54,"key":"Letter Opener"}],"event_choices":[{"cards_removed":["champ:Strike"],"damage_healed":0,"gold_gain":0,"player_choice":"Card Removal","damage_taken":0,"max_hp_gain":0,"max_hp_loss":0,"event_name":"The Cleric","floor":4,"gold_loss":0},{"damage_healed":0,"gold_gain":0,"player_choice":"Rummage","damage_taken":0,"relics_obtained":["WarpedTongs"],"max_hp_gain":0,"max_hp_loss":0,"event_name":"Accursed Blacksmith","floor":23,"gold_loss":0,"cards_obtained":["Pain"]}],"is_beta":false,"boss_relics":[{"not_picked":["Runic Pyramid","Calling Bell"],"picked":"Astrolabe"},{"not_picked":["Pandora\u0027s Box","Snecko Eye"],"picked":"SacredBark"}],"items_purged_floors":[6,38],"is_endless":false,"potions_floor_spawned":[2,10,12,16,21,22,28,40,43,46,48,49,52],"ascension_level":11}}