{"host":"mydft8i2zzydgggw","time":1610182255,"event":{"mods":["AchievementEnabler","BaseMod","BetterRewards","Colored Map","Colored Powertips","DeckTracker","Keyboard Shortcuts","Minty Spire (QoL Compilation)","Rare Cards Sparkle","StSLib","SuperFastMode","The Poker Player","everything is the same but u backflip on backflip"],"gold_per_floor":[113,38,38,49,65,90,90,90,116,141,141,156,156,167,167,167,167],"floor_reached":16,"playtime":370,"items_purged":["Strike_R"],"score":127,"play_id":"0c34c2ff-5522-4348-be9b-3409114ac1b1","local_time":"20210109175055","is_ascension_mode":true,"campfire_choices":[{"data":"Armaments","floor":7,"key":"SMITH"},{"floor":11,"key":"REST"},{"data":"Shrug It Off","floor":15,"key":"SMITH"}],"circlet_count":0,"master_deck":["Strike_R","Strike_R","Strike_R","Defend_R","Defend_R","Defend_R","Defend_R","Bash","Armaments+1","Shrug It Off+1"],"relics":["Burning Blood","NeowsBlessing","Centennial Puzzle","Strawberry","Incense Burner"],"acts_visited":["Exordium"],"potions_floor_usage":[6],"damage_taken":[{"damage":0,"enemies":"Cultist","floor":1,"turns":1},{"damage":0,"enemies":"Jaw Worm","floor":4,"turns":1},{"damage":0,"enemies":"Small Slimes","floor":5,"turns":1},{"damage":52,"enemies":"Gremlin Nob","floor":6,"turns":5},{"damage":38,"enemies":"3 Sentries","floor":10,"turns":13},{"damage":6,"enemies":"3 Louse","floor":12,"turns":5},{"damage":16,"enemies":"Large Slime","floor":14,"turns":11},{"damage":54,"enemies":"Hexaghost","floor":16,"turns":16}],"seed_played":"-7290028467056279013","potions_obtained":[{"floor":4,"key":"LiquidBronze"}],"is_trial":false,"path_per_floor":["M","$","?","M","M","E","R","?","T","E","R","M","?","M","R","B"],"character_chosen":"IRONCLAD","items_purchased":[],"campfire_rested":1,"item_purchase_floors":[],"current_hp_per_floor":[80,80,80,80,80,34,34,34,41,9,35,35,64,54,54,0,0],"gold":167,"neow_bonus":"THREE_ENEMY_KILL","is_daily":false,"chose_seed":false,"campfire_upgraded":2,"win_rate":0.0,"timestamp":1610182255,"path_taken":["M","?","?","?","M","E","R","?","T","E","R","?","?","M","R","BOSS"],"items_purchased_type":[],"build_version":"2020-12-22","purchased_purges":1,"victory":false,"max_hp_per_floor":[80,80,80,80,80,80,80,80,87,87,87,87,87,87,87,87,87],"card_choices":[{"not_picked":["Clothesline","Flex","Power Through"],"picked":"SKIP","floor":1},{"not_picked":["Perfected Strike","Sever Soul","Anger"],"picked":"SKIP","floor":4},{"not_picked":["Blood for Blood","Power Through"],"picked":"Armaments","floor":5},{"not_picked":["Iron Wave","Dark Embrace"],"picked":"Shrug It Off","floor":6},{"not_picked":["Burning Pact","Rage","Fire Breathing"],"picked":"SKIP","floor":10},{"not_picked":["Cleave","Limit Break","Carnage"],"picked":"SKIP","floor":12},{"not_picked":["Dark Embrace","Warcry","Entrench"],"picked":"SKIP","floor":14}],"player_experience":158822,"relics_obtained":[{"floor":6,"key":"Centennial Puzzle"},{"floor":9,"key":"Strawberry"},{"floor":10,"key":"Incense Burner"}],"event_choices":[{"damage_healed":0,"gold_gain":0,"player_choice":"0 cards matched","damage_taken":0,"max_hp_gain":0,"max_hp_loss":0,"event_name":"Match and Keep!","floor":3,"gold_loss":0,"cards_obtained":[]},{"cards_removed":["Strike_R"],"damage_healed":0,"gold_gain":0,"player_choice":"Offered Basic","damage_taken":0,"max_hp_gain":0,"max_hp_loss":0,"event_name":"Bonfire Elementals","floor":8,"gold_loss":0},{"damage_healed":29,"gold_gain":0,"player_choice":"Banana","damage_taken":0,"max_hp_gain":0,"max_hp_loss":0,"event_name":"Big Fish","floor":13,"gold_loss":0}],"is_beta":false,"boss_relics":[],"items_purged_floors":[2],"is_endless":false,"potions_floor_spawned":[4],"killed_by":"Hexaghost","ascension_level":3}}