{"host":"h2zaclyrd1q1i31f","time":1610183296,"event":{"mods":["Act Like it!","BaseMod","Colored Map","Downfall","GifTheSpireLib","Hallownest","Hermit","Minty Spire (QoL Compilation)","Permanent Neow","StSLib","SuperFastMode","The Bug Knight","The Gatherer","The Hierophant"],"gold_per_floor":[214,227,119,139,58,58,88,106,133,148,161,186,205,222,222,317,317,330,342,342,354,354,354,381,381,381,481,481,498,498,523,523,621,621,638,685,333,345,150,181,0,25,114,154,166,178,203,235,247,259],"floor_reached":51,"playtime":2770,"items_purged":["Gatherer:Strike_Gatherer","Gatherer:Defend_Gatherer","Gatherer:Strike_Gatherer"],"score":784,"play_id":"3ad2dc3b-cbe2-47d9-9125-b6149fa79d03","local_time":"20210109030816","is_ascension_mode":false,"metric_token":913,"campfire_choices":[{"data":"Gatherer:Centralize","floor":6,"key":"SMITH"},{"floor":15,"key":"REST"},{"floor":23,"key":"REST"},{"floor":25,"key":"REST"},{"data":"Gatherer:Misfortune","floor":28,"key":"SMITH"},{"floor":32,"key":"REST"},{"data":"Gatherer:Overflowing","floor":46,"key":"SMITH"},{"floor":49,"key":"REST"}],"circlet_count":0,"master_deck":["Gatherer:Strike_Gatherer","Gatherer:Strike_Gatherer","Gatherer:Defend_Gatherer","Gatherer:Defend_Gatherer","Gatherer:Defend_Gatherer","Gatherer:Defend_Gatherer","Gatherer:Centralize+1","Gatherer:FlowerWhip+1","Gatherer:QuickSynthesis","Gatherer:Polymorphism","Gatherer:Frenzy","Gatherer:BigPouch","Gatherer:QuickSynthesis","Gatherer:Enchant","Gatherer:Misfortune+1","Gatherer:FlowerShield+1","Gatherer:Pollute","Gatherer:Nutrients","Gatherer:PoisonMastery","Gatherer:Misfortune+1","Gatherer:FlowerShield+1","Gatherer:FlowerFalling+1","Gatherer:Pollute","Gatherer:MindSearch","Gatherer:FlamingBottle","Gatherer:RecoveryHerb","Gatherer:Liquidism","Gatherer:MindSearch","Gatherer:ScrollOfWall+1","Gatherer:UpgradeBag","Gatherer:Overflowing+1","Gatherer:VenomBarrier+1","Gatherer:TacticalStrike+1"],"relics":["Gatherer:AlchemyBag","Orichalcum","PreservedInsect","Philosopher\u0027s Stone","Darkstone Periapt","Bottled Lightning","Meat on the Bone","Dead Branch","Matryoshka","Lantern","SlaversCollar","Peace Pipe","MawBank","Red Mask","Regal Pillow","White Beast Statue","Shuriken"],"acts_visited":["Exordium","TheCity","TheBeyond"],"potions_floor_usage":[7,12,12,19,21,27,31,33,36,38,44,50,50],"damage_taken":[{"damage":1,"enemies":"Cultist","floor":1,"turns":3},{"damage":4,"enemies":"Small Slimes","floor":2,"turns":3},{"damage":0,"enemies":"2 Louse","floor":4,"turns":3},{"damage":20,"enemies":"HollowMod:MossKnight","floor":7,"turns":12},{"damage":2,"enemies":"Large Slime","floor":8,"turns":5},{"damage":2,"enemies":"2 Fungi Beasts","floor":10,"turns":3},{"damage":7,"enemies":"Blue Slaver","floor":11,"turns":2},{"damage":8,"enemies":"3 Sentries","floor":12,"turns":5},{"damage":7,"enemies":"Red Slaver","floor":13,"turns":3},{"damage":3,"enemies":"3 Louse","floor":14,"turns":3},{"damage":5,"enemies":"Slime Boss","floor":16,"turns":8},{"damage":10,"enemies":"Spheric Guardian","floor":18,"turns":4},{"damage":16,"enemies":"3 Byrds","floor":19,"turns":5},{"damage":12,"enemies":"Shelled Parasite and Fungi","floor":21,"turns":4},{"damage":57,"enemies":"Gremlin Leader","floor":24,"turns":6},{"damage":17,"enemies":"Colosseum Slavers","floor":27,"turns":4},{"damage":0,"enemies":"Colosseum Nobs","floor":27,"turns":3},{"damage":8,"enemies":"Snake Plant","floor":29,"turns":3},{"damage":11,"enemies":"Slavers","floor":31,"turns":3},{"damage":37,"enemies":"Collector","floor":33,"turns":7},{"damage":0,"enemies":"Orb Walker","floor":35,"turns":3},{"damage":19,"enemies":"2 Orb Walkers","floor":36,"turns":4},{"damage":9,"enemies":"3 Shapes","floor":38,"turns":4},{"damage":0,"enemies":"HollowMod:StalkingDevout","floor":40,"turns":4},{"damage":5,"enemies":"Jaw Worm Horde","floor":42,"turns":4},{"damage":4,"enemies":"Giant Head","floor":44,"turns":5},{"damage":15,"enemies":"Sphere and 2 Shapes","floor":47,"turns":5},{"damage":7,"enemies":"3 Darklings","floor":48,"turns":3},{"damage":10,"enemies":"Time Eater","floor":50,"turns":5}],"seed_played":"6313334834336074386","potions_obtained":[{"floor":1,"key":"Strength Potion"},{"floor":4,"key":"EssenceOfSteel"},{"floor":10,"key":"Dexterity Potion"},{"floor":11,"key":"SpeedPotion"},{"floor":13,"key":"AttackPotion"},{"floor":14,"key":"FairyPotion"},{"floor":18,"key":"champ:CounterPotion"},{"floor":24,"key":"Ancient Potion"},{"floor":29,"key":"Fire Potion"},{"floor":31,"key":"hexamod:EctoCoolerPotion"},{"floor":35,"key":"Poison Potion"},{"floor":42,"key":"Guardian:BlockOnCardUsePotion"},{"floor":44,"key":"GhostInAJar"},{"floor":47,"key":"hexamod:EctoCoolerPotion"},{"floor":48,"key":"EssenceOfSteel"}],"is_trial":false,"path_per_floor":["M","M","$","M","$","R","E","M","T","M","M","E","M","M","R","B",null,"M","M","T","M","?","R","E","R","T","?","R","M","?","E","R","B",null,"M","?","$","M","$","E","?","M","T","E","?","R","M","M","R","B",null],"character_chosen":"THE_GATHERER","items_purchased":["Gatherer:Polymorphism","Gatherer:BigPouch","Gatherer:Liquidism","Energy Potion","SkillPotion","Gatherer:MindSearch","Gatherer:UpgradeBag"],"campfire_rested":5,"item_purchase_floors":[3,5,37,37,37,37,39],"current_hp_per_floor":[71,67,67,67,67,67,47,45,45,43,36,28,21,18,39,34,72,62,46,46,34,34,55,24,45,45,40,40,44,31,32,55,30,77,77,58,58,49,49,52,52,50,50,49,49,49,49,46,77,67],"gold":271,"neow_bonus":"HUNDRED_GOLD","is_daily":false,"chose_seed":false,"campfire_upgraded":3,"win_rate":0.0,"timestamp":1610183296,"path_taken":["M","M","$","?","$","R","E","M","T","M","?","E","M","M","R","BOSS","M","M","?","M","?","R","E","R","T","?","R","M","?","E","R","BOSS","M","?","$","M","$","E","?","M","T","E","?","R","M","M","R","BOSS"],"items_purchased_type":["Card","Card","Card","Potion","Potion","Card","Card"],"build_version":"2020-12-22","purchased_purges":3,"victory":true,"max_hp_per_floor":[72,72,72,72,72,72,72,72,72,72,72,72,72,72,72,72,72,72,72,72,72,72,72,72,72,72,72,72,72,77,77,77,77,77,77,77,77,77,77,77,77,77,77,77,77,77,77,77,77,77],"card_choices":[{"not_picked":["Gatherer:Transmute","Gatherer:FragileHammer"],"picked":"Gatherer:QuickSynthesis","floor":1},{"not_picked":["Gatherer:ScrollOfWall","Gatherer:Convert","Gatherer:EnergyBasket"],"picked":"SKIP","floor":2},{"not_picked":["Gatherer:TreeGrowth","Gatherer:WitheringStrike"],"picked":"Gatherer:Frenzy","floor":4},{"not_picked":["Gatherer:AromaProtection","Gatherer:Overflowing"],"picked":"Gatherer:QuickSynthesis","floor":7},{"not_picked":["Gatherer:ScrollOfWall","Gatherer:ScherryThrow"],"picked":"Gatherer:Enchant","floor":8},{"not_picked":["Gatherer:BigPouch","Gatherer:PotentialSlash"],"picked":"Gatherer:Misfortune","floor":10},{"not_picked":["Gatherer:GatherMaterial","Gatherer:CarefulStrike"],"picked":"Gatherer:FlowerShield","floor":11},{"not_picked":["Gatherer:GatherMaterial","Gatherer:EnergyBasket"],"picked":"Gatherer:Pollute","floor":12},{"not_picked":["Gatherer:CollectorsShot","Gatherer:PotentialSlash","Gatherer:QuickSynthesis"],"picked":"SKIP","floor":13},{"not_picked":["Gatherer:ScentOfRosmari","Gatherer:TacticalStrike"],"picked":"Gatherer:Nutrients","floor":14},{"not_picked":["Gatherer:BomberForm","Gatherer:LuckyClover"],"picked":"Gatherer:PoisonMastery","floor":16},{"not_picked":["Gatherer:EnergyBasket","Gatherer:Snatch"],"picked":"Gatherer:Misfortune+1","floor":18},{"not_picked":["Gatherer:Polymorphism","Gatherer:GatherMaterial+1"],"picked":"Gatherer:FlowerShield+1","floor":19},{"not_picked":["Gatherer:CollectorsShot","Gatherer:SaveValuables"],"picked":"Gatherer:FlowerFalling+1","floor":21},{"not_picked":["Gatherer:Snatch","Gatherer:Convert+1"],"picked":"Gatherer:Pollute","floor":24},{"not_picked":["Gatherer:BambuSword","Gatherer:Uplift","Gatherer:FlowerFalling"],"picked":"SKIP","floor":29},{"not_picked":["Gatherer:RottenStipe","Gatherer:DrugPower"],"picked":"Gatherer:MindSearch","floor":31},{"not_picked":["Gatherer:Examine","Gatherer:CursedBlade"],"picked":"Gatherer:FlamingBottle","floor":33},{"not_picked":["Gatherer:Convert+1","Gatherer:WoolGloves","Gatherer:BambuSword+1"],"picked":"SKIP","floor":35},{"not_picked":["Gatherer:ScherryThrow+1","Gatherer:CollectorsShot+1"],"picked":"Gatherer:RecoveryHerb","floor":36},{"not_picked":["Gatherer:QuickSynthesis","Gatherer:WoolGloves+1"],"picked":"Gatherer:ScrollOfWall+1","floor":38},{"not_picked":["Gatherer:FlowerShield","Gatherer:Polymorphism"],"picked":"Gatherer:Overflowing","floor":40},{"not_picked":["Gatherer:RottenStipe","Gatherer:QuickSynthesis+1"],"picked":"Gatherer:VenomBarrier+1","floor":42},{"not_picked":["Gatherer:Snatch+1","Gatherer:Frenzy"],"picked":"Gatherer:TacticalStrike+1","floor":44},{"not_picked":["Gatherer:TreeGrowth+1","Gatherer:Enchant","Gatherer:AromaProtection+1"],"picked":"SKIP","floor":47},{"not_picked":["Gatherer:Polymorphism","Gatherer:Nutrients","Gatherer:PotentialSlash"],"picked":"SKIP","floor":48}],"player_experience":153468,"relics_obtained":[{"floor":7,"key":"Orichalcum"},{"floor":12,"key":"PreservedInsect"},{"floor":20,"key":"Darkstone Periapt"},{"floor":24,"key":"Bottled Lightning"},{"floor":26,"key":"Meat on the Bone"},{"floor":27,"key":"Dead Branch"},{"floor":27,"key":"Matryoshka"},{"floor":31,"key":"Lantern"},{"floor":36,"key":"Peace Pipe"},{"floor":40,"key":"MawBank"},{"floor":43,"key":"Regal Pillow"},{"floor":43,"key":"White Beast Statue"},{"floor":44,"key":"Shuriken"}],"event_choices":[{"damage_healed":0,"gold_gain":0,"player_choice":"Fight","damage_taken":0,"max_hp_gain":0,"max_hp_loss":0,"event_name":"Colosseum","floor":27,"gold_loss":0},{"damage_healed":0,"gold_gain":0,"player_choice":"Fought Nobs","damage_taken":0,"max_hp_gain":0,"max_hp_loss":0,"event_name":"Colosseum","floor":27,"gold_loss":0},{"damage_healed":0,"gold_gain":0,"player_choice":"Shed Blood","damage_taken":18,"max_hp_gain":5,"max_hp_loss":0,"event_name":"Forgotten Altar","floor":30,"gold_loss":0},{"damage_healed":0,"gold_gain":0,"player_choice":"Fight","damage_taken":0,"max_hp_gain":0,"max_hp_loss":0,"event_name":"Mysterious Sphere","floor":36,"gold_loss":0},{"damage_healed":0,"gold_gain":0,"player_choice":"Paid","damage_taken":0,"relics_obtained":["Red Mask"],"max_hp_gain":0,"max_hp_loss":0,"event_name":"Tomb of Lord Red Mask","floor":41,"gold_loss":193},{"cards_removed":["Gatherer:Strike_Gatherer"],"damage_healed":0,"gold_gain":0,"player_choice":"Removed Attack","damage_taken":0,"max_hp_gain":0,"max_hp_loss":0,"event_name":"Falling","floor":45,"gold_loss":0}],"is_beta":false,"boss_relics":[{"not_picked":["Coffee Dripper","Velvet Choker"],"picked":"Philosopher\u0027s Stone"},{"not_picked":["Fusion Hammer","Cursed Key"],"picked":"SlaversCollar"}],"items_purged_floors":[3,37,39],"is_endless":false,"potions_floor_spawned":[1,4,10,11,13,14,18,24,27,29,31,35,42,44,47,48],"ascension_level":0}}