{"host":"ta9mufxydm4vkknf","time":1610208406,"event":{"mods":["AchievementEnabler","BaseMod","Minty Spire (QoL Compilation)","Quick Restart"],"gold_per_floor":[117,117,133,133,152,152,183,206,206,23,34,59,59,71,71,169,169,187,187,5,5,16,16,16,31,31,31,45,45,64,64,64],"floor_reached":31,"playtime":1395,"items_purged":[],"score":331,"play_id":"941e70f0-78f2-401e-bf09-8468d66d83f9","local_time":"20210109170646","is_ascension_mode":true,"campfire_choices":[{"data":"Dropkick","floor":6,"key":"SMITH"},{"data":"Cleave","floor":13,"key":"SMITH"},{"data":"Crescendo","floor":15,"key":"SMITH"},{"data":"Apotheosis","floor":23,"key":"SMITH"},{"data":"Phantasmal Killer","floor":27,"key":"SMITH"},{"data":"Flame Barrier","floor":29,"key":"SMITH"}],"circlet_count":0,"master_deck":["Strike_R","Strike_R","Defend_R","Defend_R+1","Bash+1","Shrug It Off+1","Burning Pact+1","Dropkick+1","Shrug It Off","Fiend Fire","Wild Strike","Rupture","Cleave+1","Steam Power","Crescendo+1","Flying Knee","Phantasmal Killer+1","JustLucky","Flame Barrier+1","Apotheosis+1","Ghostly","Ghostly","Ghostly","Ghostly","Ghostly","Rebound","Pommel Strike+1","ForeignInfluence+1","Escape Plan"],"relics":["Astrolabe","White Beast Statue","Odd Mushroom","Meat on the Bone","PrismaticShard","MealTicket","Empty Cage","Matryoshka"],"acts_visited":["Exordium","TheCity"],"potions_floor_usage":[8,12,16,25,30,31],"damage_taken":[{"damage":10,"enemies":"Small Slimes","floor":1,"turns":5},{"damage":0,"enemies":"Cultist","floor":3,"turns":3},{"damage":4,"enemies":"Jaw Worm","floor":5,"turns":3},{"damage":16,"enemies":"Gremlin Nob","floor":7,"turns":3},{"damage":23,"enemies":"The Mushroom Lair","floor":8,"turns":7},{"damage":7,"enemies":"2 Fungi Beasts","floor":11,"turns":3},{"damage":31,"enemies":"Lagavulin","floor":12,"turns":6},{"damage":0,"enemies":"Blue Slaver","floor":14,"turns":2},{"damage":45,"enemies":"The Guardian","floor":16,"turns":6},{"damage":9,"enemies":"Shell Parasite","floor":18,"turns":3},{"damage":13,"enemies":"3 Byrds","floor":22,"turns":5},{"damage":21,"enemies":"Snake Plant","floor":25,"turns":4},{"damage":1,"enemies":"Cultist and Chosen","floor":28,"turns":6},{"damage":3,"enemies":"Shelled Parasite and Fungi","floor":30,"turns":5},{"damage":35,"enemies":"Book of Stabbing","floor":31,"turns":5}],"seed_played":"-6377129176908723006","potions_obtained":[{"floor":1,"key":"AttackPotion"},{"floor":3,"key":"ElixirPotion"},{"floor":8,"key":"FairyPotion"},{"floor":11,"key":"Fire Potion"},{"floor":12,"key":"PowerPotion"},{"floor":16,"key":"SkillPotion"},{"floor":18,"key":"EssenceOfSteel"},{"floor":22,"key":"BloodPotion"},{"floor":25,"key":"Weak Potion"},{"floor":28,"key":"GamblersBrew"},{"floor":30,"key":"Regen Potion"}],"is_trial":false,"path_per_floor":["M","?","M","?","M","R","E","?","T","$","M","E","R","M","R","B",null,"M","?","$","?","M","R","$","M","T","R","M","R","M","E"],"character_chosen":"IRONCLAD","items_purchased":["PrismaticShard","Cleave","Apotheosis"],"campfire_rested":0,"item_purchase_floors":[10,10,20],"current_hp_per_floor":[70,54,54,90,86,86,70,47,47,47,52,33,33,45,45,39,77,68,68,83,45,32,32,45,33,33,33,32,32,29,0,0],"gold":64,"neow_bonus":"BOSS_RELIC","is_daily":false,"chose_seed":false,"campfire_upgraded":6,"win_rate":0.0,"timestamp":1610208406,"path_taken":["M","?","M","?","?","R","E","?","T","$","M","E","R","M","R","BOSS","M","?","$","?","M","R","?","M","T","R","M","R","M","E"],"items_purchased_type":["Relic","Card","Card"],"build_version":"2020-12-22","purchased_purges":0,"victory":false,"max_hp_per_floor":[80,80,80,90,90,90,90,90,90,90,90,90,90,90,90,90,90,90,90,90,45,45,45,45,45,45,45,45,45,45,45,45],"card_choices":[{"not_picked":["Intimidate","Perfected Strike"],"picked":"Dropkick","floor":1},{"not_picked":["Sword Boomerang","Armaments"],"picked":"Shrug It Off","floor":3},{"not_picked":["Searing Blow","Havoc"],"picked":"Fiend Fire","floor":5},{"not_picked":["Heavy Blade","Body Slam"],"picked":"Wild Strike","floor":7},{"not_picked":["Brutality","Clash"],"picked":"Rupture","floor":8},{"not_picked":["Cold Snap","Quick Slash"],"picked":"Steam Power","floor":11},{"not_picked":["Redo","Scrape"],"picked":"Crescendo","floor":12},{"not_picked":["BattleHymn","Sentinel"],"picked":"Flying Knee","floor":14},{"not_picked":["Magnetism","Electrodynamics"],"picked":"Phantasmal Killer","floor":16},{"not_picked":["Compile Driver","Twin Strike"],"picked":"JustLucky","floor":18},{"not_picked":["Forethought","FlurryOfBlows"],"picked":"Rebound","floor":22},{"not_picked":["FlurryOfBlows+1","Ragnarok"],"picked":"Pommel Strike+1","floor":25},{"not_picked":["Impatience","Gash+1"],"picked":"ForeignInfluence+1","floor":28},{"not_picked":["WheelKick","Blood for Blood"],"picked":"Escape Plan","floor":30}],"player_experience":253555,"relics_obtained":[{"floor":7,"key":"White Beast Statue"},{"floor":8,"key":"Odd Mushroom"},{"floor":9,"key":"Meat on the Bone"},{"floor":12,"key":"MealTicket"},{"floor":26,"key":"Matryoshka"}],"event_choices":[{"damage_healed":0,"gold_gain":0,"player_choice":"Entered Light","damage_taken":16,"max_hp_gain":0,"max_hp_loss":0,"event_name":"Shining Light","floor":2,"gold_loss":0,"cards_upgraded":["Bash","Defend_R"]},{"cards_removed":["Brutality"],"damage_healed":26,"gold_gain":0,"player_choice":"Offered Rare","damage_taken":0,"max_hp_gain":10,"max_hp_loss":0,"event_name":"Bonfire Elementals","floor":4,"gold_loss":0},{"damage_healed":0,"gold_gain":0,"player_choice":"Fought Mushrooms","damage_taken":0,"max_hp_gain":0,"max_hp_loss":0,"event_name":"Mushrooms","floor":8,"gold_loss":0},{"damage_healed":0,"gold_gain":0,"player_choice":"Read","damage_taken":0,"max_hp_gain":0,"max_hp_loss":0,"event_name":"The Library","floor":19,"gold_loss":0,"cards_obtained":["Flame Barrier"]},{"damage_healed":0,"gold_gain":0,"player_choice":"Became a Ghost","damage_taken":0,"max_hp_gain":0,"max_hp_loss":45,"event_name":"Ghosts","floor":21,"gold_loss":0,"cards_obtained":["Ghostly","Ghostly","Ghostly","Ghostly","Ghostly"]}],"is_beta":false,"boss_relics":[{"not_picked":["Velvet Choker","Busted Crown"],"picked":"Empty Cage"}],"items_purged_floors":[],"is_endless":false,"potions_floor_spawned":[1,3,8,11,12,14,16,18,22,25,28,30],"killed_by":"Book of Stabbing","ascension_level":5}}