{"host":"a4s27ghlnr83kbqz","time":1610186344,"event":{"mods":["AchievementEnabler","BaseMod","Colored Map","Minty Spire (QoL Compilation)","Permanent Neow","SuperFastMode"],"gold_per_floor":[116,127,143,160,177,177,211,228,228,309,309,322,347,357,70,70,146,146,165,180,180,180,191,191,222,222,249,249,159,209,40,66,66,140,140,150,100,112,131,141,170,170,186,186,213,213,240,252,252,252,252,252,252],"floor_reached":52,"playtime":1106,"items_purged":["Strike_R","Strike_R"],"score":1688,"play_id":"a25fc913-fb2b-4f17-a832-af82743d23df","local_time":"20210109175904","is_ascension_mode":true,"campfire_choices":[{"data":"Immolate","floor":9,"key":"SMITH"},{"data":"Fiend Fire","floor":11,"key":"SMITH"},{"data":"Uppercut","floor":16,"key":"SMITH"},{"data":"Fire Breathing","floor":24,"key":"SMITH"},{"data":"Offering","floor":26,"key":"SMITH"},{"data":"Defend_R","floor":28,"key":"PURGE"},{"data":"Dark Embrace","floor":33,"key":"SMITH"},{"floor":42,"key":"REST"},{"floor":50,"key":"REST"}],"circlet_count":0,"master_deck":["AscendersBane","Defend_R","Defend_R","Defend_R","Bash","Immolate+1","Power Through","Wild Strike","Disarm","Fiend Fire+1","Shrug It Off","Uppercut+1","Feel No Pain","Offering+1","Havoc+1","Fire Breathing+1","Fiend Fire","Ghostly Armor","Dark Embrace+1","Flame Barrier"],"relics":["Burning Blood","Darkstone Periapt","White Beast Statue","Lizard Tail","Bag of Marbles","Mark of Pain","Peace Pipe","Pen Nib","Lee\u0027s Waffle","Smiling Mask","Snecko Eye","Centennial Puzzle","Frozen Egg 2","Art of War","Nunchaku"],"acts_visited":["Exordium","TheCity","TheBeyond"],"potions_floor_usage":[7,13,19,20,23,25,34,39,41,45,48,51],"damage_taken":[{"damage":9,"enemies":"2 Louse","floor":1,"turns":3},{"damage":12,"enemies":"Jaw Worm","floor":2,"turns":5},{"damage":6,"enemies":"Cultist","floor":3,"turns":3},{"damage":12,"enemies":"Looter","floor":4,"turns":3},{"damage":11,"enemies":"Blue Slaver","floor":5,"turns":4},{"damage":8,"enemies":"Gremlin Nob","floor":7,"turns":3},{"damage":7,"enemies":"2 Fungi Beasts","floor":8,"turns":2},{"damage":0,"enemies":"3 Louse","floor":12,"turns":1},{"damage":0,"enemies":"3 Sentries","floor":13,"turns":4},{"damage":3,"enemies":"Blue Slaver","floor":14,"turns":2},{"damage":46,"enemies":"Slime Boss","floor":17,"turns":11},{"damage":18,"enemies":"Chosen","floor":19,"turns":3},{"damage":3,"enemies":"2 Thieves","floor":20,"turns":2},{"damage":0,"enemies":"Centurion and Healer","floor":23,"turns":4},{"damage":22,"enemies":"Gremlin Leader","floor":25,"turns":4},{"damage":15,"enemies":"Book of Stabbing","floor":32,"turns":3},{"damage":48,"enemies":"Automaton","floor":34,"turns":7},{"damage":15,"enemies":"3 Darklings","floor":36,"turns":3},{"damage":3,"enemies":"Orb Walker","floor":38,"turns":2},{"damage":18,"enemies":"Jaw Worm Horde","floor":39,"turns":2},{"damage":24,"enemies":"3 Darklings","floor":40,"turns":5},{"damage":6,"enemies":"Reptomancer","floor":41,"turns":1},{"damage":19,"enemies":"Transient","floor":43,"turns":6},{"damage":12,"enemies":"Nemesis","floor":45,"turns":3},{"damage":54,"enemies":"Giant Head","floor":47,"turns":7},{"damage":23,"enemies":"Writhing Mass","floor":48,"turns":7},{"damage":6,"enemies":"Donu and Deca","floor":51,"turns":5},{"damage":93,"enemies":"Awakened One","floor":52,"turns":5}],"seed_played":"4075459582736320092","potions_obtained":[{"floor":1,"key":"Ancient Potion"},{"floor":4,"key":"PowerPotion"},{"floor":12,"key":"AttackPotion"},{"floor":13,"key":"BloodPotion"},{"floor":14,"key":"Strength Potion"},{"floor":19,"key":"BlessingOfTheForge"},{"floor":20,"key":"Strength Potion"},{"floor":23,"key":"FairyPotion"},{"floor":25,"key":"BloodPotion"},{"floor":34,"key":"DistilledChaos"},{"floor":39,"key":"GamblersBrew"},{"floor":40,"key":"Swift Potion"},{"floor":41,"key":"Fire Potion"},{"floor":45,"key":"SteroidPotion"},{"floor":47,"key":"EssenceOfSteel"},{"floor":48,"key":"Fruit Juice"}],"is_trial":false,"path_per_floor":["M","M","M","M","M","M","E","M","R","T","R","M","E","M","$","R","B",null,"M","M","?","?","M","R","E","R","T","R","$","?","$","E","R","B",null,"M","$","M","M","M","E","R","M","T","E","?","E","M","?","R","B","B"],"character_chosen":"IRONCLAD","items_purchased":["Feel No Pain","Bag of Marbles","Dark Embrace","Lee\u0027s Waffle"],"campfire_rested":2,"item_purchase_floors":[15,15,29,31],"current_hp_per_floor":[65,59,59,53,48,48,46,45,45,45,45,51,57,60,60,60,20,56,57,60,60,60,66,66,50,50,50,50,50,50,75,66,66,39,66,57,57,60,48,30,30,52,39,39,33,33,28,16,16,40,40,0,0],"gold":252,"neow_bonus":"THREE_RARE_CARDS","is_daily":false,"chose_seed":false,"campfire_upgraded":6,"win_rate":0.0,"timestamp":1610186344,"path_taken":["M","M","M","M","M","M","E","M","R","T","R","M","E","M","$","R","BOSS","M","M","?","?","?","R","E","R","T","R","$","?","$","E","R","BOSS","M","$","M","M","M","E","R","M","T","E","?","E","M","?","R","BOSS","BOSS"],"items_purchased_type":["Card","Relic","Card","Relic"],"build_version":"2020-12-22","purchased_purges":2,"victory":false,"max_hp_per_floor":[68,68,68,68,68,68,68,68,68,68,68,68,68,68,68,68,68,68,68,68,68,68,68,68,68,68,68,68,68,68,75,75,75,75,75,75,75,75,75,75,75,75,75,75,75,75,75,80,80,80,80,80,80],"card_choices":[{"not_picked":["Offering","Reaper"],"picked":"Immolate","floor":0},{"not_picked":["Thunderclap","Disarm"],"picked":"Power Through","floor":1},{"not_picked":["Reckless Charge","Armaments"],"picked":"Wild Strike","floor":2},{"not_picked":["Searing Blow","Clash"],"picked":"Disarm","floor":3},{"not_picked":["Body Slam","Pommel Strike","Power Through"],"picked":"SKIP","floor":4},{"not_picked":["Flex","Body Slam","Headbutt"],"picked":"SKIP","floor":5},{"not_picked":["Cleave","Sword Boomerang","Headbutt"],"picked":"SKIP","floor":7},{"not_picked":["Clothesline","Wild Strike"],"picked":"Fiend Fire","floor":8},{"not_picked":["Disarm","Clash"],"picked":"Shrug It Off","floor":12},{"not_picked":["Dropkick","Iron Wave","Clash"],"picked":"SKIP","floor":13},{"not_picked":["Body Slam","Sword Boomerang"],"picked":"Uppercut","floor":14},{"not_picked":["Bludgeon","Exhume"],"picked":"Offering","floor":17},{"not_picked":["Clash","Headbutt"],"picked":"Havoc+1","floor":19},{"not_picked":["Twin Strike","Clash"],"picked":"Fire Breathing","floor":20},{"not_picked":["Havoc","Clothesline+1","Brutality"],"picked":"SKIP","floor":23},{"not_picked":["Havoc","Clothesline+1","Brutality"],"picked":"SKIP","floor":23},{"not_picked":["Cleave","Perfected Strike"],"picked":"Shockwave","floor":25},{"not_picked":["Heavy Blade","Dark Embrace","Body Slam"],"picked":"SKIP","floor":32},{"not_picked":["Battle Trance+1","Bloodletting","Iron Wave"],"picked":"SKIP","floor":36},{"not_picked":["Twin Strike","Whirlwind+1","Ghostly Armor+1"],"picked":"SKIP","floor":38},{"not_picked":["Cleave","Inflame+1","Bloodletting"],"picked":"SKIP","floor":39},{"not_picked":["Iron Wave","Armaments","Hemokinesis+1"],"picked":"SKIP","floor":40},{"not_picked":["Blood for Blood","Headbutt"],"picked":"Flame Barrier","floor":41},{"not_picked":["Rupture+1","Body Slam","Anger"],"picked":"SKIP","floor":43},{"not_picked":["Iron Wave+1","Feed","Armaments"],"picked":"SKIP","floor":45},{"not_picked":["Warcry+1","Infernal Blade","Carnage+1"],"picked":"SKIP","floor":47},{"not_picked":["True Grit","Headbutt","Shrug It Off"],"picked":"SKIP","floor":48}],"player_experience":1096199,"relics_obtained":[{"floor":7,"key":"Darkstone Periapt"},{"floor":10,"key":"White Beast Statue"},{"floor":13,"key":"Lizard Tail"},{"floor":25,"key":"Peace Pipe"},{"floor":27,"key":"Pen Nib"},{"floor":32,"key":"Smiling Mask"},{"floor":41,"key":"Centennial Puzzle"},{"floor":44,"key":"Frozen Egg 2"},{"floor":45,"key":"Art of War"},{"floor":47,"key":"Nunchaku"}],"event_choices":[{"damage_healed":0,"gold_gain":0,"cards_transformed":["Strike_R","Strike_R"],"player_choice":"Became Test Subject","damage_taken":0,"max_hp_gain":0,"max_hp_loss":0,"event_name":"Drug Dealer","floor":21,"gold_loss":0,"cards_obtained":["Fiend Fire","Ghostly Armor"]},{"cards_removed":["Strike_R"],"damage_healed":0,"gold_gain":0,"player_choice":"Offered Basic","damage_taken":0,"max_hp_gain":0,"max_hp_loss":0,"event_name":"Bonfire Elementals","floor":22,"gold_loss":0},{"damage_healed":0,"gold_gain":50,"player_choice":"Stole From Cult","damage_taken":0,"max_hp_gain":0,"max_hp_loss":0,"event_name":"Nest","floor":30,"gold_loss":0},{"damage_healed":0,"gold_gain":0,"player_choice":"Ignored","damage_taken":0,"max_hp_gain":0,"max_hp_loss":0,"event_name":"The Moai Head","floor":46,"gold_loss":0},{"cards_removed":["Shockwave"],"damage_healed":0,"gold_gain":0,"player_choice":"Removed Skill","damage_taken":0,"max_hp_gain":0,"max_hp_loss":0,"event_name":"Falling","floor":49,"gold_loss":0}],"is_beta":false,"boss_relics":[{"not_picked":["Runic Pyramid","SacredBark"],"picked":"Mark of Pain"},{"not_picked":["Calling Bell","Velvet Choker"],"picked":"Snecko Eye"}],"items_purged_floors":[15,37],"is_endless":false,"potions_floor_spawned":[1,4,5,12,13,14,17,19,20,23,25,32,34,36,38,39,40,41,43,45,47,48],"killed_by":"Awakened One","ascension_level":20}}