{"host":"7qf1todfnxspvw7w","time":1610160432,"event":{"mods":["BaseMod","BetterRewards","Block Reminder","Colored Powertips","Disable Question Mark Monsters","Displayed Cursed Tome","Googly Eyes","Minty Spire (QoL Compilation)","Poor People Problems","Rare Cards Sparkle","Relic Stats","Reorder Act Four","SacredBarkPlus","StSLib","Uncapped"],"gold_per_floor":[116,116,126,126,144,144,158,158,212,212,223,250,268,297,297,394,394,394,394,394],"floor_reached":23,"playtime":553,"items_purged":[],"score":897,"play_id":"ae0a5e28-884b-46a8-812a-160473a7ebce","local_time":"20210109054712","is_ascension_mode":false,"campfire_choices":[{"floor":6,"key":"REST"},{"floor":8,"key":"REST"},{"floor":10,"key":"REST"},{"floor":15,"key":"DIG"}],"circlet_count":0,"master_deck":["Dropkick+1","Dropkick+1","Shrug It Off+1","Clash+1","Bash+1"],"relics":["Burning Blood","Shuriken","Orichalcum","Pen Nib","Shovel","Darkstone Periapt","Ectoplasm","Runic Dome"],"acts_visited":["Exordium","TheCity","TheBeyond"],"potions_floor_usage":[22],"damage_taken":[{"damage":0,"enemies":"2 Louse","floor":1,"turns":2},{"damage":0,"enemies":"Cultist","floor":3,"turns":1},{"damage":0,"enemies":"Jaw Worm","floor":5,"turns":1},{"damage":0,"enemies":"Looter","floor":7,"turns":1},{"damage":0,"enemies":"3 Louse","floor":11,"turns":2},{"damage":6,"enemies":"3 Sentries","floor":12,"turns":8},{"damage":0,"enemies":"Blue Slaver","floor":13,"turns":1},{"damage":0,"enemies":"Lagavulin","floor":14,"turns":1},{"damage":0,"enemies":"The Guardian","floor":16,"turns":1},{"damage":0,"enemies":"Champ","floor":19,"turns":1},{"damage":43,"enemies":"Time Eater","floor":22,"turns":3}],"seed_played":"6177897901340448812","potions_obtained":[{"floor":1,"key":"ColorlessPotion"},{"floor":11,"key":"ColorlessPotion"},{"floor":12,"key":"BlessingOfTheForge"}],"is_trial":false,"path_per_floor":["M","$","M","?","M","R","M","R","T","R","M","E","M","E","R","B",null,"B",null,"B",null],"character_chosen":"IRONCLAD","items_purchased":[],"campfire_rested":3,"item_purchase_floors":[],"current_hp_per_floor":[80,80,80,80,80,80,80,80,80,80,80,80,80,80,80,80,80,80,80,43],"gold":394,"neow_bonus":"","is_daily":false,"chose_seed":false,"campfire_upgraded":0,"win_rate":0.0,"timestamp":1610160432,"path_taken":["M","$","M","?","M","R","M","R","T","R","M","E","M","E","R","BOSS","BOSS","BOSS"],"items_purchased_type":[],"build_version":"2020-12-22","purchased_purges":0,"victory":true,"max_hp_per_floor":[80,80,80,80,80,80,80,80,80,80,80,80,80,80,80,80,80,80,80,80],"relic_stats":{"Darkstone Periapt":6,"Shovel":1,"counters":[20,67],"Shuriken":[28],"Pen Nib":[7],"Ectoplasm":100,"Orichalcum":[18],"obtain_stats":[{"Darkstone Periapt":9,"Runic Dome":20,"Shovel":14,"Golden Idol":11,"Shuriken":0,"Pen Nib":12,"Ectoplasm":17,"Orichalcum":9,"Question Card":12,"Empty Cage":17,"Burning Blood":0,"Toy Ornithopter":24},{"Darkstone Periapt":3,"Runic Dome":19,"Shovel":17,"Golden Idol":3,"Shuriken":9,"Pen Nib":15,"Ectoplasm":18,"Orichalcum":13,"Question Card":3,"Empty Cage":5,"Burning Blood":0,"Toy Ornithopter":8},{"Darkstone Periapt":9,"Runic Dome":64,"Shovel":62,"Golden Idol":9,"Shuriken":45,"Pen Nib":60,"Ectoplasm":63,"Orichalcum":50,"Question Card":9,"Empty Cage":27,"Burning Blood":0,"Toy Ornithopter":41}],"Burning Blood":58},"card_choices":[{"not_picked":["Body Slam","Perfected Strike","Cleave"],"picked":"SKIP","floor":1},{"not_picked":["Twin Strike","Clash","Corruption"],"picked":"SKIP","floor":3},{"not_picked":["Rampage","Feel No Pain","Seeing Red"],"picked":"SKIP","floor":5},{"not_picked":["Rampage","Feel No Pain","Seeing Red"],"picked":"SKIP","floor":5},{"not_picked":["Thunderclap","Heavy Blade","Havoc"],"picked":"SKIP","floor":7},{"not_picked":["Perfected Strike","Intimidate","Shrug It Off"],"picked":"SKIP","floor":11},{"not_picked":["Whirlwind","Uppercut","Rampage"],"picked":"SKIP","floor":12},{"not_picked":["Shockwave","Disarm","Iron Wave"],"picked":"SKIP","floor":13},{"not_picked":["Sword Boomerang","True Grit","Power Through"],"picked":"SKIP","floor":14}],"player_experience":501402,"relics_obtained":[{"floor":9,"key":"Orichalcum"},{"floor":12,"key":"Pen Nib"},{"floor":14,"key":"Shovel"},{"floor":15,"key":"Darkstone Periapt"}],"event_choices":[{"damage_healed":0,"gold_gain":0,"player_choice":"Ignored","damage_taken":0,"max_hp_gain":0,"max_hp_loss":0,"event_name":"Accursed Blacksmith","floor":4,"gold_loss":0},{"damage_healed":0,"gold_gain":0,"player_choice":"Took Portal","damage_taken":0,"max_hp_gain":0,"max_hp_loss":0,"event_name":"SecretPortal","floor":18,"gold_loss":0},{"damage_healed":0,"gold_gain":0,"player_choice":"Took Portal","damage_taken":0,"max_hp_gain":0,"max_hp_loss":0,"event_name":"SecretPortal","floor":21,"gold_loss":0}],"is_beta":false,"boss_relics":[{"not_picked":["Cursed Key","Calling Bell"],"picked":"Ectoplasm"},{"not_picked":["Runic Pyramid","Snecko Eye"],"picked":"Runic Dome"}],"items_purged_floors":[],"is_endless":false,"potions_floor_spawned":[1,11,12,14],"ascension_level":0}}