{"host":"51mqhfpmwwd4kxyt","time":1610164507,"event":{"mods":["BaseMod","Downfall","Googly Eyes","Highlight Path","Minty Spire (QoL Compilation)","READ ME - Guardian Mod","StSLib","The Cursed","The Servant 0.9.4"],"gold_per_floor":[119,119,131,150,170,170,184,184,210,235,255,255,330,330,330,458,458,453,453,453,5,23,62,62,62,116,145,60,84,0,34,34,167,176,199,271,73,0,33,81,81,125,148,182,191,234,48,12,21,21],"floor_reached":51,"playtime":3291,"items_purged":["Defend_G+1","Strike_G+1","Strike_G+1"],"score":1216,"play_id":"95db0285-2df0-4d6e-bf2f-97c639b7e2d9","local_time":"20210108225507","is_ascension_mode":true,"campfire_choices":[{"data":"Apotheosis","floor":6,"key":"SMITH"},{"floor":8,"key":"REST"},{"floor":15,"key":"REST"},{"floor":25,"key":"REST"},{"floor":32,"key":"REST"},{"floor":41,"key":"REST"},{"floor":45,"key":"REST"},{"floor":49,"key":"REST"}],"circlet_count":0,"master_deck":["Strike_G+1","Defend_G+1","Defend_G+1","Defend_G+1","Survivor","Neutralize","Apotheosis+1","Escape Plan","Terror+1","Calculated Gamble+1","Expertise","Escape Plan","Expertise","Adrenaline","Bullet Time","Setup+1","Backflip","expansioncontent:DashGenerateEvil","Outmaneuver","Night Terror","Backflip","Outmaneuver","Prepared","Night Terror","CurseOfTheBell","Underhanded Strike+1","PiercingWail+1","Acrobatics","Predator+1","Quick Slash+1","Outmaneuver","Calculated Gamble","Dodge and Roll+1","Blur+1","Setup+1","Footwork","Phantasmal Killer","Prepared","Prepared","Dagger Throw","Backflip","Crippling Poison"],"relics":["Ring of the Serpent","War Paint","Ancient Tea Set","Golden Idol","Oddly Smooth Stone","Happy Flower","CeramicFish","Pen Nib","Calling Bell","Tiny Chest","Mercury Hourglass","Peace Pipe","Ginger","Orrery","Red Mask","Snake Skull","Dream Catcher","Potion Belt","Nunchaku"],"acts_visited":["Exordium","TheCity","TheBeyond"],"potions_floor_usage":[10,23,50],"damage_taken":[{"damage":0,"enemies":"2 Louse","floor":1,"turns":3},{"damage":0,"enemies":"Cultist","floor":3,"turns":5},{"damage":1,"enemies":"Jaw Worm","floor":4,"turns":4},{"damage":0,"enemies":"Looter","floor":5,"turns":4},{"damage":0,"enemies":"Large Slime","floor":7,"turns":5},{"damage":4,"enemies":"3 Sentries","floor":10,"turns":8},{"damage":0,"enemies":"3 Louse","floor":11,"turns":3},{"damage":11,"enemies":"The Guardian","floor":16,"turns":13},{"damage":3,"enemies":"2 Thieves","floor":18,"turns":4},{"damage":0,"enemies":"3 Byrds","floor":22,"turns":5},{"damage":21,"enemies":"Slavers","floor":23,"turns":7},{"damage":0,"enemies":"Snecko","floor":27,"turns":5},{"damage":0,"enemies":"Cultist and Chosen","floor":29,"turns":3},{"damage":1,"enemies":"Shelled Parasite and Fungi","floor":31,"turns":4},{"damage":0,"enemies":"Automaton","floor":33,"turns":15},{"damage":20,"enemies":"3 Darklings","floor":35,"turns":4},{"damage":3,"enemies":"Mind Bloom Boss Battle","floor":36,"turns":7},{"damage":0,"enemies":"3 Shapes","floor":39,"turns":5},{"damage":12,"enemies":"Reptomancer","floor":40,"turns":4},{"damage":0,"enemies":"Nemesis","floor":42,"turns":13},{"damage":19,"enemies":"Spire Growth","floor":44,"turns":5},{"damage":0,"enemies":"Reptomancer","floor":46,"turns":3},{"damage":0,"enemies":"Donu and Deca","floor":50,"turns":5}],"seed_played":"8510491715139865933","potions_obtained":[{"floor":3,"key":"Fire Potion"},{"floor":4,"key":"BlessingOfTheForge"},{"floor":5,"key":"hexamod:EctoCoolerPotion"},{"floor":22,"key":"champ:CounterPotion"},{"floor":27,"key":"PowerPotion"},{"floor":36,"key":"Energy Potion"}],"is_trial":false,"path_per_floor":["M","?","M","M","M","R","M","R","T","E","M","?","?","?","R","B",null,"M","?","?","$","M","E","?","R","T","M","?","M","?","M","R","B",null,"M","?","$","?","M","E","R","E","T","M","R","E","$","$","R","B",null],"character_chosen":"THE_SILENT","items_purchased":["Oddly Smooth Stone","Backflip","expansioncontent:DashGenerateEvil","Orrery","Prepared","Dagger Throw","Backflip"],"campfire_rested":7,"item_purchase_floors":[21,21,21,37,47,47,48],"current_hp_per_floor":[45,45,45,44,44,44,44,65,65,61,61,54,43,26,47,36,62,59,59,59,59,59,38,38,59,59,59,59,59,59,58,70,70,70,50,47,47,47,47,35,56,56,56,37,58,58,58,58,70,70],"gold":21,"neow_bonus":"RANDOM_COLORLESS_2","is_daily":false,"chose_seed":false,"campfire_upgraded":1,"win_rate":0.0,"timestamp":1610164507,"path_taken":["M","?","?","M","M","R","M","R","T","E","M","?","?","?","R","BOSS","M","?","?","$","M","E","?","R","T","?","?","M","?","M","R","BOSS","M","?","$","?","M","E","R","E","T","M","R","E","?","$","R","BOSS"],"items_purchased_type":["Relic","Card","Card","Relic","Card","Card","Card"],"build_version":"2020-12-22","purchased_purges":3,"victory":true,"max_hp_per_floor":[70,70,70,70,70,70,70,70,70,70,70,70,70,70,70,70,70,70,70,70,70,70,70,70,70,70,70,70,70,70,70,70,70,70,70,70,70,70,70,70,70,70,70,70,70,70,70,70,70,70],"card_choices":[{"not_picked":["Mayhem","Transmutation"],"picked":"Apotheosis","floor":0},{"not_picked":["Bane","Prepared"],"picked":"Escape Plan","floor":1},{"not_picked":["Endless Agony","PiercingWail"],"picked":"Terror","floor":3},{"not_picked":["Concentrate","Deadly Poison"],"picked":"Calculated Gamble","floor":4},{"not_picked":["PiercingWail","Setup"],"picked":"Expertise","floor":5},{"not_picked":["Leg Sweep","Blade Dance"],"picked":"Escape Plan","floor":7},{"not_picked":["Predator","Bouncing Flask"],"picked":"Expertise","floor":10},{"not_picked":["Dagger Throw","Underhanded Strike"],"picked":"Adrenaline","floor":11},{"not_picked":["Malaise","Unload"],"picked":"Bullet Time","floor":16},{"not_picked":["Terror+1","Underhanded Strike"],"picked":"Setup+1","floor":18},{"not_picked":["Deflect","Choke"],"picked":"Outmaneuver","floor":22},{"not_picked":["Deflect","Heel Hook"],"picked":"Night Terror","floor":23},{"not_picked":["Outmaneuver","Blur"],"picked":"Backflip","floor":27},{"not_picked":["Calculated Gamble","Underhanded Strike"],"picked":"Outmaneuver","floor":29},{"not_picked":["Expertise","Heel Hook"],"picked":"Prepared","floor":31},{"not_picked":["Die Die Die","Malaise"],"picked":"Night Terror","floor":33},{"not_picked":["Finisher","Deflect"],"picked":"Underhanded Strike+1","floor":35},{"not_picked":["Outmaneuver","Catalyst"],"picked":"PiercingWail+1","floor":36},{"not_picked":["Poisoned Stab+1","Predator"],"picked":"Acrobatics","floor":37},{"not_picked":["Leg Sweep+1","Finisher+1"],"picked":"Predator+1","floor":37},{"not_picked":["Prepared","Accuracy+1"],"picked":"Quick Slash+1","floor":37},{"not_picked":["Slice","Glass Knife"],"picked":"Outmaneuver","floor":37},{"not_picked":["Deflect+1","Catalyst"],"picked":"Calculated Gamble","floor":37},{"not_picked":["Deflect+1","Poisoned Stab"],"picked":"Dodge and Roll+1","floor":39},{"not_picked":["Reflex+1","Dagger Spray"],"picked":"Blur+1","floor":40},{"not_picked":["All Out Attack","Backflip"],"picked":"Setup+1","floor":42},{"not_picked":["Catalyst","Dagger Throw+1"],"picked":"Footwork","floor":44},{"not_picked":["Concentrate","Slice"],"picked":"Phantasmal Killer","floor":45},{"not_picked":["Slice+1","Dagger Throw"],"picked":"Prepared","floor":46},{"not_picked":["Dodge and Roll+1","Underhanded Strike"],"picked":"Crippling Poison","floor":49}],"player_experience":363167,"relics_obtained":[{"floor":9,"key":"War Paint"},{"floor":10,"key":"Ancient Tea Set"},{"floor":23,"key":"Happy Flower"},{"floor":26,"key":"CeramicFish"},{"floor":34,"key":"Tiny Chest"},{"floor":34,"key":"Mercury Hourglass"},{"floor":34,"key":"Peace Pipe"},{"floor":36,"key":"Ginger"},{"floor":40,"key":"Snake Skull"},{"floor":42,"key":"Dream Catcher"},{"floor":43,"key":"Potion Belt"},{"floor":46,"key":"Nunchaku"}],"event_choices":[{"cards_removed":["Strike_G"],"damage_healed":0,"gold_gain":0,"player_choice":"Purged","damage_taken":0,"max_hp_gain":0,"max_hp_loss":0,"event_name":"Purifier","floor":2,"gold_loss":0},{"cards_removed":["Strike_G"],"damage_healed":0,"gold_gain":0,"player_choice":"Card Removal","damage_taken":7,"max_hp_gain":0,"max_hp_loss":0,"event_name":"Golden Wing","floor":12,"gold_loss":0},{"damage_healed":0,"gold_gain":75,"player_choice":"Gather Gold","damage_taken":11,"max_hp_gain":0,"max_hp_loss":0,"event_name":"World of Goop","floor":13,"gold_loss":0},{"damage_healed":0,"gold_gain":0,"player_choice":"Take Damage","damage_taken":17,"relics_obtained":["Golden Idol"],"max_hp_gain":0,"max_hp_loss":0,"event_name":"Golden Idol","floor":14,"gold_loss":0},{"damage_healed":0,"gold_gain":0,"player_choice":"Simplicity","damage_taken":0,"max_hp_gain":0,"max_hp_loss":0,"event_name":"Back to Basics","floor":19,"gold_loss":0,"cards_upgraded":["Strike_G","Strike_G","Strike_G","Defend_G","Defend_G","Defend_G","Defend_G","Defend_G"]},{"damage_healed":0,"gold_gain":0,"player_choice":"Ignored","damage_taken":0,"max_hp_gain":0,"max_hp_loss":0,"event_name":"Vampires","floor":20,"gold_loss":0},{"cards_removed":["Defend_G"],"damage_healed":0,"gold_gain":0,"player_choice":"Purged","damage_taken":0,"max_hp_gain":0,"max_hp_loss":0,"event_name":"Purifier","floor":24,"gold_loss":0},{"damage_healed":0,"gold_gain":0,"player_choice":"Obtained Relic","damage_taken":0,"relics_obtained":["Pen Nib"],"max_hp_gain":0,"max_hp_loss":0,"event_name":"Addict","floor":28,"gold_loss":85},{"damage_healed":0,"gold_gain":0,"player_choice":"Paid Fearfully","damage_taken":0,"max_hp_gain":0,"max_hp_loss":0,"event_name":"Masked Bandits","floor":30,"gold_loss":84},{"damage_healed":0,"gold_gain":0,"player_choice":"Fight","damage_taken":0,"max_hp_gain":0,"max_hp_loss":0,"event_name":"MindBloom","floor":36,"gold_loss":0},{"damage_healed":0,"gold_gain":0,"player_choice":"Paid","damage_taken":0,"relics_obtained":["Red Mask"],"max_hp_gain":0,"max_hp_loss":0,"event_name":"Tomb of Lord Red Mask","floor":38,"gold_loss":73}],"is_beta":false,"boss_relics":[{"not_picked":["Pandora\u0027s Box","Busted Crown"],"picked":"Ring of the Serpent"},{"not_picked":["Coffee Dripper","Empty Cage"],"picked":"Calling Bell"}],"items_purged_floors":[21,37,47],"is_endless":false,"potions_floor_spawned":[3,4,5,22,27,33,36,42],"ascension_level":6}}