{"host":"t9wo05e1llrbe5dt","time":1610220759,"event":{"mods":["2.2 Compatiblity","AchievementEnabler","Ascension Unlocker","BaseMod","Bestiary","Better Altar","Better Match","Better Note","Better Sensory Stone","Better Skull","Better Third Choice","Better Vampires","Better-Laid Plans","Block Reminder","Colored Map","Colored Powertips","Curses Come First","DeckTracker","Displayed Cursed Tome","Downfall","Filter the Spire","Googly Eyes","Gremlin Mod","GungeonMod","Hermit","Highlight Path","Marked Mod","Minty Spire (QoL Compilation)","Quick Restart","Random Character Button","Rare Cards Sparkle","Reorder Act Four","Reworked Bosses","Spicy Shops","StSLib","The Bug Knight","The Cursed","The Hierophant","The IronCluck","The Mystic","The Necromancer","The Runesmith","Transform Curses","Uncapped","everything is the same but u backflip on backflip","slay the spire mod where everything is the same but ironclad has a cowboy hat"],"gold_per_floor":[99,111,125,136,136,150,150,185,19,49,49,61,81,81,95,194,194,119,138,213,71,85,70,70,96,116,41,70,70,104,116,126,126,126],"floor_reached":33,"playtime":2454,"items_purged":[],"score":335,"play_id":"1fd8c98b-05b1-4964-9b70-cdaee23a39be","local_time":"20210109133239","is_ascension_mode":true,"campfire_choices":[{"data":"hermit:Covet","floor":1,"key":"SMITH"},{"floor":11,"key":"RECALL"},{"data":"hermit:Vantage","floor":18,"key":"SMITH"},{"floor":27,"key":"REST"},{"data":"hermit:Cheat","floor":29,"key":"SMITH"}],"circlet_count":0,"master_deck":["hermit:Strike_Hermit","hermit:Strike_Hermit","hermit:Strike_Hermit","hermit:Defend_Hermit","hermit:Defend_Hermit","hermit:Defend_Hermit","hermit:Defend_Hermit","hermit:Snapshot","hermit:Covet+1","hermit:TrackingShot","hermit:Vantage+1","hermit:RoundhouseKick","hermit:Ricochet","hermit:Horror","hermit:Roulette+1","hermit:HighCaliber+1","hermit:Quickdraw+1","Regret","hermit:PistolWhip+1","hermit:Reprieve","CurseOfTheBell","hermit:BigShot","hermit:Headshot+1","Doubt","hermit:Misfire+1","hermit:Coalescence","hermit:Cheat+1","hermit:Purgatory+1","hermit:Maintenance+1","hermit:Glare+1","hermit:ShadowCloak+1","hermit:SprayPray+1"],"relics":["hermit:Momento","Molten Egg 2","DemoMod:ResourcefulSack","hermit:PetGhost","DemoMod:Bottle","PreservedInsect","Calling Bell","Boot","DemoMod:JetPack","Lizard Tail","downfall:HeartBlessingRed","DemoMod:MemoryAlloy","Bird Faced Urn","downfall:HeartBlessingGreen","DemoMod:PinkGuonStone","DemoMod:ClearGuonStone"],"acts_visited":["Exordium","TheCity"],"potions_floor_usage":[8,9,16,25,28,30,32,33,33],"damage_taken":[{"damage":0,"enemies":"Small Slimes","floor":2,"turns":3},{"damage":1,"enemies":"Cultist","floor":3,"turns":3},{"damage":1,"enemies":"2 Louse","floor":4,"turns":4},{"damage":2,"enemies":"Gremlin Gang","floor":6,"turns":4},{"damage":9,"enemies":"3 Sentries","floor":8,"turns":6},{"damage":4,"enemies":"downfall:FleeingMerchant","floor":9,"turns":5},{"damage":8,"enemies":"Gremlin Nob","floor":10,"turns":3},{"damage":10,"enemies":"Exordium Wildlife","floor":12,"turns":4},{"damage":1,"enemies":"Red Slaver","floor":13,"turns":2},{"damage":0,"enemies":"Gremlin Gang","floor":15,"turns":2},{"damage":32,"enemies":"downfall:Watcher","floor":16,"turns":8},{"damage":17,"enemies":"3 Byrds","floor":19,"turns":5},{"damage":4,"enemies":"downfall:FleeingMerchant","floor":21,"turns":5},{"damage":0,"enemies":"Snecko","floor":22,"turns":3},{"damage":9,"enemies":"downfall:FleeingMerchant","floor":23,"turns":5},{"damage":42,"enemies":"HollowMod:Nosk","floor":25,"turns":7},{"damage":52,"enemies":"Centurion and Healer","floor":26,"turns":7},{"damage":22,"enemies":"Book of Stabbing","floor":28,"turns":4},{"damage":16,"enemies":"Gremlin Leader","floor":30,"turns":5},{"damage":32,"enemies":"Cultist and Chosen","floor":31,"turns":3},{"damage":36,"enemies":"Snake Plant","floor":32,"turns":1},{"damage":100158,"enemies":"downfall:Defect","floor":33,"turns":14}],"seed_played":"-5337092297294858495","potions_obtained":[{"floor":4,"key":"Fire Potion"},{"floor":8,"key":"hexamod:EctoCoolerPotion"},{"floor":10,"key":"Weak Potion"},{"floor":13,"key":"Block Potion"},{"floor":16,"key":"Energy Potion"},{"floor":20,"key":"downfall:CursedFountainPotion"},{"floor":22,"key":"Weak Potion"},{"floor":25,"key":"BlessingOfTheForge"},{"floor":28,"key":"hermit:Tonic"},{"floor":32,"key":"CultistPotion"}],"is_trial":false,"path_per_floor":["R","M","M","M","?","M","T","E","$","E","R","M","M","?","M","B",null,"R","M","?","$","M","$","T","E","M","R","E","R","E","M","M","B"],"character_chosen":"HERMIT","items_purchased":["hermit:PetGhost","DemoMod:MemoryAlloy","hermit:Misfire+1"],"campfire_rested":1,"item_purchase_floors":[9,21,21],"current_hp_per_floor":[82,82,81,80,80,78,78,69,65,57,57,47,46,46,46,14,82,82,65,65,65,65,68,68,38,38,62,49,49,43,43,7,0,0],"gold":126,"neow_bonus":"TEN_PERCENT_HP_BONUS","is_daily":false,"chose_seed":false,"campfire_upgraded":3,"win_rate":0.0,"timestamp":1610220759,"path_taken":["R","M","M","M","?","M","T","E","$","E","R","?","M","?","M","BOSS","R","M","?","$","M","$","T","E","M","R","E","R","E","M","M","BOSS"],"items_purchased_type":["Relic","Relic","Card"],"build_version":"2020-12-22","purchased_purges":0,"victory":false,"max_hp_per_floor":[82,82,82,82,82,82,82,82,82,82,82,82,82,82,82,82,82,82,82,82,82,82,82,82,82,82,82,89,89,89,89,89,89,89],"card_choices":[{"not_picked":["hermit:Showdown","hermit:Determination"],"picked":"hermit:TrackingShot","floor":2},{"not_picked":["hermit:Malice","hermit:Virtue"],"picked":"hermit:Vantage","floor":3},{"not_picked":["hermit:DeadMansHand","hermit:Malice"],"picked":"hermit:RoundhouseKick","floor":4},{"not_picked":["hermit:Dive","hermit:NoHoldsBarred"],"picked":"hermit:Ricochet","floor":6},{"not_picked":["hermit:OverwhelmingPower","hermit:Glare"],"picked":"hermit:Horror","floor":8},{"not_picked":["hermit:Misfire+1","hermit:BodyArmor"],"picked":"hermit:Roulette+1","floor":9},{"not_picked":["hermit:Desperado+1","hermit:Manifest","hermit:Brawl"],"picked":"SKIP","floor":10},{"not_picked":["hermit:FullyLoaded","hermit:ItchyTrigger+1"],"picked":"hermit:HighCaliber+1","floor":12},{"not_picked":["hermit:FatalDesire","hermit:SprayPray+1"],"picked":"hermit:Quickdraw+1","floor":13},{"not_picked":["hermit:Enervate+1","hermit:Feint"],"picked":"hermit:PistolWhip+1","floor":15},{"not_picked":["hermit:Roughhouse+1","hermit:Gambit"],"picked":"hermit:Reprieve","floor":16},{"not_picked":["hermit:Quickdraw+1","hermit:Snipe"],"picked":"hermit:BigShot","floor":19},{"not_picked":["hermit:SprayPray+1","hermit:LowProfile"],"picked":"hermit:Headshot+1","floor":21},{"not_picked":["hermit:LuckOfTheDraw","hermit:Dive"],"picked":"hermit:Coalescence","floor":22},{"not_picked":["hermit:Vantage","hermit:Scavenge"],"picked":"hermit:Cheat","floor":23},{"not_picked":["hermit:Snipe","hermit:Showdown+1"],"picked":"hermit:Purgatory+1","floor":25},{"not_picked":["hermit:LoneWolf","hermit:Determination+1"],"picked":"hermit:Maintenance+1","floor":26},{"not_picked":["hermit:Shortfuse+1","hermit:Headshot+1","hermit:Quickdraw+1"],"picked":"SKIP","floor":28},{"not_picked":["hermit:FatalDesire","hermit:Malice+1"],"picked":"hermit:Glare+1","floor":30},{"not_picked":["hermit:LuckOfTheDraw+1","hermit:ItchyTrigger+1"],"picked":"hermit:ShadowCloak+1","floor":31},{"not_picked":["hermit:Snipe+1","hermit:Glare+1"],"picked":"hermit:SprayPray+1","floor":32}],"player_experience":179505,"relics_obtained":[{"floor":7,"key":"Molten Egg 2"},{"floor":8,"key":"DemoMod:ResourcefulSack"},{"floor":10,"key":"DemoMod:Bottle"},{"floor":17,"key":"Boot"},{"floor":17,"key":"DemoMod:JetPack"},{"floor":17,"key":"Lizard Tail"},{"floor":25,"key":"Bird Faced Urn"},{"floor":28,"key":"DemoMod:PinkGuonStone"},{"floor":30,"key":"DemoMod:ClearGuonStone"}],"event_choices":[{"cards_removed":["hermit:Strike_Hermit"],"damage_healed":0,"gold_gain":0,"player_choice":"Offered Basic","damage_taken":0,"max_hp_gain":0,"max_hp_loss":0,"event_name":"Bonfire Elementals","floor":5,"gold_loss":0},{"damage_healed":0,"gold_gain":0,"player_choice":"Box","damage_taken":0,"relics_obtained":["PreservedInsect"],"max_hp_gain":0,"max_hp_loss":0,"event_name":"Big Fish","floor":14,"gold_loss":0,"cards_obtained":["Regret"]}],"is_beta":false,"boss_relics":[{"not_picked":["Tiny House","SlaversCollar"],"picked":"Calling Bell"}],"items_purged_floors":[],"is_endless":false,"potions_floor_spawned":[4,8,10,13,16,22,25,26,28,32],"killed_by":"downfall:Defect","ascension_level":1}}