{"host":"3o6vp6vwg41o825i","time":1610186690,"event":{"mods":["AchievementEnabler","Act Like it!","Aspiration","BaseMod","Better Altar","Better Match","Better Note","Better Sensory Stone","Better Skull","Better Third Choice","BetterRewards","CCEM","Clawfect","Colored Map","Conspire","GifTheSpireLib","Halation","Hallownest","Highlight Path","Hubris","Infinite Spire","Jorbs\u0027s Wanderer Trilogy","Mimic Mod","Minty Spire (QoL Compilation)","Replay The Spire","Shop Mod","StSLib","Stuff the Spire","The Bug Knight","The Cursed","The Jungle","Unceasing Turn Reminder","everything is the same but u backflip on backflip"],"gold_per_floor":[114,289,1,1,15,15,40,55,82,95,128,128,154,183,183,281,281,281,281,281,61,61,61,61,10,10,10,10,10,10,10,10,10,10,10,10,10,10,10,10,10,10,10,10,10,10,10,10,10,10,10,4,0,0,0,0,0,0,0,0,0,0,0,0,0,0,0,0],"floor_reached":67,"playtime":3828,"items_purged":["Doubt"],"score":1014,"play_id":"4e6db129-ac66-4744-b5c1-5f0bd51e118e","local_time":"20210109110450","is_ascension_mode":true,"campfire_choices":[{"data":"Inflame","floor":6,"key":"SMITH"},{"data":"Strike_R+1","floor":12,"key":"SMITH"},{"floor":15,"key":"REST"},{"floor":24,"key":"REST"},{"data":"Strike_R+1","floor":27,"key":"SMITH"},{"floor":32,"key":"REST"},{"data":"Heavy Blade","floor":40,"key":"SMITH"},{"data":"Strike_R+2","floor":40,"key":"SMITH"},{"data":"Strike_R","floor":45,"key":"SMITH"},{"data":"Strike_R+1","floor":45,"key":"SMITH"},{"data":"Strike_R+3","floor":49,"key":"SMITH"},{"data":"Strike_R+4","floor":49,"key":"SMITH"},{"data":"Heavy Blade","floor":57,"key":"SMITH"},{"data":"Flex","floor":57,"key":"SMITH"},{"data":"Demon Form","floor":59,"key":"SMITH"},{"data":"Flex","floor":59,"key":"SMITH"},{"data":"Flex","floor":66,"key":"SMITH"},{"data":"Strike_R","floor":66,"key":"SMITH"}],"circlet_count":0,"master_deck":["Strike_R+1","Strike_R+2","Strike_R+5","Strike_R+2","Strike_R","Defend_R+1","Defend_R","Defend_R","Bash","Pommel Strike","Flex+1","Inflame+1","Flex+1","Spot Weakness","Immolate","Flex+1","Limit Break+1","Strike_R+2","ReplayRNGCard","Heavy Blade+1","Parasite","Rage+1","Heavy Blade+1","Demon Form+1","Heavy Blade+1"],"relics":["Burning Blood","NeowsBlessing","CCEMRelics:Barrel","Simple Rune","Tiny Chest","Bag of Preparation","aspiration:ChemicalBlood","Replay:Baseball","Ectoplasm","hubris:ChampionShield","hubris:DisguiseKit","Replay:Ringing Soul","Sundial","Velvet Choker","conspire:SpecialSausage","Gambling Chip","hubris:Towel","Another Sword","Replay:Arrowhead","Replay:Bandana","infinitespire:EmpoweringShard","Unceasing Top","Oddly Smooth Stone","hubris:SlimyHat","War Paint"],"acts_visited":["Exordium","TheCity","TheBeyond","Exordium"],"potions_floor_usage":[13,13,13,14,16,16,16,23,26,28,31,31,31,31,33,35,36,39,39,39,42,44,50,50,50,50,67,67,67,67,67],"damage_taken":[{"damage":0,"enemies":"Cultist","floor":1,"turns":1},{"damage":0,"enemies":"Small Slimes","floor":5,"turns":1},{"damage":0,"enemies":"Replay:BlueRogue","floor":7,"turns":1},{"damage":0,"enemies":"2 Louse","floor":8,"turns":2},{"damage":8,"enemies":"2 Fungi Beasts","floor":10,"turns":3},{"damage":40,"enemies":"HollowMod:MossKnight","floor":11,"turns":6},{"damage":6,"enemies":"Replay:BlueRogue","floor":13,"turns":3},{"damage":29,"enemies":"conspire:MimicChest","floor":14,"turns":6},{"damage":38,"enemies":"The Guardian","floor":16,"turns":7},{"damage":10,"enemies":"Chosen","floor":18,"turns":3},{"damage":5,"enemies":"Spheric Guardian","floor":20,"turns":3},{"damage":33,"enemies":"Book of Stabbing","floor":23,"turns":3},{"damage":15,"enemies":"conspire:HollyBat","floor":26,"turns":5},{"damage":7,"enemies":"conspire:HollyBat","floor":28,"turns":4},{"damage":67,"enemies":"Nightmare","floor":31,"turns":6},{"damage":45,"enemies":"Champ","floor":33,"turns":6},{"damage":30,"enemies":"3 Darklings","floor":35,"turns":3},{"damage":21,"enemies":"Orb Walker","floor":36,"turns":4},{"damage":18,"enemies":"Transient","floor":39,"turns":8},{"damage":2,"enemies":"Transient","floor":41,"turns":5},{"damage":0,"enemies":"R_Hoarder","floor":42,"turns":2},{"damage":0,"enemies":"3 Darklings","floor":44,"turns":2},{"damage":15,"enemies":"Writhing Mass","floor":46,"turns":3},{"damage":27,"enemies":"Spire Growth","floor":47,"turns":3},{"damage":26,"enemies":"Giant Head","floor":48,"turns":5},{"damage":34,"enemies":"hubris:GrandSnecko","floor":50,"turns":5},{"damage":0,"enemies":"2 Louse","floor":52,"turns":1},{"damage":0,"enemies":"infinitespire:Voidling","floor":53,"turns":1},{"damage":7,"enemies":"conspire:RoseBush","floor":54,"turns":1},{"damage":5,"enemies":"Blue Slaver","floor":55,"turns":1},{"damage":5,"enemies":"Large Slime","floor":58,"turns":1},{"damage":2,"enemies":"3 Louse","floor":61,"turns":1},{"damage":5,"enemies":"Exordium Thugs","floor":62,"turns":1},{"damage":5,"enemies":"2 Fungi Beasts","floor":63,"turns":1},{"damage":15,"enemies":"Gremlin Nob","floor":64,"turns":3},{"damage":3,"enemies":"3 Louse","floor":65,"turns":1},{"damage":102,"enemies":"Hexaghost","floor":67,"turns":2}],"seed_played":"-7101147211082046036","potions_obtained":[{"floor":1,"key":"ColorlessPotion"},{"floor":4,"key":"Cursed Concoction"},{"floor":4,"key":"Explosive Potion"},{"floor":11,"key":"Weak Potion"},{"floor":20,"key":"SkillPotion"},{"floor":23,"key":"Dexterity Potion"},{"floor":26,"key":"Energy Potion"},{"floor":35,"key":"Swift Potion"},{"floor":36,"key":"SteroidPotion"},{"floor":39,"key":"Explosive Potion"},{"floor":41,"key":"Energy Potion"},{"floor":47,"key":"SteroidPotion"},{"floor":50,"key":"Death Potion"},{"floor":54,"key":"AttackPotion"},{"floor":55,"key":"Strength Potion"},{"floor":58,"key":"Dexterity Potion"}],"is_trial":false,"path_per_floor":["M","?","$","?","M","R","E","M","T","M","E","R","E","?","R","B",null,"M","?","M","$","?","E","R","$","MIM","R","M","T","$","NM","R","B",null,"M","M","AVR","?","MIM","R","M","E","T","M","R","M","M","E","R","B",null,"M","M","M","M","?","R","M","R","T","M","M","M","E","M","R","B"],"character_chosen":"IRONCLAD","items_purchased":["CCEMRelics:Barrel","Flex","Inflame","PowerPotion","hubris:ChampionShield","ColorlessPotion"],"campfire_rested":3,"item_purchase_floors":[3,3,3,3,21,25],"current_hp_per_floor":[80,80,80,80,80,80,80,80,80,78,44,44,44,21,45,13,80,76,76,77,77,77,50,74,74,76,76,86,86,86,61,86,55,86,70,63,63,63,59,59,71,85,85,86,86,88,78,69,69,52,98,98,98,98,101,101,101,101,101,101,101,101,101,100,101,101,0,0],"gold":0,"neow_bonus":"THREE_ENEMY_KILL","is_daily":false,"chose_seed":false,"campfire_upgraded":15,"win_rate":0.0,"timestamp":1610186690,"path_taken":["M","?","$","?","M","R","E","?","T","M","E","R","E","?","R","BOSS","M","?","M","$","?","E","R","$","MIM","R","M","?","?","NM","R","BOSS","M","?","AVR","?","?","R","M","E","T","M","R","M","M","E","R","BOSS","M","?","M","M","?","R","M","R","T","M","M","?","E","M","R","BOSS"],"items_purchased_type":["Relic","Card","Card","Potion","Relic","Potion"],"build_version":"2020-12-22","purchased_purges":1,"victory":false,"max_hp_per_floor":[80,80,80,80,80,80,80,80,80,80,80,80,80,80,80,80,80,80,80,80,80,80,80,80,80,83,83,86,86,86,86,86,86,86,86,86,86,86,86,86,86,86,86,86,86,89,92,95,95,98,98,98,98,98,101,101,101,101,101,101,101,101,101,101,101,101,101,101],"card_choices":[{"not_picked":["Perfected Strike","Body Slam"],"picked":"Pommel Strike","floor":1},{"not_picked":["Iron Wave","StuffTheSpire:Incineration"],"picked":"Flex","floor":5},{"not_picked":["Dual Wield","Twin Strike","Armaments"],"picked":"SKIP","floor":7},{"not_picked":["StuffTheSpire:RockThrow","Run Through","Sword Boomerang"],"picked":"SKIP","floor":8},{"not_picked":["Warcry","True Grit","ReplayTheSpireMod:Strike From Hell"],"picked":"SKIP","floor":10},{"not_picked":["Uppercut","Armaments"],"picked":"Spot Weakness","floor":11},{"not_picked":["Reaper","Clash"],"picked":"Immolate","floor":13},{"not_picked":["Second Wind","Havoc"],"picked":"Flex","floor":14},{"not_picked":["Bludgeon","Juggernaut"],"picked":"Limit Break","floor":16},{"not_picked":["Armaments","Havoc","Perfected Strike+1"],"picked":"SKIP","floor":18},{"not_picked":["Power Through+1","Pommel Strike","Thunderclap"],"picked":"SKIP","floor":20},{"not_picked":["StuffTheSpire:Slingshot","Replay:Undeath\u0027s Touch","Warcry"],"picked":"SKIP","floor":23},{"not_picked":["Uppercut","Havoc","Body Slam"],"picked":"ReplayRNGCard","floor":26},{"not_picked":["Second Wind","Cleave","Clawfect:ClawSnap"],"picked":"Heavy Blade","floor":28},{"not_picked":["hubris:SharpeningStone+1","infinitespire:OneForAll","StuffTheSpire:Incineration","Tempest"],"picked":"SKIP","floor":31},{"not_picked":["hubris:SharpeningStone+1","infinitespire:OneForAll","StuffTheSpire:Incineration","Tempest"],"picked":"SKIP","floor":31},{"not_picked":["conspire:Charge+1","True Grit+1","StuffTheSpire:Incineration","Fusion"],"picked":"SKIP","floor":35},{"not_picked":["Replay:Undeath\u0027s Touch+1","hubris:CleavingFinish+1","hubris:ReadiedAction+1","conspire:Rain"],"picked":"SKIP","floor":36},{"not_picked":["Replay:Undeath\u0027s Touch+1","hubris:CleavingFinish+1","hubris:ReadiedAction+1","conspire:Rain"],"picked":"SKIP","floor":36},{"not_picked":["Flex","Brutality","Intimidate","StuffTheSpire:ShieldGenerator"],"picked":"SKIP","floor":41},{"not_picked":["Iron Wave","Wild Strike","Berserk","Gash"],"picked":"SKIP","floor":42},{"not_picked":["hubris:ReadiedAction+1","Anger+1","Defy Death+1","FTL"],"picked":"SKIP","floor":44},{"not_picked":["Armaments","Dark Embrace","Massacre","Steam Power"],"picked":"SKIP","floor":46},{"not_picked":["Wild Strike","Battle Trance","Redo"],"picked":"Rage+1","floor":47},{"not_picked":["Warcry+1","Armaments","Redo"],"picked":"Heavy Blade+1","floor":48},{"not_picked":["Double Tap","Barricade","StuffTheSpire:EventHorizon"],"picked":"Demon Form","floor":50},{"not_picked":["Dark Embrace","Wild Strike","Warcry","StuffTheSpire:LoadUp"],"picked":"SKIP","floor":52},{"not_picked":["Twin Strike","conspire:Charge","Dark Embrace","Chill"],"picked":"SKIP","floor":53},{"not_picked":["Thunderclap","Feel No Pain","Spot Weakness","Turbo"],"picked":"SKIP","floor":54},{"not_picked":["Warcry","Headbutt","Conserve Battery"],"picked":"Heavy Blade","floor":55},{"not_picked":["Limit Break","Cleave","Headbutt","Double Energy"],"picked":"SKIP","floor":58},{"not_picked":["Armaments","hubris:ReadiedAction","Combust","Clawfect:Clawrage"],"picked":"SKIP","floor":61},{"not_picked":["Clash","Headbutt","Clothesline","hubris:SpecializedCircuitry"],"picked":"SKIP","floor":62},{"not_picked":["Clash","Headbutt","Clothesline","hubris:SpecializedCircuitry"],"picked":"SKIP","floor":62},{"not_picked":["Battle Trance","Run Through","Thunderclap","Steam Power"],"picked":"SKIP","floor":63},{"not_picked":["Replay:Many Hands","ReplayTheSpireMod:Corrosion Curse","Flex","Storm"],"picked":"SKIP","floor":64},{"not_picked":["Twin Strike","StuffTheSpire:TitanForm","Perfected Strike","ReplayTheSpireMod:Repulse"],"picked":"SKIP","floor":65}],"player_experience":226225,"relics_obtained":[{"floor":7,"key":"Simple Rune"},{"floor":9,"key":"Tiny Chest"},{"floor":11,"key":"Bag of Preparation"},{"floor":13,"key":"aspiration:ChemicalBlood"},{"floor":14,"key":"Replay:Baseball"},{"floor":23,"key":"hubris:DisguiseKit"},{"floor":26,"key":"Replay:Ringing Soul"},{"floor":31,"key":"Sundial"},{"floor":39,"key":"Another Sword"},{"floor":39,"key":"Replay:Arrowhead"},{"floor":42,"key":"Replay:Bandana"},{"floor":43,"key":"infinitespire:EmpoweringShard"},{"floor":48,"key":"Unceasing Top"},{"floor":60,"key":"hubris:SlimyHat"},{"floor":64,"key":"War Paint"}],"event_choices":[{"damage_healed":0,"gold_gain":175,"player_choice":"AGREE","damage_taken":114,"max_hp_gain":0,"max_hp_loss":0,"event_name":"betterThird:BetterSerpent","floor":2,"gold_loss":0},{"damage_healed":0,"gold_gain":0,"player_choice":"Got Potions","damage_taken":0,"max_hp_gain":0,"max_hp_loss":0,"event_name":"Lab","floor":4,"gold_loss":0},{"cards_removed":["Defend_R"],"damage_healed":0,"gold_gain":0,"player_choice":"Purged","damage_taken":0,"max_hp_gain":0,"max_hp_loss":0,"event_name":"Purifier","floor":19,"gold_loss":0},{"damage_healed":0,"gold_gain":0,"player_choice":"Copied","damage_taken":0,"max_hp_gain":0,"max_hp_loss":0,"event_name":"Duplicator","floor":22,"gold_loss":0,"cards_obtained":["Strike_R"]},{"damage_healed":0,"gold_gain":0,"player_choice":"Gave Potion","damage_taken":0,"relics_obtained":["Oddly Smooth Stone"],"max_hp_gain":0,"max_hp_loss":0,"event_name":"WeMeetAgain","floor":56,"gold_loss":0}],"is_beta":false,"boss_relics":[{"not_picked":["Coffee Dripper","halation:SmartPhone"],"picked":"Ectoplasm"},{"not_picked":["Electric Blood","Replay:Fungal Core"],"picked":"Velvet Choker"},{"not_picked":["Replay:Drink Me","conspire:SlowCooker","hubris:VirtuousBlindfold"]}],"items_purged_floors":[21],"is_endless":true,"potions_floor_spawned":[1,5,11,20,23,35,41,47,48,50,54,55,58,61],"killed_by":"Hexaghost","ascension_level":1}}