{"host":"ufl0k2so27eic2iy","time":1610194098,"event":{"mods":["BaseMod","Minty Spire (QoL Compilation)","StSLib","The Animator"],"gold_per_floor":[115,115,140,65,77,108,108,149,176,176,186,206,39,39,39,114,114,142,142,61,0,34,34,67,67,67,102,102,102,152,152,152],"floor_reached":31,"playtime":1070,"items_purged":["animator:Strike"],"score":601,"play_id":"2ea91031-8f8e-4f8f-a913-1e9d850eefa8","local_time":"20210109120818","is_ascension_mode":true,"campfire_choices":[{"data":"animator:LeleiLaLalena","floor":7,"key":"SMITH"},{"data":"animator:Lancer","floor":10,"key":"SMITH"},{"data":"animator:Zero","floor":15,"key":"SMITH"},{"floor":23,"key":"REST"},{"floor":25,"key":"REST"},{"floor":29,"key":"REST"}],"circlet_count":0,"master_deck":["AscendersBane","animator:Strike_GATE","animator:Defend_GATE","animator:Defend","animator:Defend","animator:Defend","animator:TukaLunaMarceau","animator:Kuribayashi","animator:IrohaTamaki+1","animator:LeleiLaLalena+1","animator:RoyMustang+1","animator:YaoHaDucy","animator:Lancer+1","animator:DolaCouronne","animator:YaoHaDucy","animator:Zero+1","animator:Saber","animator:Tyuule","animator:GuildGirl","animator:Gillette","animator:Caster","animator:LeleiLaLalena","animator:Arpeggio"],"relics":["animator:LivingPicture","animator:TheMissingPiece","Whetstone","Art of War","Strawberry","Philosopher\u0027s Stone","animator:ShionDessert"],"acts_visited":["Exordium","TheCity"],"potions_floor_usage":[6,16,24,27],"damage_taken":[{"damage":2,"enemies":"Jaw Worm","floor":1,"turns":5},{"damage":3,"enemies":"2 Louse","floor":3,"turns":4},{"damage":0,"enemies":"Small Slimes","floor":5,"turns":6},{"damage":4,"enemies":"Lagavulin","floor":6,"turns":10},{"damage":28,"enemies":"Gremlin Nob","floor":8,"turns":5},{"damage":1,"enemies":"2 Fungi Beasts","floor":11,"turns":3},{"damage":1,"enemies":"3 Louse","floor":12,"turns":5},{"damage":0,"enemies":"Slime Boss","floor":16,"turns":7},{"damage":22,"enemies":"2 Thieves","floor":18,"turns":4},{"damage":6,"enemies":"Spheric Guardian","floor":22,"turns":6},{"damage":29,"enemies":"Slavers","floor":24,"turns":5},{"damage":13,"enemies":"Book of Stabbing","floor":27,"turns":5},{"damage":6,"enemies":"Centurion and Healer","floor":31,"turns":4}],"seed_played":"-2574559740149497094","potions_obtained":[{"floor":3,"key":"Fire Potion"},{"floor":6,"key":"SkillPotion"},{"floor":8,"key":"Ancient Potion"},{"floor":12,"key":"CultistPotion"},{"floor":24,"key":"PowerPotion"},{"floor":27,"key":"SneckoOil"}],"is_trial":false,"path_per_floor":["M","?","M","?","M","E","R","E","T","R","M","M","$","?","R","B",null,"M","?","$","?","M","R","E","R","T","E","?","R","?","M"],"character_chosen":"THE_ANIMATOR","items_purchased":["animator:Zero","animator:GuildGirl","animator:Gillette"],"campfire_rested":3,"item_purchase_floors":[13,20,20],"current_hp_per_floor":[58,51,48,48,48,45,45,17,24,24,23,22,22,22,22,23,62,40,19,19,19,13,37,8,32,32,20,20,44,44,38,38],"gold":152,"neow_bonus":"TEN_PERCENT_HP_BONUS","is_daily":false,"chose_seed":false,"campfire_upgraded":3,"win_rate":0.0,"timestamp":1610194098,"path_taken":["M","?","M","?","M","E","R","E","T","R","M","M","$","?","R","BOSS","M","?","$","?","M","R","E","R","T","E","?","R","?","M"],"items_purchased_type":["Card","Card","Card"],"build_version":"2020-12-22","purchased_purges":1,"victory":false,"max_hp_per_floor":[66,66,66,66,66,67,67,67,74,74,74,74,74,74,74,75,75,75,80,80,80,80,80,80,80,80,81,81,81,81,81,81],"card_choices":[{"not_picked":["animator:Caster","animator:Kuribayashi"],"picked":"animator:IrohaTamaki","floor":1},{"not_picked":["animator:Berserker","animator:Spearman"],"picked":"animator:LeleiLaLalena","floor":3},{"not_picked":["animator:Sloth","animator:Priestess"],"picked":"animator:RoyMustang","floor":5},{"not_picked":["animator:Kuribayashi","animator:LeleiLaLalena"],"picked":"animator:YaoHaDucy","floor":6},{"not_picked":["animator:ChaikaBohdan","animator:DolaRiku"],"picked":"animator:Lancer","floor":8},{"not_picked":["animator:ShinjiMatou","animator:Shiro"],"picked":"animator:DolaCouronne","floor":11},{"not_picked":["animator:LizardPriest","animator:Gillette"],"picked":"animator:YaoHaDucy","floor":12},{"not_picked":["animator:Father","animator:Sora"],"picked":"animator:Saber","floor":16},{"not_picked":["animator:LeleiLaLalena","animator:TukaLunaMarceau"],"picked":"animator:Tyuule","floor":18},{"not_picked":["animator:Kuribayashi","animator:KyokoSakura"],"picked":"animator:Caster","floor":22},{"not_picked":["animator:Greed","animator:Gillette"],"picked":"animator:LeleiLaLalena","floor":24},{"not_picked":["animator:AcuraTooru","animator:Guy"],"picked":"animator:Arpeggio","floor":27}],"player_experience":2425977,"relics_obtained":[{"floor":6,"key":"Whetstone"},{"floor":8,"key":"Art of War"},{"floor":9,"key":"Strawberry"},{"floor":24,"key":"animator:ShionDessert"}],"event_choices":[{"cards_removed":["animator:Strike"],"damage_healed":0,"gold_gain":0,"player_choice":"Card Removal","damage_taken":7,"max_hp_gain":0,"max_hp_loss":0,"event_name":"Golden Wing","floor":2,"gold_loss":0},{"cards_removed":["animator:Strike"],"damage_healed":0,"gold_gain":0,"player_choice":"Card Removal","damage_taken":0,"max_hp_gain":0,"max_hp_loss":0,"event_name":"The Cleric","floor":4,"gold_loss":75},{"damage_healed":0,"gold_gain":0,"player_choice":"Ignored","damage_taken":0,"max_hp_gain":0,"max_hp_loss":0,"event_name":"Liars Game","floor":14,"gold_loss":0},{"damage_healed":0,"gold_gain":0,"player_choice":"Shed Blood","damage_taken":26,"max_hp_gain":5,"max_hp_loss":0,"event_name":"Forgotten Altar","floor":19,"gold_loss":0},{"damage_healed":0,"gold_gain":0,"player_choice":"Paid Fearfully","damage_taken":0,"max_hp_gain":0,"max_hp_loss":0,"event_name":"Masked Bandits","floor":21,"gold_loss":61},{"damage_healed":0,"gold_gain":0,"player_choice":"Ignored","damage_taken":0,"max_hp_gain":0,"max_hp_loss":0,"event_name":"Vampires","floor":28,"gold_loss":0},{"damage_healed":0,"gold_gain":50,"player_choice":"Stole From Cult","damage_taken":0,"max_hp_gain":0,"max_hp_loss":0,"event_name":"Nest","floor":30,"gold_loss":0}],"is_beta":false,"boss_relics":[{"not_picked":["animator:RacePiece","animator:CursedBlade"],"picked":"Philosopher\u0027s Stone"}],"items_purged_floors":[13],"is_endless":false,"potions_floor_spawned":[3,6,8,12,24,27],"killed_by":"Centurion and Healer","ascension_level":15}}