{"host":"pszcj3piwl6eu8b1","time":1610151218,"event":{"mods":["2.2 Compatiblity","Act Like it!","Aspiration","BaseMod","Better Altar","Better Match","Better Note","Better Sensory Stone","Better Skull","Better Third Choice","Better Vampires","CCEM","Elementarium","Energized Spire","Gensokyo","GifTheSpireLib","Hallownest","Hubris","Marisa????????","Menagerie","Minty Spire (QoL Compilation)","Permanent Neow","Quarter Circle Forward PUNCH!","Quick Restart","Replay The Spire","Shop Mod","StSLib","Stuff the Spire","The Animator","The Blue Laboratory"],"gold_per_floor":[23,3,3,17,27,27,27,27,102,126,15,42,61,61,61,134,134,145,159,174,154,154,154],"floor_reached":22,"playtime":3186,"items_purged":["animator:Strike"],"score":356,"play_id":"0914a2b5-827b-4498-beda-fd01d446d0e5","local_time":"20210108161338","is_ascension_mode":true,"campfire_choices":[{"data":"animator:AcuraAkari","floor":6.0,"key":"SMITH"},{"data":"animator:Fredrika","floor":8.0,"key":"SMITH"},{"data":"animator:Viivi","floor":15.0,"key":"SMITH"}],"circlet_count":0,"master_deck":["AscendersBane","animator:Strike_HitsugiNoChaika","animator:Defend_HitsugiNoChaika","animator:Strike","animator:Strike","animator:Defend","animator:Defend","animator:Defend","animator:AcuraAkari+1","animator:Gillette","animator:Fredrika+1","animator:Layla","animator:Viivi+1","animator:Souei","animator:TukaLunaMarceau","animator:Shiro","animator:Gillette+1","animator:Tet","Elementarium:GildedEssence"],"relics":["animator:LivingPicture","animator:TheMissingPiece","animator:PurgingStone","Snack Pack","hubris:Towel","hubris:Backtick","MiniHakkero"],"acts_visited":["Menagerie:Menagerie","Elementarium:Elementarium"],"potions_floor_usage":[],"damage_taken":[{"damage":2.0,"enemies":"Menagerie:WhisperingWraith","floor":1.0,"turns":4.0},{"damage":0.0,"enemies":"Menagerie:2_RABBITS","floor":4.0,"turns":3.0},{"damage":0.0,"enemies":"Menagerie:MonstrousExperiment","floor":5.0,"turns":4.0},{"damage":8.0,"enemies":"Menagerie:3_RABBITS","floor":10.0,"turns":4.0},{"damage":5.0,"enemies":"Menagerie:KEEPER_AND_YOUNG_SUNEATER","floor":12.0,"turns":4.0},{"damage":1.0,"enemies":"Menagerie:DREAD_MOTH_AND_GRAFTED_WORMS","floor":13.0,"turns":3.0},{"damage":5.0,"enemies":"Menagerie:Chimera","floor":16.0,"turns":6.0},{"damage":5.0,"enemies":"Elementarium:2_ELEMENTALS","floor":18.0,"turns":4.0},{"damage":34.0,"enemies":"Elementarium:MUD_AND_TAR_GOLEMS","floor":19.0,"turns":5.0},{"damage":21.0,"enemies":"Elementarium:VOID_CORRUPTION_AND_ORB_OF_FIRE","floor":20.0,"turns":8.0},{"damage":18,"enemies":"Elementarium:STONE_GOLEMS","floor":22,"turns":3}],"seed_played":"-2555964866826696005","potions_obtained":[{"floor":10.0,"key":"blueLaboratory:LouseDecoction"},{"floor":12.0,"key":"Block Potion"},{"floor":13.0,"key":"AttackPotion"},{"floor":18.0,"key":"Milkshake"}],"is_trial":false,"path_per_floor":["M","?","?","M","M","R","$","R","T","M","$","M","M","?","R","B",null,"M","M","M","?","M"],"character_chosen":"THE_ANIMATOR","items_purchased":["animator:Souei"],"campfire_rested":0,"item_purchase_floors":[11],"current_hp_per_floor":[64,64,64,64,65,65,65,65,65,57,57,54,55,55,55,60,70,65,33,16,16,0,0],"gold":154,"neow_bonus":"TWENTY_PERCENT_HP_BONUS","is_daily":false,"chose_seed":false,"campfire_upgraded":3,"win_rate":0.0,"timestamp":1610151218,"path_taken":["M","?","?","M","M","R","$","R","T","M","?","M","?","?","R","BOSS","M","M","M","?","M"],"items_purchased_type":["Card"],"build_version":"2020-12-22","purchased_purges":1,"victory":false,"max_hp_per_floor":[72,72,72,72,73,73,73,73,73,73,73,73,73,73,73,73,73,73,73,73,73,73,73],"card_choices":[{"not_picked":["animator:Sloth","animator:Entoma"],"picked":"animator:Fredrika","floor":1.0},{"not_picked":["animator:Aisha","animator:Togame","animator:DolaSchwi"],"picked":"SKIP","floor":4.0},{"not_picked":["animator:Konayuki","animator:WinryRockbell"],"picked":"animator:Layla","floor":5.0},{"not_picked":["animator:Gillette","animator:Layla"],"picked":"animator:Viivi","floor":10.0},{"not_picked":["animator:DolaCouronne","animator:YachiyoNanami"],"picked":"animator:TukaLunaMarceau","floor":12.0},{"not_picked":["animator:Pride","animator:Cocytus","animator:Mikaela"],"picked":"SKIP","floor":13.0},{"not_picked":["animator:Envy","animator:Father"],"picked":"animator:Shiro","floor":16.0},{"not_picked":["animator:Azekura+1","animator:Assassin"],"picked":"animator:Gillette+1","floor":18.0},{"not_picked":["animator:Vesta+1","animator:EmiyaShirou"],"picked":"animator:Tet","floor":19.0},{"not_picked":["animator:Emonzaemon","animator:GuildGirl","animator:DolaRiku"],"picked":"SKIP","floor":20.0}],"player_experience":1364283,"relics_obtained":[{"floor":9.0,"key":"Snack Pack"}],"event_choices":[{"damage_healed":0.0,"max_hp_gain":0.0,"max_hp_loss":0.0,"gold_gain":0.0,"event_name":"Menagerie:MagicPeddler","player_choice":"Potion","floor":2.0,"gold_loss":20.0,"damage_taken":0.0,"relics_obtained":["blueLaboratory:EmptyBottle"]},{"damage_healed":0.0,"max_hp_gain":0.0,"max_hp_loss":0.0,"gold_gain":0.0,"event_name":"Menagerie:CorruptingLight","player_choice":"Ignored","floor":3.0,"gold_loss":0.0,"damage_taken":0.0},{"damage_healed":0.0,"max_hp_gain":0.0,"max_hp_loss":0.0,"gold_gain":0.0,"event_name":"Elementarium:OnrushingOffering","player_choice":"Toss","floor":21.0,"gold_loss":20.0,"damage_taken":0.0,"cards_obtained":["Elementarium:GildedEssence"]}],"is_beta":false,"boss_relics":[{"not_picked":["Pandora\u0027s Box","hubris:RunicObelisk"],"picked":"hubris:Backtick"}],"items_purged_floors":[11],"is_endless":false,"potions_floor_spawned":[10,12,13,18],"killed_by":"Elementarium:STONE_GOLEMS","ascension_level":20}}