{"host":"662n7794wuevbd4i","time":1610217785,"event":{"mods":["BaseMod","KOR Keyword Fix","Minty Spire (QoL Compilation)","StSLib","The Cursed","The Dragon Tamer","The Hierophant","The Poker Player"],"gold_per_floor":[111,111,111,111,128,157,157,171,171,188,188,188,78,253,253,381,381,404,418,7,20,20,53,53,86,163,163,262,262,262,32,32,162,162,186,61,80,100,123,123,167,167,190,190,190],"floor_reached":44,"playtime":1537,"items_purged":["Defend_R","Rupture","Havoc"],"score":574,"play_id":"fee869bb-8b41-4cc7-b481-0fe2f149632a","local_time":"20210110034305","is_ascension_mode":true,"campfire_choices":[{"data":"Sword Boomerang","floor":7.0,"key":"SMITH"},{"data":"Flame Barrier","floor":11.0,"key":"SMITH"},{"data":"Spot Weakness","floor":15.0,"key":"SMITH"},{"floor":24.0,"key":"REST"},{"data":"Flex","floor":27.0,"key":"SMITH"},{"data":"Limit Break","floor":29.0,"key":"SMITH"},{"floor":32.0,"key":"REST"},{"data":"Heavy Blade","floor":40.0,"key":"SMITH"}],"circlet_count":0,"master_deck":["Bash","Battle Trance","Sword Boomerang+1","Ghostly Armor","Pommel Strike+1","Flame Barrier+1","Injury","Spot Weakness+1","Doubt","Limit Break+1","Reckless Charge","Bloodletting","Power Through","Feed","Sword Boomerang+1","Heavy Blade+1","Flex+1","Evolve","Shrug It Off+1","Pommel Strike","Inflame+1","Entrench+1","Flex+1","Iron Wave+1","Armaments+1","Flex+1"],"relics":["Black Blood","NeowsBlessing","Prayer Wheel","Ice Cream","Du-Vu Doll","Golden Idol","Pandora\u0027s Box","Dream Catcher","Letter Opener","Bird Faced Urn","Toy Ornithopter","Toxic Egg 2","Bag of Marbles","MealTicket"],"acts_visited":["Exordium","TheCity","TheBeyond"],"potions_floor_usage":[44],"damage_taken":[{"damage":0.0,"enemies":"2 Louse","floor":1.0,"turns":1.0},{"damage":0.0,"enemies":"Jaw Worm","floor":5.0,"turns":1.0},{"damage":0.0,"enemies":"3 Sentries","floor":6.0,"turns":1.0},{"damage":0.0,"enemies":"Small Slimes","floor":8.0,"turns":3.0},{"damage":12.0,"enemies":"Looter","floor":10.0,"turns":3.0},{"damage":38.0,"enemies":"The Guardian","floor":16.0,"turns":10.0},{"damage":22.0,"enemies":"Spheric Guardian","floor":18.0,"turns":5.0},{"damage":17.0,"enemies":"Shell Parasite","floor":19.0,"turns":4.0},{"damage":26.0,"enemies":"Centurion and Healer","floor":21.0,"turns":9.0},{"damage":17.0,"enemies":"Gremlin Leader","floor":23.0,"turns":4.0},{"damage":6.0,"enemies":"Book of Stabbing","floor":25.0,"turns":3.0},{"damage":62.0,"enemies":"Automaton","floor":33.0,"turns":8.0},{"damage":4.0,"enemies":"Orb Walker","floor":35.0,"turns":2.0},{"damage":11.0,"enemies":"3 Shapes","floor":37.0,"turns":5.0},{"damage":67.0,"enemies":"Spire Growth","floor":38.0,"turns":6.0},{"damage":6.0,"enemies":"Transient","floor":39.0,"turns":5.0},{"damage":34.0,"enemies":"Reptomancer","floor":41.0,"turns":5.0},{"damage":56,"enemies":"Giant Head","floor":44,"turns":5}],"seed_played":"646018108211022829","potions_obtained":[{"floor":1.0,"key":"ColorlessPotion"},{"floor":16.0,"key":"SteroidPotion"},{"floor":33.0,"key":"Ancient Potion"},{"floor":38.0,"key":"Swift Potion"}],"is_trial":false,"path_per_floor":["M","?","?","?","M","E","R","M","T","M","R","?","$","?","R","B",null,"M","M","$","M","?","E","R","E","T","R","?","R","?","$","R","B",null,"M","$","M","M","M","R","E","?","T","E"],"character_chosen":"IRONCLAD","items_purchased":["Spot Weakness","Dream Catcher","Letter Opener","Evolve","Shrug It Off+1"],"campfire_rested":2,"item_purchase_floors":[13,20,20,31,31],"current_hp_per_floor":[80,80,80,73,79,80,80,80,80,74,74,74,74,74,74,42,80,64,53,53,33,33,22,46,46,46,46,46,46,46,46,70,19,83,83,83,86,33,43,43,30,30,30,0,0],"gold":190,"neow_bonus":"THREE_ENEMY_KILL","is_daily":false,"chose_seed":false,"campfire_upgraded":6,"win_rate":0.0,"timestamp":1610217785,"path_taken":["M","?","?","?","?","E","R","M","T","M","R","?","$","?","R","BOSS","M","M","$","M","?","E","R","E","T","R","?","R","?","$","R","BOSS","M","$","M","M","M","R","E","?","T","E"],"items_purchased_type":["Card","Relic","Relic","Card","Card"],"build_version":"2020-12-22","purchased_purges":3,"victory":false,"max_hp_per_floor":[80,80,80,80,80,80,80,80,80,80,80,80,80,80,80,80,80,80,80,80,80,80,80,80,80,80,80,80,80,80,80,80,83,83,83,83,86,86,86,86,86,86,86,86,86],"card_choices":[{"not_picked":["Second Wind","Searing Blow","Clash"],"picked":"SKIP","floor":1.0},{"not_picked":["Clothesline","Uppercut"],"picked":"Battle Trance","floor":5.0},{"not_picked":["Sentinel","Havoc"],"picked":"Sword Boomerang","floor":5.0},{"not_picked":["Clothesline","True Grit"],"picked":"Ghostly Armor","floor":6.0},{"not_picked":["Clash","Ghostly Armor"],"picked":"Pommel Strike","floor":8.0},{"not_picked":["Iron Wave","Wild Strike","Armaments"],"picked":"SKIP","floor":8.0},{"not_picked":["Sword Boomerang","Juggernaut"],"picked":"Flame Barrier","floor":10.0},{"not_picked":["Wild Strike","Perfected Strike","Clash"],"picked":"SKIP","floor":10.0},{"not_picked":["Brutality","Corruption"],"picked":"Limit Break","floor":16.0},{"not_picked":["Combust","Flame Barrier","Clothesline"],"picked":"SKIP","floor":18.0},{"not_picked":["Warcry","True Grit+1","Perfected Strike"],"picked":"SKIP","floor":18.0},{"not_picked":["Armaments","Dark Embrace"],"picked":"Sword Boomerang+1","floor":19.0},{"not_picked":["Feel No Pain","Armaments","Juggernaut"],"picked":"SKIP","floor":19.0},{"not_picked":["Clothesline+1","Wild Strike"],"picked":"Heavy Blade","floor":21.0},{"not_picked":["Metallicize","Second Wind","Disarm"],"picked":"SKIP","floor":21.0},{"not_picked":["Perfected Strike","Feed","Body Slam"],"picked":"SKIP","floor":23.0},{"not_picked":["Iron Wave","Shrug It Off"],"picked":"Flex","floor":24.0},{"not_picked":["Intimidate+1","Thunderclap","Anger"],"picked":"SKIP","floor":25.0},{"not_picked":["Feel No Pain","Uppercut"],"picked":"Pommel Strike","floor":32.0},{"not_picked":["Flex+1","Pummel+1"],"picked":"Inflame+1","floor":35.0},{"not_picked":["Wild Strike","Pummel","Shockwave+1"],"picked":"SKIP","floor":35.0},{"not_picked":["Intimidate+1","Wild Strike"],"picked":"Entrench+1","floor":37.0},{"not_picked":["Flame Barrier+1","Carnage","Anger"],"picked":"SKIP","floor":37.0},{"not_picked":["Sentinel+1","Intimidate+1"],"picked":"Flex+1","floor":38.0},{"not_picked":["Wild Strike","Sword Boomerang"],"picked":"Iron Wave+1","floor":38.0},{"not_picked":["Shrug It Off+1","Pommel Strike+1"],"picked":"Armaments+1","floor":39.0},{"not_picked":["Evolve","Sentinel+1","Feed"],"picked":"SKIP","floor":39.0},{"not_picked":["Pummel+1","Warcry+1"],"picked":"Flex+1","floor":41.0}],"player_experience":137245,"relics_obtained":[{"floor":6.0,"key":"Ice Cream"},{"floor":9.0,"key":"Du-Vu Doll"},{"floor":23.0,"key":"Bird Faced Urn"},{"floor":25.0,"key":"Toy Ornithopter"},{"floor":26.0,"key":"Toxic Egg 2"},{"floor":41.0,"key":"Bag of Marbles"},{"floor":43.0,"key":"MealTicket"}],"event_choices":[{"damage_healed":0.0,"max_hp_gain":0.0,"max_hp_loss":0.0,"gold_gain":0.0,"event_name":"Big Fish","player_choice":"Box","floor":2.0,"gold_loss":0.0,"damage_taken":0.0,"relics_obtained":["Prayer Wheel"],"cards_obtained":["Regret"]},{"cards_removed":["Regret"],"damage_healed":0.0,"max_hp_gain":0.0,"max_hp_loss":0.0,"gold_gain":0.0,"event_name":"Living Wall","player_choice":"Forget","floor":3.0,"gold_loss":0.0,"damage_taken":0.0},{"cards_removed":["Strike_R"],"damage_healed":0.0,"max_hp_gain":0.0,"max_hp_loss":0.0,"gold_gain":0.0,"event_name":"Golden Wing","player_choice":"Card Removal","floor":4.0,"gold_loss":0.0,"damage_taken":7.0},{"damage_healed":0.0,"max_hp_gain":0.0,"max_hp_loss":0.0,"gold_gain":0.0,"event_name":"Golden Idol","player_choice":"Take Wound","floor":12.0,"gold_loss":0.0,"damage_taken":0.0,"relics_obtained":["Golden Idol"],"cards_obtained":["Injury"]},{"damage_healed":0.0,"max_hp_gain":0.0,"max_hp_loss":0.0,"gold_gain":175.0,"event_name":"Liars Game","player_choice":"AGREE","floor":14.0,"gold_loss":0.0,"damage_taken":0.0,"cards_obtained":["Doubt"]},{"cards_removed":["Sever Soul"],"damage_healed":0.0,"max_hp_gain":0.0,"max_hp_loss":0.0,"gold_gain":0.0,"event_name":"Back to Basics","player_choice":"Elegance","floor":22.0,"gold_loss":0.0,"damage_taken":0.0},{"damage_healed":0.0,"max_hp_gain":0.0,"max_hp_loss":0.0,"gold_gain":99.0,"event_name":"Nest","player_choice":"Stole From Cult","floor":28.0,"gold_loss":0.0,"damage_taken":0.0},{"damage_healed":0.0,"max_hp_gain":0.0,"max_hp_loss":0.0,"gold_gain":0.0,"event_name":"Accursed Blacksmith","player_choice":"Forge","floor":30.0,"gold_loss":0.0,"damage_taken":0.0,"cards_upgraded":["Pommel Strike"]},{"damage_healed":0.0,"max_hp_gain":0.0,"max_hp_loss":0.0,"gold_gain":0.0,"event_name":"The Woman in Blue","player_choice":"Bought 0 Potions","floor":42.0,"gold_loss":0.0,"damage_taken":0.0}],"is_beta":false,"boss_relics":[{"not_picked":["SacredBark","Fusion Hammer"],"picked":"Pandora\u0027s Box"},{"not_picked":["Runic Pyramid","Philosopher\u0027s Stone"],"picked":"Black Blood"}],"items_purged_floors":[13,31,36],"is_endless":false,"potions_floor_spawned":[1,16,33,38],"killed_by":"Giant Head","ascension_level":2}}