{"host":"vlqejv0notyktumz","time":1610219999,"event":{"mods":["AchievementEnabler","BaseMod","Googly Eyes","Minty Spire (QoL Compilation)"],"gold_per_floor":[112,112,125,125,125,166,166,201,240,37,50,63,88,101,101,231,294,317,310,47,47,47],"floor_reached":21,"playtime":648,"items_purged":["Strike_P","Defend_P"],"score":306,"play_id":"881cd660-f0cc-4fd3-952f-e7b9da626d7f","local_time":"20210109131959","is_ascension_mode":true,"campfire_choices":[{"data":"Vigilance","floor":7,"key":"SMITH"},{"data":"Eruption","floor":15,"key":"SMITH"}],"circlet_count":0,"master_deck":["Strike_P","Strike_P","Defend_P","Defend_P","Defend_P","Eruption+1","Vigilance+1","Adaptation","EmptyBody","Brilliance+1","Wallop","MentalFortress","Prostrate","EmptyFist","BattleHymn","Devotion","Sanctity","Tantrum","Indignation","Brilliance"],"relics":["PureWater","NeowsBlessing","Golden Idol","Oddly Smooth Stone","MawBank","Blood Vial","Tiny House"],"acts_visited":["Exordium","TheCity"],"potions_floor_usage":[8,14,16,18,18,19],"damage_taken":[{"damage":0,"enemies":"Jaw Worm","floor":1,"turns":1},{"damage":0,"enemies":"2 Louse","floor":3,"turns":2},{"damage":0,"enemies":"Lagavulin","floor":6,"turns":1},{"damage":28,"enemies":"3 Sentries","floor":8,"turns":9},{"damage":0,"enemies":"Cultist","floor":11,"turns":3},{"damage":0,"enemies":"2 Fungi Beasts","floor":12,"turns":4},{"damage":0,"enemies":"Looter","floor":13,"turns":4},{"damage":6,"enemies":"Exordium Thugs","floor":14,"turns":6},{"damage":0,"enemies":"Slime Boss","floor":16,"turns":4},{"damage":12,"enemies":"Shell Parasite","floor":18,"turns":5},{"damage":3,"enemies":"2 Thieves","floor":19,"turns":4},{"damage":64,"enemies":"3 Cultists","floor":21,"turns":5}],"seed_played":"-6752879693379073651","potions_obtained":[{"floor":3,"key":"PowerPotion"},{"floor":6,"key":"FearPotion"},{"floor":12,"key":"Explosive Potion"},{"floor":16,"key":"Energy Potion"},{"floor":17,"key":"Swift Potion"},{"floor":18,"key":"BottledMiracle"}],"is_trial":false,"path_per_floor":["M","?","M","?","?","E","R","E","T","$","M","M","M","M","R","B",null,"M","M","$","M"],"character_chosen":"WATCHER","items_purchased":["MentalFortress","Prostrate","EmptyFist","Brilliance"],"campfire_rested":0,"item_purchase_floors":[10,10,10,20],"current_hp_per_floor":[72,65,65,65,65,65,65,37,37,37,39,41,43,39,39,41,72,60,59,59,0,0],"gold":47,"neow_bonus":"THREE_ENEMY_KILL","is_daily":false,"chose_seed":false,"campfire_upgraded":2,"win_rate":0.0,"timestamp":1610219999,"path_taken":["M","?","M","?","?","E","R","E","T","$","M","M","M","M","R","BOSS","M","?","$","M"],"items_purchased_type":["Card","Card","Card","Card"],"build_version":"2020-12-22","purchased_purges":2,"victory":false,"max_hp_per_floor":[72,72,72,67,67,67,67,67,67,67,67,67,67,67,67,67,72,72,72,72,72,72],"card_choices":[{"not_picked":["SashWhip","Collect"],"picked":"Adaptation","floor":1},{"not_picked":["MentalFortress","FollowUp"],"picked":"EmptyBody","floor":3},{"not_picked":["Fasting2","SashWhip"],"picked":"Brilliance","floor":6},{"not_picked":["Study","FlurryOfBlows"],"picked":"Wallop","floor":8},{"not_picked":["InnerPeace","Evaluate","JustLucky"],"picked":"SKIP","floor":11},{"not_picked":["BowlingBash","EmptyFist","InnerPeace"],"picked":"SKIP","floor":12},{"not_picked":["FlurryOfBlows","SandsOfTime"],"picked":"BattleHymn","floor":13},{"not_picked":["Evaluate","SashWhip","Sanctity"],"picked":"SKIP","floor":14},{"not_picked":["Establishment","Ragnarok"],"picked":"Devotion","floor":16},{"not_picked":["Wireheading","CutThroughFate"],"picked":"Sanctity","floor":17},{"not_picked":["PathToVictory","ForeignInfluence"],"picked":"Tantrum","floor":18},{"not_picked":["Swivel+1","ThirdEye"],"picked":"Indignation","floor":19}],"player_experience":311929,"relics_obtained":[{"floor":6,"key":"Oddly Smooth Stone"},{"floor":8,"key":"MawBank"},{"floor":9,"key":"Blood Vial"}],"event_choices":[{"cards_removed":["Strike_P"],"damage_healed":0,"gold_gain":0,"player_choice":"Card Removal","damage_taken":7,"max_hp_gain":0,"max_hp_loss":0,"event_name":"Golden Wing","floor":2,"gold_loss":0},{"damage_healed":0,"gold_gain":0,"player_choice":"Lose Max HP","damage_taken":0,"relics_obtained":["Golden Idol"],"max_hp_gain":0,"max_hp_loss":5,"event_name":"Golden Idol","floor":4,"gold_loss":0},{"damage_healed":0,"gold_gain":0,"player_choice":"Bought 0 Potions","damage_taken":0,"max_hp_gain":0,"max_hp_loss":0,"event_name":"The Woman in Blue","floor":5,"gold_loss":0}],"is_beta":false,"boss_relics":[{"not_picked":["Snecko Eye","SacredBark"],"picked":"Tiny House"}],"items_purged_floors":[10,20],"is_endless":false,"potions_floor_spawned":[3,6,12,16,18],"killed_by":"3 Cultists","ascension_level":3}}