{"host":"aav8addp4mncoxty","time":1610170924,"event":{"mods":["AchievementEnabler","Act Like it!","BaseMod","CapriCore","GungeonMod","Hallownest","Hermit","Koishi","Lobotomy","Marisa£¨Ùöéë¡¡Øª×âÞÞ£©","Minty Spire (QoL Compilation)","Reimu£¨ÚÏ???£©","Replay The Spire","StSLib","Td1madao Mod","The Animator","The Bug Knight","The Cursed","The Jungle","The Runesmith","WarShipGirlsR/??á´Ò³R mod"],"gold_per_floor":[117,127,127,127,144,144,162,162,189,189,23,52,64,76,76,175,175,189,189,189,257,299,299,354,394,394,394,419,452,490,522,534,534],"floor_reached":32,"playtime":3924,"items_purged":[],"score":316,"play_id":"6cb6cfa6-ec43-4d31-8fcf-3406953b049a","local_time":"20210109144204","is_ascension_mode":false,"campfire_choices":[{"data":"Chip","floor":6,"key":"SMITH"},{"data":"Twin Teeth","floor":8,"key":"SMITH"},{"floor":15,"key":"REST"},{"data":"Twin Teeth","floor":23,"key":"SMITH"},{"data":"Provocative","floor":27,"key":"SMITH"}],"circlet_count":0,"master_deck":["Strike_C","Strike_C","Strike_C","Strike_C","Defend_C","Defend_C","Defend_C+1","Knight Kick","Chip+1","Oblique Hack","GreedKing","Fixing","ShyLook","Black Spear","OldLady","Twin Teeth+1","Rupture","Floating Swing Kick","Here Defend Chip","OSAHOGD","Sub Weapons","Overclocking","Bloodbath","Fixing","Wellcheers","Shame","Afterwards","Twin Teeth+1","Preloading","Defend System+1","Provocative+1","Sub Weapons","Bugfix","UniverseFragment","Fixing+1","Machining","GalaxyChild"],"relics":["Apod","CogitoBucket","Hallownest:DreamNailRelic","Bronze Scales","Potion Belt","Honey Jar","theJungle:PaperFaux","theJungle:BirthdayCakeSlice","Replay:Bandana","Oddly Smooth Stone"],"acts_visited":["Exordium","Hallownest:Greenpath","theJungle:Jungle"],"potions_floor_usage":[5,13,13,13,18,22,22,24,25,31,32],"damage_taken":[{"damage":0,"enemies":"Hallownest:2_Baldur","floor":1,"turns":6},{"damage":8,"enemies":"Hallownest:monsterHuskGuard","floor":2,"turns":5},{"damage":7,"enemies":"2_ Uuma","floor":5,"turns":6},{"damage":6,"enemies":"Hallownest:1_Ooma_and_2_Uuma","floor":7,"turns":6},{"damage":0,"enemies":"Hallownest:eliteVengeflyKing","floor":12,"turns":3},{"damage":28,"enemies":"Hallownest:monsterMossCharger","floor":13,"turns":5},{"damage":9,"enemies":"Hallownest:monsterFoolEater","floor":14,"turns":3},{"damage":27,"enemies":"Hallownest:BossBrokenVessel","floor":16,"turns":9},{"damage":0,"enemies":"theJungle:Flameango_and_Byrd","floor":18,"turns":4},{"damage":3,"enemies":"theJungle:GiantWrat","floor":22,"turns":4},{"damage":14,"enemies":"theJungle:2_Phrogs","floor":24,"turns":13},{"damage":19,"enemies":"theJungle:SlimyTreeVines","floor":25,"turns":12},{"damage":0,"enemies":"DemoMod:Veteran_shot_gun_kin_and_bullet_kin","floor":28,"turns":2},{"damage":7,"enemies":"DemoMod:Red_and_blue_shotgun_kin","floor":29,"turns":2},{"damage":20,"enemies":"DemoMod:Veteran_shot_gun_kin_and_blue_shotgun_kin_with_gunsinger","floor":30,"turns":3},{"damage":27,"enemies":"DemoMod:Red_and_blue_shotgun_kin_with_gunsinger","floor":31,"turns":2},{"damage":26,"enemies":"DemoMod:Veteran_shot_gun_kin_and_blue_shotgun_kin","floor":32,"turns":1}],"seed_played":"-7648679315285348352","potions_obtained":[{"floor":2,"key":"BlessingOfTheForge"},{"floor":7,"key":"Fire Potion"},{"floor":12,"key":"Swift Potion"},{"floor":14,"key":"Energy Potion"},{"floor":16,"key":"Weak Potion"},{"floor":18,"key":"AttackPotion"},{"floor":21,"key":"FearPotion"},{"floor":22,"key":"ZuzhouPotion:ReiMu"},{"floor":29,"key":"BlessingOfTheForge"},{"floor":31,"key":"GamblersBrew"}],"is_trial":false,"path_per_floor":["M","M","?","?","M","R","M","R","T","?","$","E","M","M","R","B",null,"M","?","?","?","M","R","E","M","T","R","M","M","M","M","M"],"character_chosen":"TD1MADAO_CLASS","items_purchased":["DemoMod:GnawedKey","Adrenaline Potion"],"campfire_rested":1,"item_purchase_floors":[11,11],"current_hp_per_floor":[70,62,62,62,55,55,49,49,49,49,49,49,21,12,33,6,70,70,70,75,75,75,75,71,69,75,75,75,68,52,26,0,0],"gold":534,"neow_bonus":"","is_daily":false,"chose_seed":false,"campfire_upgraded":4,"win_rate":0.0,"timestamp":1610170924,"path_taken":["M","M","?","?","M","R","M","R","T","?","$","E","M","M","R","BOSS","M","?","?","?","M","R","E","M","T","R","M","M","M","M","M"],"items_purchased_type":["Relic","Potion"],"build_version":"2020-12-22","purchased_purges":0,"victory":false,"max_hp_per_floor":[70,70,70,70,70,70,70,70,70,70,70,70,70,70,70,70,70,70,70,75,75,75,75,75,75,75,75,75,75,75,75,75,75],"card_choices":[{"not_picked":["Break Into","Cursed Blade"],"picked":"Oblique Hack","floor":1},{"not_picked":["ShyLook","MeatLantern"],"picked":"GreedKing","floor":1},{"not_picked":["Oblique Hack","Black Execution"],"picked":"Fixing","floor":2},{"not_picked":["CrumblingArmor","Scorched"],"picked":"ShyLook","floor":2},{"not_picked":["Load Balancing","Three Hit"],"picked":"Black Spear","floor":5},{"not_picked":["Porccubus","MHz"],"picked":"OldLady","floor":5},{"not_picked":["Black Shadow","Paralysis"],"picked":"Twin Teeth","floor":7},{"not_picked":["Defend System","Thunder Jump"],"picked":"Floating Swing Kick","floor":12},{"not_picked":["Load Balancing","Afterwards"],"picked":"Here Defend Chip","floor":13},{"not_picked":["Scorched","CENSORED"],"picked":"OSAHOGD","floor":13},{"not_picked":["Paralysis","Reinforcement Parts"],"picked":"Sub Weapons","floor":14},{"not_picked":["Pod Laser","Chip Synthesis"],"picked":"Overclocking","floor":16},{"not_picked":["Scarecrow","MHz"],"picked":"Bloodbath","floor":16},{"not_picked":["Gravity Defend","Black Dance","Three Hit"],"picked":"Fixing","floor":18},{"not_picked":["BodiesMountain","MeatLantern"],"picked":"Wellcheers","floor":18},{"not_picked":["Coercion","Here Defend Chip","Floating Swing Kick"],"picked":"Afterwards","floor":21},{"not_picked":["Black Shadow","Transfer Energy","Here Defend Chip"],"picked":"Twin Teeth","floor":21},{"not_picked":["Black Shadow","Black Dance+1","Trader"],"picked":"Preloading","floor":22},{"not_picked":["Floating Even","Pod Fire","Fixing+1"],"picked":"Defend System+1","floor":24},{"not_picked":["Fire Up","Transfer Energy","Cooling Song"],"picked":"Provocative","floor":25},{"not_picked":["Pod Fire","Fixing+1","Three Hit+1"],"picked":"Sub Weapons","floor":28},{"not_picked":["Ruin Defend+1","Coercion","Resistance+1"],"picked":"Bugfix","floor":29},{"not_picked":["MHz","Scorched"],"picked":"UniverseFragment","floor":29},{"not_picked":["Floating Swing Kick","Three Hit+1","Pod Fire"],"picked":"Fixing+1","floor":30},{"not_picked":["Format All Data","Fixing+1","Rupture"],"picked":"Machining","floor":31},{"not_picked":["SpiderBud","Woodsman"],"picked":"GalaxyChild","floor":31}],"player_experience":218109,"relics_obtained":[{"floor":9,"key":"Bronze Scales"},{"floor":12,"key":"Potion Belt"},{"floor":21,"key":"Replay:Bandana"},{"floor":24,"key":"Oddly Smooth Stone"}],"event_choices":[],"is_beta":false,"boss_relics":[{"not_picked":["Coffee Dripper","Cursed Key"],"picked":"Honey Jar"}],"items_purged_floors":[],"is_endless":false,"potions_floor_spawned":[2,7,12,14,16,18,22,29,31],"killed_by":"DemoMod:Veteran_shot_gun_kin_and_blue_shotgun_kin","ascension_level":0}}