{"host":"ig7tc0uedzltt2sr","time":1610233661,"event":{"mods":["BaseMod","Better Twitch Integration","Block Reminder","Colored Map","Colored Powertips","Communication Mod","Current Relic Mod","GifTheSpireLib","HexUI Lib","Minty Spire (QoL Compilation)","Quick Restart","Random Character Button","Rare Cards Sparkle","Relic Sorter","Relic Stats","Slay the Relics Exporter","StSLib","SuperFastMode","Synergy Search","Twitch Decklist","Twitch Utils","everything is the same but u backflip on backflip","slay the spire mod where everything is the same but ironclad has a cowboy hat"],"gold_per_floor":[111,130,205,221,221,221,176,189,214,214,214],"floor_reached":10,"playtime":93,"items_purged":[],"score":58,"play_id":"ee99a5d8-92a1-44cb-aca7-7a971516eba8","local_time":"20210109150741","is_ascension_mode":false,"campfire_choices":[{"floor":6,"key":"RECALL"}],"circlet_count":0,"master_deck":["Strike_R","Strike_R","Strike_R","Strike_R","Strike_R","Defend_R","Defend_R","Defend_R","Defend_R","Bash","Sever Soul","Metallicize","Rupture","Dropkick"],"relics":["Burning Blood","Omamori"],"acts_visited":["Exordium"],"potions_floor_usage":[],"damage_taken":[{"damage":18,"enemies":"Jaw Worm","floor":1,"turns":10},{"damage":6,"enemies":"2 Louse","floor":2,"turns":6},{"damage":26,"enemies":"Cultist","floor":4,"turns":6},{"damage":6,"enemies":"Looter","floor":7,"turns":5},{"damage":20,"enemies":"2 Fungi Beasts","floor":8,"turns":9},{"damage":39,"enemies":"3 Sentries","floor":10,"turns":6}],"seed_played":"5187210908303351654","potions_obtained":[{"floor":1,"key":"Strength Potion"},{"floor":8,"key":"DistilledChaos"}],"is_trial":false,"path_per_floor":["M","M","?","M","?","R","M","M","T","E"],"character_chosen":"IRONCLAD","items_purchased":[],"campfire_rested":0,"item_purchase_floors":[],"current_hp_per_floor":[76,76,65,45,45,45,45,31,31,0,0],"gold":214,"neow_bonus":"TEN_PERCENT_HP_BONUS","is_daily":false,"chose_seed":false,"campfire_upgraded":0,"win_rate":0.0,"timestamp":1610233661,"path_taken":["M","M","?","M","?","R","M","M","T","E"],"items_purchased_type":[],"build_version":"2020-12-22","purchased_purges":0,"victory":false,"max_hp_per_floor":[88,88,88,88,88,88,88,88,88,88,88],"relic_stats":{"counters":[6,42],"obtain_stats":[{"Omamori":9,"Burning Blood":0},{"Omamori":5,"Burning Blood":0},{"Omamori":36,"Burning Blood":0}],"Burning Blood":30},"card_choices":[{"not_picked":["Flame Barrier","Shrug It Off"],"picked":"Sever Soul","floor":1},{"not_picked":["Twin Strike","Cleave","Disarm"],"picked":"SKIP","floor":2},{"not_picked":["Anger","Havoc"],"picked":"Metallicize","floor":4},{"not_picked":["Rage","Body Slam"],"picked":"Rupture","floor":7},{"not_picked":["Armaments","Carnage"],"picked":"Dropkick","floor":8}],"player_experience":1473427,"relics_obtained":[{"floor":9,"key":"Omamori"}],"event_choices":[{"damage_healed":0,"gold_gain":75,"player_choice":"Gather Gold","damage_taken":11,"max_hp_gain":0,"max_hp_loss":0,"event_name":"World of Goop","floor":3,"gold_loss":0},{"damage_healed":0,"gold_gain":0,"player_choice":"Ignored","damage_taken":0,"max_hp_gain":0,"max_hp_loss":0,"event_name":"Golden Wing","floor":5,"gold_loss":0}],"is_beta":false,"boss_relics":[],"items_purged_floors":[],"is_endless":false,"potions_floor_spawned":[1,8],"killed_by":"3 Sentries","ascension_level":0}}