{"host":"z9grmtg2w0nmz8n1","time":1610207570,"event":{"mods":["Aspiration","Bard","BaseMod","Beaked The Cultist","Better Altar","Better Match","Better Note","Better Sensory Stone","Better Skull","Better Third Choice","BetterRewards","CCEM","Colored Map","Conspire","Downfall","GifTheSpireLib","Googly Eyes","Halation","Hermit","Highlight Path","Hubris","Hunter ??","Jedi Mod","Jorbs\u0027s Wanderer Trilogy","Mad Scientist","Marisa????????","Minty Spire (QoL Compilation)","Permanent Neow","Replay The Spire","Shade Mod","Shop Mod","Spicy Shops","StSLib","Stuff the Spire","The Bug Knight","The Construct","The Necromancer","The Runesmith","The Witch"],"gold_per_floor":[109,109,119,119,129,159,159,81,81,56,68,101,116,127,127,232,232,247,247,258,258,258],"floor_reached":21,"playtime":1011,"items_purged":["Strike_B","stsjorbsmod:PollutedStrike"],"score":201,"play_id":"b245f18d-dac2-4027-ad9a-17bc95d2a64f","local_time":"20210109135250","is_ascension_mode":true,"campfire_choices":[{"floor":7,"key":"RECALL"},{"data":"Zap","floor":15,"key":"SMITH"}],"circlet_count":0,"master_deck":["Strike_B","Strike_B","Strike_B","Defend_B","Defend_B","Defend_B","Defend_B","Zap+1","Dualcast","Leap","Leap","Beam Cell","Beam Cell"],"relics":["Cracked Core","Orichalcum","aspiration:FaultyCoupler","CCEMRelics:OverlyComfyChair","ReplayTheSpireMod:CursedCoin","jedi:purplefairy","Sozu"],"acts_visited":["Exordium","TheCity"],"potions_floor_usage":[6,16],"damage_taken":[{"damage":1,"enemies":"Cultist","floor":1,"turns":3},{"damage":2,"enemies":"2 Louse","floor":3,"turns":2},{"damage":0,"enemies":"Small Slimes","floor":5,"turns":4},{"damage":20,"enemies":"Gremlin Nob","floor":6,"turns":4},{"damage":7,"enemies":"Exordium Thugs","floor":11,"turns":4},{"damage":10,"enemies":"3 Sentries","floor":12,"turns":11},{"damage":0,"enemies":"Large Slime","floor":13,"turns":4},{"damage":14,"enemies":"Exordium Wildlife","floor":14,"turns":5},{"damage":43,"enemies":"Slime Boss","floor":16,"turns":14},{"damage":20,"enemies":"Spheric Guardian","floor":18,"turns":6},{"damage":5,"enemies":"3 Byrds","floor":20,"turns":7},{"damage":29,"enemies":"Cultist and Chosen","floor":21,"turns":8}],"seed_played":"6716393455038201399","potions_obtained":[{"floor":5,"key":"GamblersBrew"},{"floor":12,"key":"ColorlessPotion"},{"floor":13,"key":"Regen Potion"},{"floor":14,"key":"Ancient Potion"}],"is_trial":false,"path_per_floor":["M","?","M","?","M","E","R","?","T","$","M","E","M","M","R","B",null,"M","?","M","M"],"character_chosen":"DEFECT","items_purchased":["ReplayTheSpireMod:CursedCoin"],"campfire_rested":0,"item_purchase_floors":[10],"current_hp_per_floor":[74,74,72,72,72,52,52,52,52,52,46,37,38,27,75,32,75,55,55,52,23,23],"gold":258,"neow_bonus":"RANDOM_COMMON_RELIC","is_daily":false,"chose_seed":false,"campfire_upgraded":1,"win_rate":0.0,"timestamp":1610207570,"path_taken":["M","?","M","?","?","E","R","?","T","$","M","E","?","M","R","BOSS","M","?","M","M"],"items_purchased_type":["Relic"],"build_version":"2020-12-22","purchased_purges":2,"victory":false,"max_hp_per_floor":[75,75,75,75,75,75,75,75,75,75,75,75,75,75,75,75,75,75,75,75,75,75],"card_choices":[{"not_picked":["Coolheaded","Tempest"],"picked":"Leap","floor":1},{"not_picked":["Blizzard","Barrage"],"picked":"Leap","floor":3},{"not_picked":["Rebound","Compile Driver"],"picked":"Beam Cell","floor":5},{"not_picked":["Heatsinks","Turbo","Barrage"],"picked":"SKIP","floor":6},{"not_picked":["Turbo","Compile Driver","jedi:BurstFrost"],"picked":"SKIP","floor":11},{"not_picked":["StuffTheSpire:GlassShard","Stack","Compile Driver"],"picked":"SKIP","floor":12},{"not_picked":["Reboot","Static Discharge","ReplayTheSpireMod:Dual Polarity"],"picked":"SKIP","floor":13},{"not_picked":["jedi:locknload","Cold Snap"],"picked":"Beam Cell","floor":14},{"not_picked":["ReplayTheSpireMod:Reroute Power","Tempest","Heatsinks"],"picked":"SKIP","floor":18},{"not_picked":["Compile Driver","Coolheaded","Steam"],"picked":"SKIP","floor":20}],"player_experience":821948,"relics_obtained":[{"floor":6,"key":"aspiration:FaultyCoupler"},{"floor":12,"key":"jedi:purplefairy"}],"event_choices":[{"damage_healed":0,"gold_gain":1,"player_choice":"1","damage_taken":0,"max_hp_gain":0,"max_hp_loss":0,"event_name":"betterStone:BetterStone","floor":4,"gold_loss":0},{"damage_healed":0,"gold_gain":0,"player_choice":"Paid Gold","damage_taken":0,"relics_obtained":["CCEMRelics:OverlyComfyChair"],"max_hp_gain":0,"max_hp_loss":0,"event_name":"WeMeetAgain","floor":8,"gold_loss":78},{"cards_removed":["Strike_B"],"damage_healed":0,"gold_gain":0,"player_choice":"Give","damage_taken":0,"max_hp_gain":0,"max_hp_loss":0,"event_name":"betterNote:BetterNote","floor":19,"gold_loss":0,"cards_obtained":["Strike_B"]}],"is_beta":false,"boss_relics":[{"not_picked":["hubris:Backtick","aspiration:SecretTechniqueScroll"],"picked":"Sozu"}],"items_purged_floors":[10,10],"is_endless":false,"potions_floor_spawned":[5,12,13,14,20],"killed_by":"Cultist and Chosen","ascension_level":1}}