{"host":"b0dcklafnoly879c","time":1610232623,"event":{"mods":["BaseMod","Minty Spire (QoL Compilation)","StSLib","The Dragon Tamer","The Jungle"],"gold_per_floor":[212,227,3,3,78,78,91,121,166,194,210,240,258,258,258,355,355,371,2,2,2,17,48,48,82,82,82,95,127,139,171,171,271,271,283,295,309,324,374,402,402,435,460,460,460,460],"floor_reached":45,"playtime":2945,"items_purged":["Strike_R"],"score":685,"play_id":"8b4f49a8-6dfe-4ba2-96f2-2c81650be48a","local_time":"20210110075023","is_ascension_mode":true,"campfire_choices":[{"data":"Rampage","floor":6,"key":"SMITH"},{"data":"Armaments","floor":15,"key":"SMITH"},{"data":"Offering","floor":24,"key":"SMITH"},{"data":"Double Tap","floor":32,"key":"SMITH"},{"floor":41,"key":"REST"}],"circlet_count":0,"master_deck":["Strike_R","Defend_R","Defend_R","Defend_R","Defend_R","Bash","Rampage+1","Metallicize","Pommel Strike","Battle Trance","Offering+1","Armaments+1","Uppercut","Double Tap+1","Shrug It Off","Inflame","Disarm","Dropkick","Dropkick+1","True Grit+1","Warcry","Headbutt","Exhume","Headbutt","Decay","Madness","Madness"],"relics":["Black Blood","Oddly Smooth Stone","Lantern","Red Skull","MealTicket","PreservedInsect","Cursed Key","Mummified Hand","Happy Flower","Anchor","Regal Pillow","Toy Ornithopter","Bird Faced Urn","Bottled Lightning","Ancient Tea Set","Strawberry"],"acts_visited":["Exordium","TheCity","TheBeyond"],"potions_floor_usage":[12,29,33,33,39,39],"damage_taken":[{"damage":1,"enemies":"2 Louse","floor":1,"turns":4},{"damage":2,"enemies":"Small Slimes","floor":2,"turns":3},{"damage":1,"enemies":"Cultist","floor":7,"turns":4},{"damage":35,"enemies":"Lagavulin","floor":8,"turns":6},{"damage":11,"enemies":"Gremlin Nob","floor":10,"turns":4},{"damage":2,"enemies":"Exordium Thugs","floor":11,"turns":4},{"damage":22,"enemies":"Lagavulin","floor":12,"turns":4},{"damage":6,"enemies":"Large Slime","floor":13,"turns":2},{"damage":15,"enemies":"The Guardian","floor":16,"turns":8},{"damage":6,"enemies":"Shell Parasite","floor":18,"turns":3},{"damage":24,"enemies":"Spheric Guardian","floor":22,"turns":4},{"damage":18,"enemies":"Slavers","floor":23,"turns":3},{"damage":12,"enemies":"Gremlin Leader","floor":25,"turns":3},{"damage":6,"enemies":"Cultist and Chosen","floor":28,"turns":3},{"damage":16,"enemies":"Slavers","floor":29,"turns":5},{"damage":15,"enemies":"Snecko","floor":30,"turns":3},{"damage":6,"enemies":"Gremlin Leader","floor":31,"turns":2},{"damage":12,"enemies":"Champ","floor":33,"turns":4},{"damage":9,"enemies":"3 Shapes","floor":35,"turns":4},{"damage":24,"enemies":"3 Darklings","floor":36,"turns":4},{"damage":24,"enemies":"Sphere and 2 Shapes","floor":37,"turns":5},{"damage":13,"enemies":"4 Shapes","floor":38,"turns":6},{"damage":15,"enemies":"Mind Bloom Boss Battle","floor":39,"turns":5},{"damage":46,"enemies":"Reptomancer","floor":40,"turns":3},{"damage":17,"enemies":"Giant Head","floor":42,"turns":5},{"damage":70,"enemies":"Nemesis","floor":45,"turns":5}],"seed_played":"-1829165045399675927","potions_obtained":[{"floor":10,"key":"AttackPotion"},{"floor":11,"key":"SneckoOil"},{"floor":13,"key":"SpeedPotion"},{"floor":25,"key":"SkillPotion"},{"floor":29,"key":"ColorlessPotion"},{"floor":31,"key":"EssenceOfSteel"},{"floor":33,"key":"SkillPotion"},{"floor":36,"key":"ColorlessPotion"},{"floor":38,"key":"SpeedPotion"}],"is_trial":false,"path_per_floor":["M","M","$","?","?","R","M","E","T","E","M","E","M","?","R","B",null,"M","$","?","$","M","E","R","E","T","?","M","E","M","E","R","B",null,"M","M","M","M","?","E","R","E","T","?","E"],"character_chosen":"IRONCLAD","items_purchased":["Oddly Smooth Stone","Mummified Hand","Shrug It Off","Inflame"],"campfire_rested":1,"item_purchase_floors":[3,19,19,19],"current_hp_per_floor":[80,80,80,80,69,69,74,45,45,40,44,28,28,28,28,19,80,80,80,80,80,62,50,50,44,44,44,44,34,25,25,25,29,80,80,68,56,55,62,32,71,70,77,66,0,0],"gold":460,"neow_bonus":"HUNDRED_GOLD","is_daily":false,"chose_seed":false,"campfire_upgraded":4,"win_rate":0.0,"timestamp":1610232623,"path_taken":["M","M","$","?","?","R","M","E","T","E","M","E","M","?","R","BOSS","M","$","?","?","M","E","R","E","T","?","M","E","?","E","R","BOSS","M","M","M","M","?","E","R","E","T","?","E"],"items_purchased_type":["Relic","Relic","Card","Card"],"build_version":"2020-12-22","purchased_purges":1,"victory":false,"max_hp_per_floor":[80,80,80,80,80,80,80,80,80,80,80,80,80,80,80,80,80,80,80,80,80,80,80,80,80,80,80,80,80,80,80,80,80,80,80,80,80,80,80,80,80,80,87,87,87,87],"card_choices":[{"not_picked":["Clash","Shrug It Off"],"picked":"Rampage","floor":1},{"not_picked":["Dual Wield","Spot Weakness"],"picked":"Metallicize","floor":2},{"not_picked":["Wild Strike","Metallicize"],"picked":"Pommel Strike","floor":7},{"not_picked":["Heavy Blade","Reaper","Limit Break"],"picked":"SKIP","floor":8},{"not_picked":["Flame Barrier","Infernal Blade"],"picked":"Battle Trance","floor":10},{"not_picked":["Clash","Havoc","Cleave"],"picked":"SKIP","floor":11},{"not_picked":["Wild Strike","Rage"],"picked":"Offering","floor":12},{"not_picked":["True Grit","Clothesline"],"picked":"Armaments","floor":13},{"not_picked":["Demon Form","Limit Break"],"picked":"Double Tap","floor":16},{"not_picked":["Heavy Blade+1","Thunderclap","Twin Strike"],"picked":"SKIP","floor":18},{"not_picked":["Pommel Strike","Bloodletting"],"picked":"Dropkick","floor":22},{"not_picked":["Inflame","Metallicize"],"picked":"Dropkick+1","floor":23},{"not_picked":["Dropkick","Perfected Strike"],"picked":"True Grit+1","floor":25},{"not_picked":["Thunderclap","Heavy Blade","Perfected Strike"],"picked":"SKIP","floor":28},{"not_picked":["Clothesline","Twin Strike"],"picked":"Warcry","floor":29},{"not_picked":["Wild Strike","Twin Strike"],"picked":"Headbutt","floor":30},{"not_picked":["Whirlwind","Thunderclap","True Grit"],"picked":"SKIP","floor":31},{"not_picked":["Reaper","Offering"],"picked":"Exhume","floor":33},{"not_picked":["Body Slam","Armaments","Uppercut+1"],"picked":"SKIP","floor":35},{"not_picked":["Flex","Cleave","Armaments+1"],"picked":"SKIP","floor":36},{"not_picked":["Heavy Blade+1","Iron Wave+1"],"picked":"Headbutt","floor":37},{"not_picked":["Power Through","Entrench+1","Clothesline+1"],"picked":"SKIP","floor":38},{"not_picked":["Body Slam","Sever Soul","Sword Boomerang"],"picked":"SKIP","floor":40},{"not_picked":["Warcry","Seeing Red","Pommel Strike"],"picked":"SKIP","floor":42}],"player_experience":248347,"relics_obtained":[{"floor":8,"key":"Lantern"},{"floor":9,"key":"Red Skull"},{"floor":10,"key":"MealTicket"},{"floor":12,"key":"PreservedInsect"},{"floor":23,"key":"Happy Flower"},{"floor":25,"key":"Anchor"},{"floor":29,"key":"Regal Pillow"},{"floor":31,"key":"Toy Ornithopter"},{"floor":39,"key":"Bird Faced Urn"},{"floor":40,"key":"Bottled Lightning"},{"floor":42,"key":"Ancient Tea Set"},{"floor":43,"key":"Strawberry"}],"event_choices":[{"cards_removed":["Strike_R"],"damage_healed":0,"gold_gain":0,"player_choice":"Forget","damage_taken":0,"max_hp_gain":0,"max_hp_loss":0,"event_name":"Living Wall","floor":4,"gold_loss":0},{"damage_healed":0,"gold_gain":75,"player_choice":"Gather Gold","damage_taken":11,"max_hp_gain":0,"max_hp_loss":0,"event_name":"World of Goop","floor":5,"gold_loss":0},{"damage_healed":0,"gold_gain":0,"cards_transformed":["Strike_R"],"player_choice":"Transformed","damage_taken":0,"max_hp_gain":0,"max_hp_loss":0,"event_name":"Transmorgrifier","floor":14,"gold_loss":0,"cards_obtained":["Uppercut"]},{"damage_healed":0,"gold_gain":0,"cards_transformed":["Strike_R"],"player_choice":"Transformed","damage_taken":0,"max_hp_gain":0,"max_hp_loss":0,"event_name":"Transmorgrifier","floor":20,"gold_loss":0,"cards_obtained":["Disarm"]},{"cards_removed":["Doubt"],"damage_healed":0,"gold_gain":0,"player_choice":"Purged","damage_taken":0,"max_hp_gain":0,"max_hp_loss":0,"event_name":"Purifier","floor":27,"gold_loss":0},{"damage_healed":0,"gold_gain":0,"player_choice":"Fight","damage_taken":0,"max_hp_gain":0,"max_hp_loss":0,"event_name":"MindBloom","floor":39,"gold_loss":0},{"damage_healed":0,"gold_gain":0,"player_choice":"Embrace Madness","damage_taken":11,"max_hp_gain":0,"max_hp_loss":0,"event_name":"Winding Halls","floor":44,"gold_loss":0,"cards_obtained":["Madness","Madness"]}],"is_beta":false,"boss_relics":[{"not_picked":["Fusion Hammer","Runic Pyramid"],"picked":"Cursed Key"},{"not_picked":["Runic Cube","Astrolabe"],"picked":"Black Blood"}],"items_purged_floors":[3],"is_endless":false,"potions_floor_spawned":[10,11,13,25,29,31,33,36,38],"killed_by":"Nemesis","ascension_level":3}}