{"host":"ji1fk25fd1ga4ji1","time":1610190897,"event":{"mods":["2.2 Compatiblity","BaseMod","Colored Map","DeckTracker","Minty Spire (QoL Compilation)","Permanent Neow","Quick Restart","StSLib","SuperFastMode"],"gold_per_floor":[115,115,40,50,26,26,26,52,97,174,187,219,219,247,259,375,387,411,423,455,483,301,301,321,334,334,362,382,413,413,443,443,539,539,558,558,254,304,112,123,123,123,123,139,151,179,233,259,259,259,259,259,17,43,43],"floor_reached":56,"playtime":1328,"items_purged":["Strike_B","Cold Snap","Auto Shields","Streamline"],"score":1379,"play_id":"1fadc0b3-e1e1-4a32-ab97-cea0f5883aee","local_time":"20210109201457","is_ascension_mode":true,"campfire_choices":[{"data":"Dualcast","floor":6.0,"key":"SMITH"},{"data":"Zap","floor":13.0,"key":"SMITH"},{"data":"Beam Cell","floor":15.0,"key":"SMITH"},{"data":"Coolheaded","floor":23.0,"key":"SMITH"},{"data":"Reboot","floor":32.0,"key":"SMITH"},{"data":"Defragment","floor":41.0,"key":"SMITH"},{"floor":49,"key":"RECALL"},{"data":"Capacitor","floor":52,"key":"SMITH"}],"circlet_count":0,"master_deck":["Zap+1","Dualcast+1","Beam Cell+1","Ball Lightning","Reboot+1","Auto Shields+1","Recycle+1","Biased Cognition+1","Coolheaded+1","Heatsinks+1","Ball Lightning","Static Discharge","Capacitor+1","Electrodynamics","CurseOfTheBell","Fusion+1","Capacitor+1","Ball Lightning","Reboot","Defragment+1","Coolheaded+1","Parasite","Biased Cognition","Storm","Storm","Defragment"],"relics":["Cracked Core","Bird Faced Urn","Strawberry","Emotion Chip","MawBank","Astrolabe","Membership Card","Shuriken","Lizard Tail","Ancient Tea Set","Darkstone Periapt","Calling Bell","Boot","Sundial","StoneCalendar","PreservedInsect","Gremlin Horn","Prayer Wheel","Kunai","Bag of Marbles","Peace Pipe","Smiling Mask","Bag of Preparation","FossilizedHelix","Bottled Tornado"],"acts_visited":["Exordium","TheCity","TheBeyond","TheEnding"],"potions_floor_usage":[45,55,55],"damage_taken":[{"damage":6.0,"enemies":"Jaw Worm","floor":1.0,"turns":3.0},{"damage":0.0,"enemies":"Small Slimes","floor":4.0,"turns":3.0},{"damage":6.0,"enemies":"Gremlin Nob","floor":8.0,"turns":3.0},{"damage":0.0,"enemies":"Cultist","floor":11.0,"turns":2.0},{"damage":7.0,"enemies":"Lagavulin","floor":12.0,"turns":6.0},{"damage":8.0,"enemies":"Gremlin Nob","floor":14.0,"turns":3.0},{"damage":12.0,"enemies":"Slime Boss","floor":16.0,"turns":7.0},{"damage":0.0,"enemies":"3 Byrds","floor":18.0,"turns":2.0},{"damage":0.0,"enemies":"Spheric Guardian","floor":20.0,"turns":3.0},{"damage":0.0,"enemies":"Snecko","floor":21.0,"turns":4.0},{"damage":0.0,"enemies":"3 Cultists","floor":24.0,"turns":4.0},{"damage":0.0,"enemies":"Centurion and Healer","floor":25.0,"turns":3.0},{"damage":11.0,"enemies":"Gremlin Leader","floor":27.0,"turns":4.0},{"damage":8.0,"enemies":"Snecko","floor":28.0,"turns":3.0},{"damage":5.0,"enemies":"Book of Stabbing","floor":29.0,"turns":4.0},{"damage":46.0,"enemies":"Slavers","floor":31.0,"turns":4.0},{"damage":5.0,"enemies":"Collector","floor":33.0,"turns":4.0},{"damage":21.0,"enemies":"Orb Walker","floor":35.0,"turns":4.0},{"damage":15.0,"enemies":"Mind Bloom Boss Battle","floor":38.0,"turns":5.0},{"damage":0.0,"enemies":"3 Shapes","floor":40.0,"turns":3.0},{"damage":13.0,"enemies":"3 Darklings","floor":44.0,"turns":2.0},{"damage":6,"enemies":"Writhing Mass","floor":45,"turns":3},{"damage":4,"enemies":"Nemesis","floor":46,"turns":4},{"damage":14,"enemies":"2 Orb Walkers","floor":47,"turns":2},{"damage":15,"enemies":"Reptomancer","floor":48,"turns":3},{"damage":50,"enemies":"Time Eater","floor":50,"turns":4},{"damage":30,"enemies":"Shield and Spear","floor":54,"turns":3},{"damage":100,"enemies":"The Heart","floor":55,"turns":5}],"seed_played":"8552217123365981803","potions_obtained":[{"floor":4.0,"key":"DistilledChaos"},{"floor":8.0,"key":"Fruit Juice"},{"floor":11.0,"key":"CultistPotion"},{"floor":16.0,"key":"Weak Potion"},{"floor":18.0,"key":"DistilledChaos"},{"floor":25.0,"key":"Weak Potion"},{"floor":27.0,"key":"PowerPotion"},{"floor":28.0,"key":"Regen Potion"},{"floor":38.0,"key":"LiquidBronze"},{"floor":45,"key":"ColorlessPotion"},{"floor":48,"key":"Strength Potion"}],"is_trial":false,"path_per_floor":["M","?","$","M","$","R","$","E","T","T","M","E","R","E","R","B",null,"M","?","M","M","$","R","M","M","T","E","M","E","$","E","R","B",null,"M","?","$","?","$","M","R","?","T","M","M","E","?","E","R","B",null,"R","$","E","B",null],"character_chosen":"DEFECT","items_purchased":["Ball Lightning","Membership Card","PreservedInsect","Gremlin Horn","Capacitor","Ball Lightning","Reboot","Defragment","DistilledChaos","Bag of Preparation","FossilizedHelix","Storm"],"campfire_rested":0,"item_purchase_floors":[5,22,37,37,37,37,39,39,39,53,53,53],"current_hp_per_floor":[48,48,48,48,48,48,48,42,49,49,49,47,47,39,39,27,87,87,87,87,87,87,87,87,87,87,78,74,75,75,37,37,56,93,72,72,72,69,69,83,83,83,83,80,94,97,91,86,86,52,99,99,99,73,49],"gold":43,"neow_bonus":"REMOVE_TWO","is_daily":false,"chose_seed":false,"campfire_upgraded":7,"win_rate":0.0,"timestamp":1610190897,"path_taken":["M","?","?","M","?","R","$","E","T","?","M","E","R","E","R","BOSS","M","?","M","M","$","R","M","?","T","E","M","E","$","E","R","BOSS","M","?","$","?","$","M","R","?","T","?","M","E","?","E","R","BOSS","R","$","E","BOSS"],"items_purchased_type":["Card","Relic","Relic","Relic","Card","Card","Card","Card","Potion","Relic","Relic","Card"],"build_version":"2020-12-22","purchased_purges":4,"victory":true,"max_hp_per_floor":[75,75,75,75,75,75,75,75,82,82,82,87,87,87,87,87,87,87,87,87,87,87,87,87,87,87,87,87,87,87,87,87,87,93,93,93,93,93,93,93,93,93,93,93,99,99,99,99,99,99,99,99,99,99,99],"card_choices":[{"not_picked":["Steam","Aggregate"],"picked":"Beam Cell","floor":1.0},{"not_picked":["Chill","Beam Cell"],"picked":"Cold Snap","floor":4.0},{"not_picked":["Scrape","FTL","Barrage"],"picked":"SKIP","floor":8.0},{"not_picked":["Cold Snap","Compile Driver","Rip and Tear"],"picked":"SKIP","floor":11.0},{"not_picked":["Thunder Strike","Stack","Cold Snap"],"picked":"SKIP","floor":12.0},{"not_picked":["Steam","Streamline","Double Energy"],"picked":"SKIP","floor":14.0},{"not_picked":["Echo Form","Biased Cognition"],"picked":"Reboot","floor":16.0},{"not_picked":["Streamline","Loop"],"picked":"Coolheaded","floor":18.0},{"not_picked":["Go for the Eyes","Fusion","Genetic Algorithm+1"],"picked":"SKIP","floor":20.0},{"not_picked":["BootSequence","Steam"],"picked":"Heatsinks+1","floor":21.0},{"not_picked":["Recycle","Sweeping Beam"],"picked":"Streamline","floor":24.0},{"not_picked":["Undo","Leap"],"picked":"Ball Lightning","floor":25.0},{"not_picked":["Consume+1","Lockon","Chill"],"picked":"SKIP","floor":27.0},{"not_picked":["Fusion","Stack"],"picked":"Static Discharge","floor":28.0},{"not_picked":["Go for the Eyes","Gash"],"picked":"Capacitor+1","floor":29.0},{"not_picked":["Sunder","Barrage","Capacitor"],"picked":"SKIP","floor":31.0},{"not_picked":["All For One","Multi-Cast"],"picked":"Electrodynamics","floor":33.0},{"not_picked":["Go for the Eyes","Leap"],"picked":"Fusion+1","floor":35.0},{"not_picked":["Coolheaded+1","Glacier+1","Self Repair"],"picked":"SKIP","floor":40.0},{"not_picked":["Capacitor+1","Reprogram","Cold Snap"],"picked":"SKIP","floor":40.0},{"not_picked":["Glacier+1","Self Repair"],"picked":"Coolheaded+1","floor":40.0},{"not_picked":["Capacitor+1","Reprogram","Cold Snap"],"picked":"SKIP","floor":40.0},{"not_picked":["Beam Cell+1","Conserve Battery+1","Scrape+1"],"picked":"SKIP","floor":44.0},{"not_picked":["Loop+1","Go for the Eyes","Sweeping Beam+1"],"picked":"SKIP","floor":44.0},{"not_picked":["Reinforced Body","Conserve Battery+1","Electrodynamics"],"picked":"SKIP","floor":45},{"not_picked":["Streamline+1","Cold Snap+1","Turbo+1"],"picked":"SKIP","floor":45},{"not_picked":["Stack+1","Conserve Battery+1"],"picked":"Biased Cognition","floor":46},{"not_picked":["Streamline+1","Darkness"],"picked":"Storm","floor":47},{"not_picked":["Ball Lightning","Gash","Hyperbeam"],"picked":"SKIP","floor":48},{"not_picked":["Auto Shields","Conserve Battery+1"],"picked":"Defragment","floor":54}],"player_experience":467345,"relics_obtained":[{"floor":8.0,"key":"Bird Faced Urn"},{"floor":9.0,"key":"Strawberry"},{"floor":12.0,"key":"Emotion Chip"},{"floor":14.0,"key":"MawBank"},{"floor":26.0,"key":"Shuriken"},{"floor":27.0,"key":"Lizard Tail"},{"floor":29.0,"key":"Ancient Tea Set"},{"floor":31.0,"key":"Darkstone Periapt"},{"floor":34.0,"key":"Boot"},{"floor":34.0,"key":"Sundial"},{"floor":34.0,"key":"StoneCalendar"},{"floor":38.0,"key":"Prayer Wheel"},{"floor":43.0,"key":"Kunai"},{"floor":46,"key":"Bag of Marbles"},{"floor":47,"key":"Peace Pipe"},{"floor":48,"key":"Smiling Mask"},{"floor":54,"key":"Bottled Tornado"}],"event_choices":[{"cards_removed":["Strike_B"],"damage_healed":0.0,"max_hp_gain":0.0,"max_hp_loss":0.0,"gold_gain":0.0,"event_name":"Living Wall","player_choice":"Forget","floor":2.0,"gold_loss":0.0,"damage_taken":0.0},{"damage_healed":0.0,"max_hp_gain":0.0,"max_hp_loss":0.0,"gold_gain":0.0,"cards_transformed":["Defend_B"],"event_name":"Transmorgrifier","player_choice":"Transformed","floor":19.0,"gold_loss":0.0,"damage_taken":0.0,"cards_obtained":["Auto Shields"]},{"damage_healed":0.0,"max_hp_gain":0.0,"max_hp_loss":0.0,"gold_gain":0.0,"event_name":"SensoryStone","player_choice":"Memory 1","floor":36.0,"gold_loss":0.0,"damage_taken":0.0},{"damage_healed":0.0,"max_hp_gain":0.0,"max_hp_loss":0.0,"gold_gain":0.0,"event_name":"MindBloom","player_choice":"Fight","floor":38.0,"gold_loss":0.0,"damage_taken":0.0},{"damage_healed":0.0,"max_hp_gain":0.0,"max_hp_loss":0.0,"gold_gain":0.0,"event_name":"SecretPortal","player_choice":"Ignored","floor":42.0,"gold_loss":0.0,"damage_taken":0.0},{"damage_healed":0,"gold_gain":0,"player_choice":"Fight","damage_taken":0,"max_hp_gain":0,"max_hp_loss":0,"event_name":"Mysterious Sphere","floor":47,"gold_loss":0}],"is_beta":false,"boss_relics":[{"not_picked":["Tiny House","FrozenCore"],"picked":"Astrolabe"},{"not_picked":["Busted Crown","Pandora\u0027s Box"],"picked":"Calling Bell"}],"items_purged_floors":[3,22,37,39],"is_endless":false,"potions_floor_spawned":[4,8,11,16,18,25,27,28,29,38,45,48],"ascension_level":1}}