{"host":"k85tjwrh7mjrrc9a","time":1610156511,"event":{"mods":["AchievementEnabler","BaseMod","Colored Powertips","Highlight Path","Minty Spire (QoL Compilation)","Rare Cards Sparkle","StSLib"],"gold_per_floor":[112,112,125,125,138,138,150,150,177,205,205,205,135,146,146,146,146],"floor_reached":16,"playtime":599,"items_purged":[],"score":145,"play_id":"b6e019d4-dd13-4dc3-876f-bec08572eb7e","local_time":"20210108204151","is_ascension_mode":true,"campfire_choices":[{"data":"Armaments","floor":6,"key":"SMITH"},{"data":"True Grit","floor":8,"key":"SMITH"},{"floor":11,"key":"REST"},{"floor":15,"key":"REST"}],"circlet_count":0,"master_deck":["Strike_R","Strike_R","Strike_R","Strike_R","Strike_R","Defend_R","Defend_R","Defend_R","Defend_R","Bash","Armaments+1","Decay","Shrug It Off","True Grit+1","Shrug It Off","Inflame","Whirlwind","Headbutt"],"relics":["Burning Blood","Strawberry","Blood Vial","Juzu Bracelet"],"acts_visited":["Exordium"],"potions_floor_usage":[10,16,16],"damage_taken":[{"damage":6,"enemies":"2 Louse","floor":1,"turns":3},{"damage":10,"enemies":"Cultist","floor":3,"turns":4},{"damage":9,"enemies":"Jaw Worm","floor":5,"turns":4},{"damage":17,"enemies":"Looter","floor":7,"turns":3},{"damage":62,"enemies":"Gremlin Nob","floor":10,"turns":6},{"damage":7,"enemies":"3 Louse","floor":14,"turns":3},{"damage":63,"enemies":"Hexaghost","floor":16,"turns":14}],"seed_played":"-2604799525619589721","potions_obtained":[{"floor":3,"key":"HeartOfIron"},{"floor":5,"key":"PowerPotion"},{"floor":12,"key":"FearPotion"},{"floor":12,"key":"Strength Potion"}],"is_trial":false,"path_per_floor":["M","?","M","$","M","R","M","R","T","E","R","?","$","M","R","B"],"character_chosen":"IRONCLAD","items_purchased":["Whirlwind"],"campfire_rested":2,"item_purchase_floors":[13],"current_hp_per_floor":[79,79,75,75,72,72,61,61,61,7,33,33,33,34,60,0,0],"gold":146,"neow_bonus":"RANDOM_COMMON_RELIC","is_daily":false,"chose_seed":false,"campfire_upgraded":2,"win_rate":0.0,"timestamp":1610156511,"path_taken":["M","?","M","$","M","R","?","R","T","E","R","?","?","M","R","BOSS"],"items_purchased_type":["Card"],"build_version":"2020-12-22","purchased_purges":0,"victory":false,"max_hp_per_floor":[87,87,87,87,87,87,87,87,87,87,87,87,87,87,87,87,87],"card_choices":[{"not_picked":["Wild Strike","Second Wind"],"picked":"Armaments","floor":1},{"not_picked":["Power Through","Clothesline"],"picked":"Shrug It Off","floor":3},{"not_picked":["Shrug It Off","Intimidate"],"picked":"True Grit","floor":5},{"not_picked":["Clothesline","Sever Soul"],"picked":"Shrug It Off","floor":7},{"not_picked":["Wild Strike","Thunderclap"],"picked":"Inflame","floor":10},{"not_picked":["Cleave","Berserk"],"picked":"Headbutt","floor":14}],"player_experience":171037,"relics_obtained":[{"floor":9,"key":"Blood Vial"},{"floor":10,"key":"Juzu Bracelet"}],"event_choices":[{"damage_healed":0,"gold_gain":0,"player_choice":"Cursed","damage_taken":0,"max_hp_gain":0,"max_hp_loss":0,"event_name":"Wheel of Change","floor":2,"gold_loss":0,"cards_obtained":["Decay"]},{"damage_healed":0,"gold_gain":0,"player_choice":"Got Potions","damage_taken":0,"max_hp_gain":0,"max_hp_loss":0,"event_name":"Lab","floor":12,"gold_loss":0}],"is_beta":false,"boss_relics":[],"items_purged_floors":[],"is_endless":false,"potions_floor_spawned":[3,5,14],"killed_by":"Hexaghost","ascension_level":9}}