{"host":"7k2a2omxz3voj5ax","time":1610205384,"event":{"mods":["BaseMod","Marisa£¨ìFÓê¡¡Ä§ÀíÉ³£©","Minty Spire (QoL Compilation)","Quick Restart","Spicy Shops","StSLib","Starting Relic: Pandora\u0027s Box","óô»ðÖ¸ÄÏ"],"gold_per_floor":[116,136,153,153,153,185,198,229,282,297,322,1749,1781,1781,900,977,977,988,546,561,241,241,272,272,297,324,8,50,70,70,83,83,158,158,177,11,20,20,32,60,60,60,85,116,136,136,162,193,193,193,193,193,193,34,76,76],"floor_reached":57,"playtime":3066,"items_purged":["IllusionStar","MysteriousBeam","ShootingEcho","UpSweep"],"score":3427,"play_id":"b527f23b-978b-4a71-af34-1818cccb43fe","local_time":"20210110001624","is_ascension_mode":true,"campfire_choices":[{"data":"UltimateShortwave","floor":24.0,"key":"SMITH"},{"data":"Blade Dance","floor":32.0,"key":"SMITH"},{"data":"Enlightenment","floor":41,"key":"SMITH"},{"data":"Acrobatics","floor":46,"key":"SMITH"},{"floor":49,"key":"RECALL"},{"data":"Expertise","floor":53,"key":"SMITH"}],"circlet_count":0,"master_deck":["AscendersBane","6A+1","PowerUp+1","SporeBomb","PowerUp","CasketOfStar","Singularity+1","FinalSpark+1","EarthLightRay+1","DarkMatter+1","Acceleration","UltimateShortwave+1","Expertise+1","Blade Dance+1","Enlightenment+1","Acrobatics+1","EscapeVelocity","Blur"],"relics":["MiniHakkero","NeowsBlessing","Darkstone Periapt","Ornamental Fan","Potion Belt","Strawberry","Ancient Tea Set","Lizard Tail","Prayer Wheel","Singing Bowl","Toy Ornithopter","Omamori","TheAbacus","ExperimentalFamiliar","Orrery","PrismaticShard","Thread and Needle","CeramicFish","Tiny Chest","Membership Card","Question Card","War Paint","RampagingMagicTools","Medical Kit","TungstenRod","Whetstone","Bottled Tornado","MealTicket","FossilizedHelix","SimpleLauncher","Bird Faced Urn"],"acts_visited":["Exordium","TheCity","TheBeyond","TheEnding"],"potions_floor_usage":[39,40,45,56,56],"damage_taken":[{"damage":0.0,"enemies":"2 Louse","floor":1.0,"turns":1.0},{"damage":0.0,"enemies":"Small Slimes","floor":2.0,"turns":2.0},{"damage":0.0,"enemies":"Cultist","floor":3.0,"turns":1.0},{"damage":16.0,"enemies":"Lagavulin","floor":6.0,"turns":5.0},{"damage":7.0,"enemies":"Red Slaver","floor":7.0,"turns":2.0},{"damage":16.0,"enemies":"3 Sentries","floor":8.0,"turns":5.0},{"damage":8.0,"enemies":"Looter","floor":10.0,"turns":2.0},{"damage":0.0,"enemies":"Gremlin Nob","floor":11.0,"turns":3.0},{"damage":0.0,"enemies":"Lagavulin","floor":13.0,"turns":3.0},{"damage":6.0,"enemies":"Hexaghost","floor":16.0,"turns":4.0},{"damage":0.0,"enemies":"Chosen","floor":18.0,"turns":2.0},{"damage":6.0,"enemies":"3 Byrds","floor":20.0,"turns":4.0},{"damage":12.0,"enemies":"Book of Stabbing","floor":23.0,"turns":3.0},{"damage":0.0,"enemies":"Gremlin Leader","floor":25.0,"turns":3.0},{"damage":1.0,"enemies":"Slavers","floor":28.0,"turns":2.0},{"damage":13.0,"enemies":"Snake Plant","floor":29.0,"turns":3.0},{"damage":0.0,"enemies":"Cultist and Chosen","floor":31.0,"turns":3.0},{"damage":0.0,"enemies":"Champ","floor":33.0,"turns":3.0},{"damage":23.0,"enemies":"3 Shapes","floor":35.0,"turns":2.0},{"damage":7,"enemies":"3 Darklings","floor":39,"turns":2},{"damage":38,"enemies":"Nemesis","floor":40,"turns":3},{"damage":0,"enemies":"Giant Head","floor":44,"turns":3},{"damage":0,"enemies":"Transient","floor":45,"turns":6},{"damage":0,"enemies":"Sphere and 2 Shapes","floor":47,"turns":2},{"damage":27,"enemies":"Nemesis","floor":48,"turns":3},{"damage":0,"enemies":"Donu and Deca","floor":50,"turns":3},{"damage":35,"enemies":"Awakened One","floor":51,"turns":6},{"damage":0,"enemies":"Shield and Spear","floor":55,"turns":3},{"damage":167,"enemies":"The Heart","floor":56,"turns":9}],"seed_played":"-7472936640437979050","potions_obtained":[{"floor":6.0,"key":"StarNLove"},{"floor":7.0,"key":"Fruit Juice"},{"floor":8.0,"key":"Weak Potion"},{"floor":16.0,"key":"Weak Potion"},{"floor":20.0,"key":"Regen Potion"},{"floor":25.0,"key":"AttackPotion"},{"floor":28.0,"key":"Strength Potion"},{"floor":31.0,"key":"BottledSpark"},{"floor":40,"key":"SteroidPotion"},{"floor":44,"key":"Energy Potion"},{"floor":48,"key":"GamblersBrew"}],"is_trial":false,"path_per_floor":["M","M","M","?","?","E","M","E","T","M","E","R","E","?","R","B",null,"M","$","M","$","?","E","R","E","T","R","E","M","?","M","R","B",null,"M","$","?","$","M","E","R","T","T","E","M","R","M","E","R","B","B",null,"R","$","E","B",null],"character_chosen":"MARISA","items_purchased":["Ancient Tea Set","Lizard Tail","Singing Bowl","Toy Ornithopter","Omamori","TheAbacus","Orrery","PrismaticShard","UltimateShortwave","Membership Card","Question Card","War Paint","Medical Kit","TungstenRod","SimpleLauncher"],"campfire_rested":0,"item_purchase_floors":[12,12,15,15,15,15,19,21,21,27,27,27,36,36,54],"current_hp_per_floor":[63,63,63,56,56,40,38,22,22,14,21,21,21,21,21,15,65,67,73,82,82,82,78,78,86,86,86,91,87,87,97,97,105,106,87,87,82,82,90,74,74,74,74,82,95,95,103,78,78,84,55,110,110,125,128,59],"gold":76,"neow_bonus":"THREE_ENEMY_KILL","is_daily":false,"chose_seed":false,"campfire_upgraded":5,"win_rate":0.0,"timestamp":1610205384,"path_taken":["M","M","M","?","?","E","M","E","T","M","E","R","E","?","R","BOSS","M","$","?","?","?","E","R","E","T","R","E","?","?","M","R","BOSS","M","$","?","$","M","E","R","?","T","E","M","R","M","E","R","BOSS","BOSS","R","$","E","BOSS"],"items_purchased_type":["Relic","Relic","Relic","Relic","Relic","Relic","Relic","Relic","Card","Relic","Relic","Relic","Relic","Relic","Relic"],"build_version":"2020-12-22","purchased_purges":4,"victory":true,"max_hp_per_floor":[70,70,70,70,70,70,75,75,75,75,82,82,82,82,82,82,82,84,90,94,94,94,96,96,98,98,98,98,100,100,104,104,106,106,110,110,114,114,118,120,120,120,120,122,124,124,126,128,128,128,128,128,128,128,128,128],"card_choices":[{"not_picked":["GravityBeat","EnergyFlow","DC"],"picked":"SKIP","floor":1.0},{"not_picked":["ChargeUpSpray","6A","DarkSpark"],"picked":"SKIP","floor":2.0},{"not_picked":["DC","OneTimeOff","NonDirectionalLaser"],"picked":"SKIP","floor":3.0},{"not_picked":["PowerUp","DC","EventHorizon"],"picked":"SKIP","floor":6.0},{"not_picked":["ShootingEcho","WitchOfGreed","6A"],"picked":"SKIP","floor":7.0},{"not_picked":["MilkyWay","BigCrunch"],"picked":"CasketOfStar","floor":8.0},{"not_picked":["Orbital","LuminesStrike","MilkyWay"],"picked":"SKIP","floor":10.0},{"not_picked":["Occultation","ChargeUpSpray"],"picked":"Singularity","floor":11.0},{"not_picked":["NonDirectionalLaser","Singularity","OneTimeOff"],"picked":"SKIP","floor":13.0},{"not_picked":["SuperNova","ManaRampage"],"picked":"FinalSpark","floor":16.0},{"not_picked":["LuminesStrike","SprinkleStarSeal+1"],"picked":"EarthLightRay+1","floor":18.0},{"not_picked":["MysteriousBeam","GrandCross","MachineGunSpark"],"picked":"Singing Bowl","floor":18.0},{"not_picked":["ChargeUpSpray+1","StarlightTyphoon","UnstableBomb"],"picked":"Singing Bowl","floor":19.0},{"not_picked":["MysteriousBeam","OneTimeOff","SporeBomb"],"picked":"Singing Bowl","floor":19.0},{"not_picked":["MaximisePower","IllusionStar","GrandCross"],"picked":"Singing Bowl","floor":19.0},{"not_picked":["DoubleSpark","GalacticHalo"],"picked":"DarkMatter","floor":19.0},{"not_picked":["GravityBeat","WitchOfGreed"],"picked":"Acceleration","floor":19.0},{"not_picked":["NonDirectionalLaser","SuperNova","OpenUniverse"],"picked":"Singing Bowl","floor":20.0},{"not_picked":["GalacticHalo","WitchOfGreed","ShootingEcho"],"picked":"Singing Bowl","floor":20.0},{"not_picked":["SporeBomb","PiercingWail","EnergyRecoil"],"picked":"Singing Bowl","floor":23.0},{"not_picked":["Inflame","ReachHeaven","Blur"],"picked":"Singing Bowl","floor":25.0},{"not_picked":["All Out Attack","Flex","Shrug It Off"],"picked":"Expertise","floor":28.0},{"not_picked":["Iron Wave","Streamline","EventHorizon+1"],"picked":"Blade Dance","floor":29.0},{"not_picked":["Flex","Cleave","Warcry","FlyingSleeves"],"picked":"Singing Bowl","floor":29.0},{"not_picked":["EmptyMind","MagicAbsorber","Infernal Blade","CrushJoints+1"],"picked":"Singing Bowl","floor":31.0},{"not_picked":["Turbo","Pray","Dark Shackles","SignatureMove+1"],"picked":"Singing Bowl","floor":31.0},{"not_picked":["Seek","Violence","Thinking Ahead","ConjureBlade"],"picked":"Singing Bowl","floor":33.0},{"not_picked":["ClearTheMind","Headbutt","WitchOfGreed+1","Impatience+1"],"picked":"Singing Bowl","floor":35.0},{"not_picked":["CrushJoints","Flex+1","Flame Barrier","Sweeping Beam"],"picked":"Singing Bowl","floor":35.0},{"not_picked":["Swift Strike","Chrysalis","Magnetism","Dark Shackles"],"picked":"Singing Bowl","floor":37},{"not_picked":["The Bomb","Dark Shackles","Secret Technique"],"picked":"Enlightenment","floor":37},{"not_picked":["HandOfGreed","Madness","Discovery","Purity"],"picked":"Singing Bowl","floor":37},{"not_picked":["Dodge and Roll","Halt","CrushJoints","Slice"],"picked":"Singing Bowl","floor":39},{"not_picked":["Body Slam","DoubleSpark","ShootingEcho","Tools of the Trade"],"picked":"Singing Bowl","floor":39},{"not_picked":["EventHorizon","Evolve","Force Field","Weave"],"picked":"Singing Bowl","floor":40},{"not_picked":["Leap","Meteor Strike","Lockon","Skewer"],"picked":"Singing Bowl","floor":44},{"not_picked":["Leap","Heavy Blade","Blizzard+1"],"picked":"Acrobatics","floor":45},{"not_picked":["Outmaneuver","Dagger Throw+1","Redo+1","Skewer+1"],"picked":"Singing Bowl","floor":45},{"not_picked":["SignatureMove","PowerUp","Conclude"],"picked":"EscapeVelocity","floor":47},{"not_picked":["Acceleration","NonDirectionalLaser","UnstableBomb","True Grit"],"picked":"Singing Bowl","floor":47},{"not_picked":["Perseverance","Gash","Prostrate+1","Clothesline"],"picked":"Singing Bowl","floor":48},{"not_picked":["Wish","Steam Power","Master of Strategy"],"picked":"Blur","floor":55}],"player_experience":421853,"relics_obtained":[{"floor":6.0,"key":"Darkstone Periapt"},{"floor":8.0,"key":"Ornamental Fan"},{"floor":9.0,"key":"Potion Belt"},{"floor":11.0,"key":"Strawberry"},{"floor":13.0,"key":"Prayer Wheel"},{"floor":23.0,"key":"Thread and Needle"},{"floor":25.0,"key":"CeramicFish"},{"floor":26.0,"key":"Tiny Chest"},{"floor":40,"key":"Whetstone"},{"floor":42,"key":"Bottled Tornado"},{"floor":44,"key":"MealTicket"},{"floor":48,"key":"FossilizedHelix"},{"floor":55,"key":"Bird Faced Urn"}],"event_choices":[{"cards_removed":["MasterSpark"],"damage_healed":0.0,"max_hp_gain":0.0,"max_hp_loss":0.0,"gold_gain":0.0,"event_name":"Golden Wing","player_choice":"Card Removal","floor":4.0,"gold_loss":0.0,"damage_taken":7.0},{"cards_removed":["EnergyRecoil"],"damage_healed":0.0,"max_hp_gain":0.0,"max_hp_loss":0.0,"gold_gain":0.0,"event_name":"Living Wall","player_choice":"Forget","floor":5.0,"gold_loss":0.0,"damage_taken":0.0},{"damage_healed":0.0,"max_hp_gain":0.0,"max_hp_loss":0.0,"gold_gain":0.0,"event_name":"Upgrade Shrine","player_choice":"Upgraded","floor":14.0,"gold_loss":0.0,"damage_taken":0.0,"cards_upgraded":["Singularity"]},{"damage_healed":0.0,"max_hp_gain":0.0,"max_hp_loss":0.0,"gold_gain":0.0,"event_name":"Upgrade Shrine","player_choice":"Upgraded","floor":22.0,"gold_loss":0.0,"damage_taken":0.0,"cards_upgraded":["FinalSpark"]},{"damage_healed":0.0,"max_hp_gain":0.0,"max_hp_loss":0.0,"gold_gain":0.0,"event_name":"The Mausoleum","player_choice":"Ignored","floor":30.0,"gold_loss":0.0,"damage_taken":0.0},{"damage_healed":0,"gold_gain":0,"player_choice":"Memory 3","damage_taken":10,"max_hp_gain":0,"max_hp_loss":0,"event_name":"SensoryStone","floor":37,"gold_loss":0}],"is_beta":false,"boss_relics":[{"not_picked":["Calling Bell","Coffee Dripper"],"picked":"ExperimentalFamiliar"},{"not_picked":["Runic Dome","SlaversCollar"],"picked":"RampagingMagicTools"}],"items_purged_floors":[12,15,19,19],"is_endless":false,"potions_floor_spawned":[6,7,8,16,20,25,28,31,33,40,44,48],"ascension_level":20}}