{"host":"g01l53quoe6lrer0","time":1610221836,"event":{"mods":["2.2 Compatiblity","AchievementEnabler","BaseMod","Colored Map","Highlight Path","Keyboard Shortcuts","Minty Spire (QoL Compilation)","Permanent Neow","StSLib","SuperFastMode","everything is the same but u backflip on backflip"],"gold_per_floor":[112,125,50,64,8,40,58,58,58],"floor_reached":8,"playtime":179,"items_purged":[],"score":116,"play_id":"876f4b35-772f-4451-8a46-dca0f0889850","local_time":"20210110045036","is_ascension_mode":true,"campfire_choices":[],"circlet_count":0,"master_deck":["AscendersBane","Strike_R","Strike_R","Strike_R","Defend_R","Defend_R","Defend_R","Defend_R","Bash","Immolate","Clothesline","Wild Strike","Armaments","Wild Strike","Entrench"],"relics":["Burning Blood","Centennial Puzzle"],"acts_visited":["Exordium"],"potions_floor_usage":[],"damage_taken":[{"damage":9,"enemies":"Jaw Worm","floor":1,"turns":3},{"damage":11,"enemies":"Small Slimes","floor":2,"turns":3},{"damage":3,"enemies":"Cultist","floor":4,"turns":4},{"damage":57,"enemies":"Gremlin Nob","floor":6,"turns":5},{"damage":6,"enemies":"Looter","floor":7,"turns":3},{"damage":15,"enemies":"3 Sentries","floor":8,"turns":2}],"seed_played":"79103097801953407","potions_obtained":[{"floor":6,"key":"FearPotion"},{"floor":7,"key":"SmokeBomb"}],"is_trial":false,"path_per_floor":["M","M","?","M","$","E","M","E"],"character_chosen":"IRONCLAD","items_purchased":["Armaments"],"campfire_rested":0,"item_purchase_floors":[5],"current_hp_per_floor":[65,60,60,63,63,12,12,0,0],"gold":58,"neow_bonus":"TRANSFORM_CARD","is_daily":false,"chose_seed":false,"campfire_upgraded":0,"win_rate":0.0,"timestamp":1610221836,"path_taken":["M","M","?","M","$","E","M","E"],"items_purchased_type":["Card"],"build_version":"2020-12-22","purchased_purges":0,"victory":false,"max_hp_per_floor":[75,75,75,75,75,75,75,75,75],"card_choices":[{"not_picked":["Shrug It Off","Twin Strike"],"picked":"Clothesline","floor":1},{"not_picked":["Uppercut","Armaments"],"picked":"Wild Strike","floor":2},{"not_picked":["Pommel Strike","Heavy Blade","Bludgeon"],"picked":"SKIP","floor":4},{"not_picked":["Inflame","Flex"],"picked":"Wild Strike","floor":6},{"not_picked":["Armaments","Warcry"],"picked":"Entrench","floor":7}],"player_experience":121648,"relics_obtained":[{"floor":6,"key":"Centennial Puzzle"}],"event_choices":[{"cards_removed":["Strike_R"],"damage_healed":0,"gold_gain":0,"player_choice":"Card Removal","damage_taken":0,"max_hp_gain":0,"max_hp_loss":0,"event_name":"The Cleric","floor":3,"gold_loss":75}],"is_beta":false,"boss_relics":[],"items_purged_floors":[],"is_endless":false,"potions_floor_spawned":[6,7],"killed_by":"3 Sentries","ascension_level":20}}