{"host":"9op7xyky91xc1g6p","time":1610238497,"event":{"mods":["Act Like it!","Astrologer","Bartender","BaseMod","Beaked The Cultist","Better Altar","Better Note","Better Sensory Stone","Better Skull","Better Third Choice","Better Vampires","BshForSts","CapriCore","Energized Spire","Gensokyo","Hallownest","Hermit","Infinite Spire","Koishi","Magitek Elite","Marisa????????","Minty Spire (QoL Compilation)","Random Character Button","Remilia??????","Retaliation","Robot Space Explorer","Shade Mod","SpireExporter+","StSLib","The Animator","The Disciple","The Elementalist","The Hierophant","The Immortal","The Marked","The Mystic","The Poker Player","The Runesmith","The Spell Scribe","TheArtist","TheBandit","Trackpad","Yuyuko","??????REMEMod"],"gold_per_floor":[18,18,33,33,33,33,33,63,89,20,20,39,39,54,54,156,156,171,171,188,198,126,137,137,163,239,239,239],"floor_reached":27,"playtime":4839,"items_purged":[],"score":256,"play_id":"2ce82974-e68f-43b1-b9ea-11f087b5e6bb","local_time":"20210109162817","is_ascension_mode":false,"campfire_choices":[{"floor":6,"key":"REST"},{"data":"Darkness","floor":15,"key":"SMITH"}],"circlet_count":0,"master_deck":["Strike_B","Strike_B","Strike_B","Strike_B","Defend_B","Defend_B","Defend_B","Defend_B","Zap","Dualcast","Thunder Strike","PokerPlayerMod:StackedDeck","Darkness","infinitespire:Menacing","Cold Snap","Cold Snap","Blizzard","Cold Snap","Darkness+1","Electrodynamics","FTL","Cold Snap","Turbo","Stack","Cold Snap","Darkness+1","Echo Form","Stack"],"relics":["Cracked Core","REME_ComplimentaryCards","Orichalcum","infinitespire:Beetle Shell","MealTicket","Omamori","Hallownest:DreamNailRelic","Sozu","Oddly Smooth Stone","Gremlin Horn"],"acts_visited":["Hallownest:Greenpath","Hallownest:CityofTears"],"potions_floor_usage":[16,16],"damage_taken":[{"damage":0,"enemies":"Hallownest:monsterHuskWarrior","floor":1,"turns":5},{"damage":3,"enemies":"Hallownest:2_Baldur","floor":3,"turns":4},{"damage":4,"enemies":"Hallownest:eliteVengeflyKing","floor":8,"turns":11},{"damage":0,"enemies":"Hallownest:2_MossCreeps","floor":12,"turns":5},{"damage":4,"enemies":"Hallownest:2_Tiktiks_1_Baldur_1_Crawlid","floor":14,"turns":5},{"damage":26,"enemies":"Hallownest:BossBrokenVessel","floor":16,"turns":12},{"damage":17,"enemies":"Hallownest:Guard_and_Sentry","floor":18,"turns":6},{"damage":14,"enemies":"Hallownest:3_Youths","floor":20,"turns":6},{"damage":3,"enemies":"Hallownest:Warrior_and_Youth","floor":21,"turns":5},{"damage":4,"enemies":"Hallownest:monsterShrumalOgre","floor":23,"turns":4},{"damage":26,"enemies":"Hallownest:eliteWatcherKnight","floor":25,"turns":11},{"damage":12,"enemies":"Hallownest:3_Mistakes","floor":27,"turns":6}],"seed_played":"4903633437812991850","potions_obtained":[{"floor":3,"key":"Dexterity Potion"},{"floor":12,"key":"Energy Potion"}],"is_trial":false,"path_per_floor":["M","?","M","?","?","R","T","E","T","$","?","M","?","M","R","B",null,"M","?","M","M","$","M","?","E","T","M"],"character_chosen":"DEFECT","items_purchased":["Blizzard","Stack","Cold Snap"],"campfire_rested":1,"item_purchase_floors":[10,22,22],"current_hp_per_floor":[75,57,54,54,54,75,75,71,71,75,75,75,75,71,71,45,75,58,58,44,41,56,52,37,11,11,0,0],"gold":239,"neow_bonus":"THREE_RARE_CARDS","is_daily":false,"chose_seed":false,"campfire_upgraded":1,"win_rate":0.0,"timestamp":1610238497,"path_taken":["M","?","M","?","?","R","?","E","T","$","?","?","?","M","R","BOSS","M","?","M","M","$","M","?","E","T","M"],"items_purchased_type":["Card","Card","Card"],"build_version":"2020-12-22","purchased_purges":0,"victory":false,"max_hp_per_floor":[75,75,75,75,75,75,75,75,75,75,75,75,75,75,75,75,75,75,75,75,75,75,75,75,75,75,75,75],"card_choices":[{"not_picked":["Electrodynamics","Machine Learning"],"picked":"Thunder Strike","floor":0},{"not_picked":["Leap","Redo"],"picked":"Darkness","floor":1},{"not_picked":["infinitespire:Punishment","infinitespire:DeathsTouch"],"picked":"infinitespire:Menacing","floor":2},{"not_picked":["Turbo","Darkness"],"picked":"Cold Snap","floor":3},{"not_picked":["Redo","Sweeping Beam"],"picked":"Cold Snap","floor":8},{"not_picked":["FTL","Skim"],"picked":"Cold Snap","floor":12},{"not_picked":["REME_ForAll","Recycle"],"picked":"Darkness","floor":14},{"not_picked":["Thunder Strike","Rainbow"],"picked":"Electrodynamics","floor":16},{"not_picked":["Beam Cell","Go for the Eyes+1"],"picked":"FTL","floor":18},{"not_picked":["Hologram","REME_Whirling"],"picked":"Cold Snap","floor":20},{"not_picked":["Doom and Gloom","Skim+1"],"picked":"Turbo","floor":21},{"not_picked":["Chaos","Undo"],"picked":"Darkness+1","floor":23},{"not_picked":["Cold Snap","Turbo+1"],"picked":"Stack","floor":25}],"player_experience":359645,"relics_obtained":[{"floor":7,"key":"infinitespire:Beetle Shell"},{"floor":8,"key":"MealTicket"},{"floor":9,"key":"Omamori"},{"floor":25,"key":"Oddly Smooth Stone"},{"floor":26,"key":"Gremlin Horn"}],"event_choices":[{"damage_healed":0,"gold_gain":2,"player_choice":"2","damage_taken":0,"max_hp_gain":0,"max_hp_loss":15,"event_name":"betterStone:BetterStone","floor":24,"gold_loss":0}],"is_beta":false,"boss_relics":[{"not_picked":["beaked:MawFillet","Inserter"],"picked":"Sozu"}],"items_purged_floors":[],"is_endless":false,"potions_floor_spawned":[3,12,18,25],"killed_by":"Hallownest:3_Mistakes","ascension_level":0}}