{"host":"kn32u0f2pym5bozc","time":1610187082,"event":{"mods":["2.2 Compatiblity","BaseMod","Better Third Choice","Minty Spire (QoL Compilation)","Permanent Neow","Relic Stats","StSLib","The Animator"],"gold_per_floor":[119,151,151,169,192,192,117,117,117,117,152,152,185,212,212,305,305,323,248,265,287,287,287,320,320,344,344,393,415,415,465,465,541,541,558,141,0,26,54,54,85,85,85,102,116,149,149,149,149,149,149],"floor_reached":50,"playtime":3937,"items_purged":["animator:Strike","animator:Defend"],"score":1291,"play_id":"ef561540-fbba-494f-aa53-0fd65482b636","local_time":"20210109051122","is_ascension_mode":true,"campfire_choices":[{"data":"animator:DwarfShaman","floor":6.0,"key":"SMITH"},{"data":"animator:LizardPriest","floor":8.0,"key":"SMITH"},{"floor":12.0,"key":"REST"},{"data":"animator:Vanir","floor":15.0,"key":"SMITH"},{"data":"animator:Evileye","floor":23.0,"key":"SMITH"},{"data":"animator:Jibril","floor":25.0,"key":"SMITH"},{"floor":27.0,"key":"REST"},{"data":"animator:Vesta","floor":30.0,"key":"SMITH"},{"data":"animator:GuildGirl","floor":32.0,"key":"SMITH"},{"data":"animator:Nanami","floor":40.0,"key":"SMITH"},{"data":"animator:Ain","floor":42.0,"key":"SMITH"},{"floor":47.0,"key":"REST"},{"floor":49.0,"key":"REST"}],"circlet_count":0,"master_deck":["AscendersBane","animator:Strike_GoblinSlayer+1","animator:Defend_GoblinSlayer+1","animator:Strike+1","animator:Defend","animator:Defend","animator:LizardPriest+1","animator:DwarfShaman+1","animator:Aisha+1","animator:Caster","animator:Vanir+1","animator:Witch+1","animator:Chung","animator:SayakaMiki","animator:GuildGirl+1","animator:Benimaru","animator:SwordMaiden","animator:Evileye+1","animator:Jibril+1","animator:OrikoMikuni","animator:Nanami+1","animator:Arpeggio","animator:Vesta+1","animator:ChaikaTrabant","animator:DolaStephanie+1","animator:Sebas","animator:Witch","animator:Ain+1","Parasite","animator:Verdia","animator:Priestess","animator:YunYun","animator:FielNirvalen"],"relics":["animator:VividPicture","animator:TheMissingPiece","animator:PurgingStone","FossilizedHelix","animator:BattleDrones","Dream Catcher","Meat on the Bone","Whetstone","Orichalcum","Centennial Puzzle","Cursed Key","animator:AlchemistGlove","Red Mask","Blue Candle","Lantern"],"acts_visited":["Exordium","TheCity","TheBeyond"],"potions_floor_usage":[],"damage_taken":[{"damage":0.0,"enemies":"Small Slimes","floor":1.0,"turns":4.0},{"damage":0.0,"enemies":"Jaw Worm","floor":2.0,"turns":5.0},{"damage":0.0,"enemies":"2 Louse","floor":4.0,"turns":3.0},{"damage":18.0,"enemies":"Lots of Slimes","floor":5.0,"turns":9.0},{"damage":22.0,"enemies":"3 Sentries","floor":11.0,"turns":8.0},{"damage":3.0,"enemies":"Lagavulin","floor":13.0,"turns":7.0},{"damage":13.0,"enemies":"Large Slime","floor":14.0,"turns":6.0},{"damage":0.0,"enemies":"Hexaghost","floor":16.0,"turns":9.0},{"damage":14.0,"enemies":"3 Byrds","floor":18.0,"turns":4.0},{"damage":0.0,"enemies":"Spheric Guardian","floor":20.0,"turns":4.0},{"damage":4.0,"enemies":"Centurion and Healer","floor":21.0,"turns":7.0},{"damage":0.0,"enemies":"animator:HornedBat","floor":24.0,"turns":7.0},{"damage":0.0,"enemies":"Gremlin Leader","floor":28.0,"turns":7.0},{"damage":0.0,"enemies":"Snake Plant","floor":29.0,"turns":5.0},{"damage":20.0,"enemies":"Champ","floor":33.0,"turns":8.0},{"damage":0.0,"enemies":"Orb Walker","floor":35.0,"turns":4.0},{"damage":0.0,"enemies":"3 Darklings","floor":38.0,"turns":5.0},{"damage":9.0,"enemies":"4 Shapes","floor":39.0,"turns":4.0},{"damage":0.0,"enemies":"Nemesis","floor":41.0,"turns":5.0},{"damage":24.0,"enemies":"Writhing Mass","floor":44.0,"turns":4.0},{"damage":0.0,"enemies":"Transient","floor":45.0,"turns":6.0},{"damage":53.0,"enemies":"Reptomancer","floor":46.0,"turns":5.0},{"damage":47,"enemies":"Awakened One","floor":50,"turns":8}],"seed_played":"2187201669858885590","potions_obtained":[{"floor":1.0,"key":"ColorlessPotion"},{"floor":4.0,"key":"Regen Potion"},{"floor":5.0,"key":"EntropicBrew"},{"floor":13.0,"key":"BlessingOfTheForge"},{"floor":20.0,"key":"GamblersBrew"},{"floor":21.0,"key":"Explosive Potion"},{"floor":29.0,"key":"BlessingOfTheForge"},{"floor":33.0,"key":"Fire Potion"},{"floor":39.0,"key":"Energy Potion"},{"floor":41.0,"key":"Dexterity Potion"},{"floor":44.0,"key":"FairyPotion"}],"is_trial":false,"path_per_floor":["M","M","?","M","M","R","?","R","T","?","E","R","E","M","R","B",null,"M","$","M","M","?","R","E","R","T","R","E","M","R","?","R","B",null,"M","$","?","M","M","R","E","R","T","M","M","E","R","?","R","B"],"character_chosen":"THE_ANIMATOR","items_purchased":["animator:AlchemistGlove"],"campfire_rested":4,"item_purchase_floors":[36],"current_hp_per_floor":[54,54,54,54,51,51,51,51,51,35,13,29,27,26,26,38,51,37,37,37,33,33,33,33,33,33,49,49,49,49,49,49,29,49,49,49,49,49,40,40,40,40,40,28,29,13,29,29,45,0,0],"gold":149,"neow_bonus":"ONE_RARE_RELIC","is_daily":false,"chose_seed":false,"campfire_upgraded":9,"win_rate":0.0,"timestamp":1610187082,"path_taken":["M","M","?","M","M","R","?","R","T","?","E","R","E","?","R","BOSS","M","$","M","M","?","R","E","R","T","R","E","M","R","?","R","BOSS","M","$","?","M","M","R","E","R","T","M","M","E","R","?","R","BOSS"],"items_purchased_type":["Relic"],"build_version":"2020-12-22","purchased_purges":2,"victory":false,"max_hp_per_floor":[54,54,54,54,54,54,54,54,54,54,54,54,55,55,55,55,55,55,55,55,55,55,55,55,55,55,55,55,55,55,55,55,55,55,55,55,55,55,55,55,55,55,55,55,56,56,56,56,56,56,56],"relic_stats":{"Dream Catcher":4,"Centennial Puzzle":[15],"counters":[23,133],"Blue Candle":[1],"Whetstone":["animator:Strike_GoblinSlayer","animator:Strike"],"Orichalcum":[6],"Cursed Key":0,"obtain_stats":[{"Lantern":46,"animator:TheMissingPiece":0,"animator:BattleDrones":9,"Blue Candle":41,"Whetstone":24,"Orichalcum":26,"Cursed Key":34,"Dream Catcher":11,"Centennial Puzzle":28,"animator:PurgingStone":0,"animator:LivingPicture":0,"Red Mask":37,"animator:VividPicture":17,"animator:AlchemistGlove":36,"FossilizedHelix":0,"Meat on the Bone":13},{"Lantern":22,"animator:TheMissingPiece":0,"animator:BattleDrones":4,"Blue Candle":19,"Whetstone":12,"Orichalcum":12,"Cursed Key":15,"Dream Catcher":5,"Centennial Puzzle":13,"animator:PurgingStone":0,"animator:LivingPicture":0,"Red Mask":16,"animator:VividPicture":8,"animator:AlchemistGlove":16,"FossilizedHelix":0,"Meat on the Bone":6},{"Lantern":125,"animator:TheMissingPiece":0,"animator:BattleDrones":20,"Blue Candle":110,"Whetstone":72,"Orichalcum":72,"Cursed Key":92,"Dream Catcher":28,"Centennial Puzzle":79,"animator:PurgingStone":0,"animator:LivingPicture":0,"Red Mask":96,"animator:VividPicture":50,"animator:AlchemistGlove":96,"FossilizedHelix":0,"Meat on the Bone":35}],"Meat on the Bone":48},"card_choices":[{"not_picked":["animator:NarberalGamma","animator:Kazuma"],"picked":"animator:Aisha","floor":1.0},{"not_picked":["animator:Emonzaemon","animator:NagisaMomoe"],"picked":"animator:Caster","floor":2.0},{"not_picked":["animator:Mitsuba","animator:Guy"],"picked":"animator:Vanir","floor":4.0},{"not_picked":["animator:Priestess","animator:DwarfShaman"],"picked":"animator:Witch","floor":5.0},{"not_picked":["animator:Yoichi","animator:Mitsuba"],"picked":"animator:Chung","floor":11.0},{"not_picked":["animator:Togame","animator:Add"],"picked":"animator:SayakaMiki","floor":12.0},{"not_picked":["animator:IrohaTamaki","animator:NarberalGamma"],"picked":"animator:GuildGirl","floor":13.0},{"not_picked":["animator:Ara","animator:Yoichi"],"picked":"animator:Benimaru","floor":14.0},{"not_picked":["animator:AcuraShin","animator:FeridBathory"],"picked":"animator:SwordMaiden","floor":16.0},{"not_picked":["animator:Shalltear+1","animator:Mitsurugi"],"picked":"animator:Evileye","floor":20.0},{"not_picked":["animator:DolaRiku","animator:Kazuma"],"picked":"animator:Jibril","floor":21.0},{"not_picked":["animator:Shichika","animator:Kazuma"],"picked":"animator:OrikoMikuni","floor":24.0},{"not_picked":["animator:Mitsuba","animator:ChaikaBohdan"],"picked":"animator:Nanami","floor":27.0},{"not_picked":["animator:Kuribayashi","animator:Tyuule"],"picked":"animator:Arpeggio","floor":28.0},{"not_picked":["animator:Togame","animator:Tet"],"picked":"animator:Vesta","floor":29.0},{"not_picked":["animator:Shizu","animator:PinaCoLada"],"picked":"animator:ChaikaTrabant","floor":33.0},{"not_picked":["animator:Guy","animator:SuzuneAmano"],"picked":"animator:DolaStephanie+1","floor":35.0},{"not_picked":["animator:Geryuganshoop","animator:Kazuma"],"picked":"animator:Sebas","floor":38.0},{"not_picked":["animator:GuildGirl","animator:LizardPriest"],"picked":"animator:Witch","floor":39.0},{"not_picked":["animator:NarberalGamma","animator:Shuna"],"picked":"animator:Ain","floor":41.0},{"not_picked":["animator:Caster","animator:KyokoSakura"],"picked":"animator:Verdia","floor":44.0},{"not_picked":["animator:Sora","animator:FielNirvalen+1"],"picked":"animator:Priestess","floor":45.0},{"not_picked":["animator:Verdia","animator:Darkness"],"picked":"animator:YunYun","floor":46.0},{"not_picked":["animator:Shichika","animator:Hakurou"],"picked":"animator:FielNirvalen","floor":47.0}],"player_experience":812748,"relics_obtained":[{"floor":9.0,"key":"animator:BattleDrones"},{"floor":11.0,"key":"Dream Catcher"},{"floor":13.0,"key":"Meat on the Bone"},{"floor":24.0,"key":"Whetstone"},{"floor":26.0,"key":"Orichalcum"},{"floor":28.0,"key":"Centennial Puzzle"},{"floor":41.0,"key":"Blue Candle"},{"floor":46.0,"key":"Lantern"}],"event_choices":[{"damage_healed":0.0,"max_hp_gain":0.0,"max_hp_loss":0.0,"gold_gain":0.0,"event_name":"Living Wall","player_choice":"Grow","floor":3.0,"gold_loss":0.0,"damage_taken":0.0,"cards_upgraded":["animator:Aisha"]},{"cards_removed":["animator:Strike"],"damage_healed":0.0,"max_hp_gain":0.0,"max_hp_loss":0.0,"gold_gain":0.0,"event_name":"The Cleric","player_choice":"Card Removal","floor":7.0,"gold_loss":75.0,"damage_taken":0.0},{"damage_healed":51.0,"max_hp_gain":0.0,"max_hp_loss":54.0,"gold_gain":0.0,"event_name":"betterThird:BetterShining","player_choice":"Upgrade","floor":10.0,"gold_loss":0.0,"damage_taken":16.0,"cards_upgraded":["animator:Defend_GoblinSlayer","animator:Witch"]},{"damage_healed":0.0,"max_hp_gain":0.0,"max_hp_loss":0.0,"gold_gain":0.0,"event_name":"Vampires","player_choice":"Ignored","floor":22.0,"gold_loss":0.0,"damage_taken":0.0},{"damage_healed":0.0,"max_hp_gain":0.0,"max_hp_loss":0.0,"gold_gain":50.0,"event_name":"betterThird:BetterNest","player_choice":"Steal","floor":31.0,"gold_loss":0.0,"damage_taken":0.0},{"damage_healed":0.0,"max_hp_gain":0.0,"max_hp_loss":0.0,"gold_gain":0.0,"event_name":"Tomb of Lord Red Mask","player_choice":"Paid","floor":37.0,"gold_loss":141.0,"damage_taken":0.0,"relics_obtained":["Red Mask"]},{"damage_healed":0.0,"max_hp_gain":0.0,"max_hp_loss":0.0,"gold_gain":0.0,"event_name":"Mysterious Sphere","player_choice":"Ignored","floor":48.0,"gold_loss":0.0,"damage_taken":0.0}],"is_beta":false,"boss_relics":[{"not_picked":["Astrolabe","Black Star"],"picked":"animator:VividPicture"},{"not_picked":["SacredBark","Runic Dome"],"picked":"Cursed Key"}],"items_purged_floors":[19,36],"is_endless":false,"potions_floor_spawned":[1,4,5,13,20,21,29,33,39,41,44],"killed_by":"Awakened One","ascension_level":17}}