{"host":"7sni158j623xchr2","time":1610176434,"event":{"mods":["BaseMod","Colored Map","Highlight Path","Minty Spire (QoL Compilation)","Permanent Neow","Potion Indicator Mod","Rare Cards Sparkle","Relic Sorter","Relic Stats","StSLib","everything is the same but u backflip on backflip"],"gold_per_floor":[110,110,120,120,120,120,147,32,58,88,108,143,143,143,143,221,221,231,231,146,146,157,185,185,185,185,216,141,2,2,28,28,107,107,117,0,13,13,13,13,24,56,56,56,0,31,31,42,42,42,42,42,42,42,42,42],"floor_reached":55,"playtime":1852,"items_purged":[],"score":2061,"play_id":"3a1cd8f6-02d3-4936-8a61-3fb73629e441","local_time":"20210109011354","is_ascension_mode":true,"campfire_choices":[{"data":"Dash","floor":6,"key":"SMITH"},{"data":"Noxious Fumes","floor":13,"key":"SMITH"},{"data":"Deadly Poison","floor":15,"key":"SMITH"},{"data":"Malaise","floor":25,"key":"SMITH"},{"data":"Catalyst","floor":30,"key":"SMITH"},{"data":"Glass Knife","floor":32,"key":"SMITH"},{"data":"Night Terror","floor":40,"key":"SMITH"},{"data":"Footwork","floor":44,"key":"SMITH"},{"data":"Well Laid Plans","floor":47,"key":"SMITH"},{"floor":49,"key":"RECALL"},{"data":"Neutralize","floor":53,"key":"SMITH"}],"circlet_count":0,"master_deck":["AscendersBane","Strike_G+1","Strike_G","Strike_G","Strike_G+1","Strike_G","Defend_G","Defend_G","Defend_G","Defend_G","Defend_G","Survivor","Neutralize+1","Dash+1","Sucker Punch","Malaise+1","Backstab","Footwork+1","Deadly Poison+1","Well Laid Plans+1","Noxious Fumes+1","Glass Knife+1","Necronomicurse","Catalyst+1","PiercingWail","Night Terror+1","Expertise","Crippling Poison+1","Dodge and Roll","Backflip","PiercingWail"],"relics":["Ring of the Snake","NeowsBlessing","PreservedInsect","Turnip","Blood Vial","Lizard Tail","Strawberry","SlaversCollar","Gremlin Horn","Paper Crane","Necronomicon","Blue Candle","Pantograph","Meat on the Bone","Bottled Tornado","Molten Egg 2","Philosopher\u0027s Stone","Red Mask","Pocketwatch"],"acts_visited":["Exordium","TheCity","TheBeyond","TheEnding"],"potions_floor_usage":[10,12,23,33,41,50],"damage_taken":[{"damage":0,"enemies":"Jaw Worm","floor":1,"turns":1},{"damage":0,"enemies":"Cultist","floor":3,"turns":1},{"damage":0,"enemies":"Lagavulin","floor":7,"turns":1},{"damage":25,"enemies":"Gremlin Nob","floor":10,"turns":4},{"damage":0,"enemies":"Small Slimes","floor":11,"turns":3},{"damage":0,"enemies":"Lagavulin","floor":12,"turns":6},{"damage":21,"enemies":"Slime Boss","floor":16,"turns":10},{"damage":5,"enemies":"Spheric Guardian","floor":18,"turns":6},{"damage":31,"enemies":"3 Byrds","floor":22,"turns":7},{"damage":20,"enemies":"Slavers","floor":23,"turns":4},{"damage":14,"enemies":"Gremlin Leader","floor":27,"turns":9},{"damage":14,"enemies":"Book of Stabbing","floor":31,"turns":4},{"damage":17,"enemies":"Champ","floor":33,"turns":8},{"damage":14,"enemies":"Orb Walker","floor":35,"turns":2},{"damage":46,"enemies":"3 Darklings","floor":37,"turns":6},{"damage":14,"enemies":"4 Shapes","floor":41,"turns":5},{"damage":28,"enemies":"Giant Head","floor":42,"turns":8},{"damage":3,"enemies":"Reptomancer","floor":46,"turns":4},{"damage":5,"enemies":"Sphere and 2 Shapes","floor":48,"turns":5},{"damage":49,"enemies":"Awakened One","floor":50,"turns":16},{"damage":34,"enemies":"Time Eater","floor":51,"turns":14},{"damage":101,"enemies":"Shield and Spear","floor":55,"turns":3}],"seed_played":"1059177865995284541","potions_obtained":[{"floor":1,"key":"CultistPotion"},{"floor":2,"key":"GamblersBrew"},{"floor":22,"key":"Explosive Potion"},{"floor":33,"key":"GamblersBrew"},{"floor":41,"key":"Dexterity Potion"}],"is_trial":false,"path_per_floor":["M","?","M","?","?","R","E","$","T","E","M","E","R","?","R","B",null,"M","?","?","?","M","E","T","R","T","E","?","$","R","E","R","B",null,"M","?","M","?","?","R","M","E","T","R","$","E","R","M","R","B","B",null,"R","$","E"],"character_chosen":"THE_SILENT","items_purchased":["Backstab","Footwork","DuplicationPotion","PiercingWail","Backflip"],"campfire_rested":0,"item_purchase_floors":[8,8,29,29,45],"current_hp_per_floor":[59,59,59,64,59,59,59,59,59,36,38,47,47,24,24,5,60,57,57,57,36,7,39,39,39,39,39,39,39,39,39,39,49,71,59,59,27,27,27,27,27,13,13,13,13,24,24,33,33,23,28,63,63,63,0,0],"gold":42,"neow_bonus":"THREE_ENEMY_KILL","is_daily":false,"chose_seed":false,"campfire_upgraded":10,"win_rate":0.0,"timestamp":1610176434,"path_taken":["M","?","?","?","?","R","E","?","T","E","M","E","R","?","R","BOSS","M","?","?","?","?","E","?","R","T","E","?","$","R","E","R","BOSS","M","?","M","?","?","R","M","E","T","R","$","E","R","M","R","BOSS","BOSS","R","$","E"],"items_purchased_type":["Card","Card","Potion","Card","Card"],"build_version":"2020-12-22","purchased_purges":0,"victory":false,"max_hp_per_floor":[66,66,66,71,71,71,71,71,71,71,71,78,78,78,78,78,78,78,78,78,78,78,78,78,78,78,78,78,78,78,78,78,78,78,78,78,78,74,74,74,74,74,74,74,74,74,74,74,74,74,74,74,74,74,74,74],"relic_stats":{"Gremlin Horn":[27,27],"counters":[22,127],"Blue Candle":[1],"PreservedInsect":453,"Blood Vial":38,"Lizard Tail":39,"Pantograph":75,"Turnip":[21],"Necronomicon":[27],"obtain_stats":[{"NeowsBlessing":0,"Gremlin Horn":19,"Blue Candle":23,"PreservedInsect":5,"Paper Crane":20,"Bottled Tornado":27,"Blood Vial":9,"SlaversCollar":17,"Lizard Tail":10,"Strawberry":12,"Pantograph":24,"Molten Egg 2":31,"Philosopher\u0027s Stone":34,"Turnip":7,"Necronomicon":21,"Red Mask":36,"Ring of the Snake":0,"Meat on the Bone":26,"Pocketwatch":42},{"NeowsBlessing":0,"Gremlin Horn":8,"Blue Candle":10,"PreservedInsect":2,"Paper Crane":8,"Bottled Tornado":11,"Blood Vial":3,"SlaversCollar":7,"Lizard Tail":4,"Strawberry":6,"Pantograph":10,"Molten Egg 2":12,"Philosopher\u0027s Stone":13,"Turnip":3,"Necronomicon":8,"Red Mask":14,"Ring of the Snake":0,"Meat on the Bone":10,"Pocketwatch":17},{"NeowsBlessing":0,"Gremlin Horn":32,"Blue Candle":43,"PreservedInsect":2,"Paper Crane":32,"Bottled Tornado":52,"Blood Vial":3,"SlaversCollar":26,"Lizard Tail":7,"Strawberry":16,"Pantograph":43,"Molten Egg 2":56,"Philosopher\u0027s Stone":64,"Turnip":3,"Necronomicon":32,"Red Mask":66,"Ring of the Snake":0,"Meat on the Bone":43,"Pocketwatch":85}],"Ring of the Snake":[44],"Meat on the Bone":108,"Pocketwatch":[21]},"card_choices":[{"not_picked":["Skewer","Underhanded Strike"],"picked":"Dash","floor":1},{"not_picked":["Dodge and Roll","Bane"],"picked":"Sucker Punch","floor":3},{"not_picked":["Finisher","Quick Slash"],"picked":"Malaise","floor":7},{"not_picked":["Flechettes","Dagger Throw"],"picked":"Deadly Poison","floor":10},{"not_picked":["Poisoned Stab","Expertise"],"picked":"Well Laid Plans","floor":11},{"not_picked":["Reflex","Setup"],"picked":"Noxious Fumes","floor":12},{"not_picked":["Malaise","Storm of Steel"],"picked":"Glass Knife","floor":16},{"not_picked":["Cloak And Dagger","Outmaneuver","Dodge and Roll"],"picked":"SKIP","floor":18},{"not_picked":["Concentrate","Bane"],"picked":"Catalyst","floor":22},{"not_picked":["Bane","Skewer+1","Blade Dance"],"picked":"SKIP","floor":23},{"not_picked":["Endless Agony","Prepared","Skewer"],"picked":"SKIP","floor":27},{"not_picked":["Eviscerate+1","Infinite Blades","Dagger Throw+1"],"picked":"SKIP","floor":31},{"not_picked":["Unload+1","Bullet Time"],"picked":"Night Terror","floor":33},{"not_picked":["Blade Dance","Flechettes+1"],"picked":"Expertise","floor":35},{"not_picked":["Outmaneuver+1","Poisoned Stab+1","Accuracy"],"picked":"SKIP","floor":37},{"not_picked":["Skewer+1","Blade Dance+1"],"picked":"Crippling Poison+1","floor":41},{"not_picked":["Dagger Spray+1","Sucker Punch+1"],"picked":"Dodge and Roll","floor":42},{"not_picked":["Calculated Gamble","Phantasmal Killer"],"picked":"PiercingWail","floor":46},{"not_picked":["Masterful Stab+1","Flechettes+1","Bane+1"],"picked":"SKIP","floor":48}],"player_experience":1608136,"relics_obtained":[{"floor":7,"key":"Turnip"},{"floor":9,"key":"Blood Vial"},{"floor":10,"key":"Lizard Tail"},{"floor":12,"key":"Strawberry"},{"floor":21,"key":"Necronomicon"},{"floor":23,"key":"Blue Candle"},{"floor":24,"key":"Pantograph"},{"floor":26,"key":"Meat on the Bone"},{"floor":27,"key":"Bottled Tornado"},{"floor":31,"key":"Molten Egg 2"},{"floor":42,"key":"Pocketwatch"}],"event_choices":[{"damage_healed":0,"gold_gain":0,"player_choice":"Got Potions","damage_taken":0,"max_hp_gain":0,"max_hp_loss":0,"event_name":"Lab","floor":2,"gold_loss":0},{"damage_healed":0,"gold_gain":0,"player_choice":"Donut","damage_taken":0,"max_hp_gain":5,"max_hp_loss":0,"event_name":"Big Fish","floor":4,"gold_loss":0},{"damage_healed":0,"gold_gain":0,"player_choice":"Success","damage_taken":5,"relics_obtained":["PreservedInsect"],"max_hp_gain":0,"max_hp_loss":0,"event_name":"Scrap Ooze","floor":5,"gold_loss":0},{"damage_healed":0,"gold_gain":0,"player_choice":"Entered Light","damage_taken":23,"max_hp_gain":0,"max_hp_loss":0,"event_name":"Shining Light","floor":14,"gold_loss":0,"cards_upgraded":["Strike_G","Strike_G"]},{"damage_healed":0,"gold_gain":0,"player_choice":"Opened","damage_taken":0,"relics_obtained":["Gremlin Horn"],"max_hp_gain":0,"max_hp_loss":0,"event_name":"The Mausoleum","floor":19,"gold_loss":0,"cards_obtained":["Writhe"]},{"damage_healed":0,"gold_gain":0,"player_choice":"Obtained Relic","damage_taken":0,"relics_obtained":["Paper Crane"],"max_hp_gain":0,"max_hp_loss":0,"event_name":"Addict","floor":20,"gold_loss":85},{"damage_healed":0,"gold_gain":0,"player_choice":"Obtained Book","damage_taken":21,"max_hp_gain":0,"max_hp_loss":0,"event_name":"Cursed Tome","floor":21,"gold_loss":0},{"cards_removed":["Writhe"],"damage_healed":0,"gold_gain":0,"player_choice":"Gave Gold","damage_taken":0,"max_hp_gain":0,"max_hp_loss":0,"event_name":"Beggar","floor":28,"gold_loss":75},{"damage_healed":0,"gold_gain":0,"player_choice":"Paid","damage_taken":0,"relics_obtained":["Red Mask"],"max_hp_gain":0,"max_hp_loss":0,"event_name":"Tomb of Lord Red Mask","floor":36,"gold_loss":117},{"damage_healed":0,"gold_gain":0,"player_choice":"Max HP","damage_taken":0,"max_hp_gain":0,"max_hp_loss":4,"event_name":"Winding Halls","floor":38,"gold_loss":0},{"damage_healed":0,"gold_gain":0,"player_choice":"Ignored","damage_taken":0,"max_hp_gain":0,"max_hp_loss":0,"event_name":"Mysterious Sphere","floor":39,"gold_loss":0}],"is_beta":false,"boss_relics":[{"not_picked":["HoveringKite","Fusion Hammer"],"picked":"SlaversCollar"},{"not_picked":["Pandora\u0027s Box","Runic Pyramid"],"picked":"Philosopher\u0027s Stone"}],"items_purged_floors":[],"is_endless":false,"potions_floor_spawned":[1,7,22,33,41],"killed_by":"Shield and Spear","ascension_level":20}}