{"host":"tw7a6rmo9h75ssrt","time":1610150487,"event":{"mods":["AchievementEnabler","Act Like it!","BaseMod","Colored Map","Highlight Path","Minty Spire (QoL Compilation)","Permanent Neow","Quick Restart","Relic Stats","SuperFastMode"],"gold_per_floor":[116,116,133,133,133,169,189,189,189,212,250,175,275,290,290,386,386,404,417,417,417,417,455,355,355,382,407,425,440,440,465,465,564,564,585,585,604,191,209,209,233,301,325,325,325,345,380,711,711,711],"floor_reached":51,"playtime":2305,"items_purged":["Strike_R","Strike_R"],"score":1466,"play_id":"8c161f85-1cd7-4b20-8123-896490003871","local_time":"20210109080127","is_ascension_mode":true,"campfire_choices":[{"data":"Second Wind","floor":8.0,"key":"SMITH"},{"data":"Offering","floor":15.0,"key":"SMITH"},{"data":"Strike_R","floor":30.0,"key":"PURGE"},{"data":"Defend_R","floor":32.0,"key":"PURGE"},{"data":"Bludgeon","floor":40,"key":"SMITH"},{"floor":45,"key":"DIG"},{"floor":49,"key":"DIG"}],"circlet_count":0,"master_deck":["AscendersBane","Strike_R","Defend_R","Defend_R","Bash","Second Wind+1","Carnage+1","Burning Pact","Offering+1","Impervious","Flame Barrier","Bludgeon+1","Demon Form"],"relics":["Burning Blood","NeowsBlessing","Golden Idol","HornCleat","Pantograph","Self Forming Clay","Snecko Eye","Matryoshka","Nunchaku","Singing Bowl","Bag of Preparation","Eternal Feather","Peace Pipe","Potion Belt","Philosopher\u0027s Stone","Bottled Flame","Brimstone","Bronze Scales","Shovel","Ancient Tea Set","Omamori","Calipers","Old Coin","Shuriken"],"acts_visited":["Exordium","TheCity","TheBeyond"],"potions_floor_usage":[50,50,50],"damage_taken":[{"damage":0.0,"enemies":"2 Louse","floor":1.0,"turns":1.0},{"damage":0.0,"enemies":"Cultist","floor":3.0,"turns":1.0},{"damage":0.0,"enemies":"Lagavulin","floor":6.0,"turns":1.0},{"damage":0.0,"enemies":"Jaw Worm","floor":7.0,"turns":3.0},{"damage":4.0,"enemies":"Gremlin Gang","floor":10.0,"turns":4.0},{"damage":25.0,"enemies":"Gremlin Nob","floor":11.0,"turns":5.0},{"damage":11.0,"enemies":"Looter","floor":14.0,"turns":2.0},{"damage":58.0,"enemies":"Hexaghost","floor":16.0,"turns":12.0},{"damage":0.0,"enemies":"2 Thieves","floor":18.0,"turns":4.0},{"damage":6.0,"enemies":"Chosen","floor":19.0,"turns":2.0},{"damage":6.0,"enemies":"Book of Stabbing","floor":23.0,"turns":4.0},{"damage":6.0,"enemies":"Centurion and Healer","floor":27.0,"turns":4.0},{"damage":6.0,"enemies":"Snake Plant","floor":28.0,"turns":3.0},{"damage":0.0,"enemies":"Sentry and Sphere","floor":29.0,"turns":4.0},{"damage":6.0,"enemies":"Chosen and Byrds","floor":31.0,"turns":2.0},{"damage":59.0,"enemies":"Automaton","floor":33.0,"turns":9.0},{"damage":6.0,"enemies":"3 Darklings","floor":35.0,"turns":4.0},{"damage":0.0,"enemies":"3 Shapes","floor":37.0,"turns":3.0},{"damage":9,"enemies":"Writhing Mass","floor":39,"turns":2},{"damage":6,"enemies":"2 Orb Walkers","floor":42,"turns":2},{"damage":6,"enemies":"4 Shapes","floor":46,"turns":3},{"damage":20,"enemies":"Nemesis","floor":47,"turns":3},{"damage":6,"enemies":"Mind Bloom Boss Battle","floor":48,"turns":2},{"damage":94,"enemies":"Awakened One","floor":50,"turns":8}],"seed_played":"3563180289062714355","potions_obtained":[{"floor":1.0,"key":"Explosive Potion"},{"floor":11.0,"key":"SpeedPotion"},{"floor":14.0,"key":"Block Potion"},{"floor":18.0,"key":"AttackPotion"},{"floor":27.0,"key":"Strength Potion"},{"floor":28.0,"key":"BlessingOfTheForge"},{"floor":29.0,"key":"LiquidMemories"},{"floor":39,"key":"Swift Potion"},{"floor":42,"key":"Weak Potion"}],"is_trial":false,"path_per_floor":["M","?","M","?","?","E","M","R","T","M","E","$","?","M","R","B",null,"M","M","?","T","T","E","$","?","T","M","M","M","R","M","R","B",null,"M","?","M","$","M","R","T","?","T","?","R","M","E","?","R","B",null],"character_chosen":"IRONCLAD","items_purchased":["Bottled Flame","Brimstone"],"campfire_rested":0,"item_purchase_floors":[38,38],"current_hp_per_floor":[74,74,75,75,75,75,75,75,75,75,56,56,56,51,51,23,62,68,68,68,68,68,68,68,68,68,70,72,80,81,83,83,30,70,72,72,80,80,79,85,85,87,87,87,91,91,79,95,95,7],"gold":711,"neow_bonus":"THREE_ENEMY_KILL","is_daily":false,"chose_seed":false,"campfire_upgraded":3,"win_rate":0.0,"timestamp":1610150487,"path_taken":["M","?","?","?","?","E","M","R","T","?","E","$","?","?","R","BOSS","M","M","?","?","?","E","$","?","T","M","?","M","R","M","R","BOSS","M","?","?","$","M","R","?","?","T","?","R","?","E","?","R","BOSS"],"items_purchased_type":["Relic","Relic"],"build_version":"2020-12-22","purchased_purges":2,"victory":true,"max_hp_per_floor":[75,75,75,75,75,75,75,75,75,75,75,75,75,75,75,75,75,75,75,75,75,75,75,75,75,75,77,79,81,81,83,83,83,83,85,85,87,87,89,89,89,91,91,91,91,91,93,95,95,95],"relic_stats":{"Singing Bowl":20,"counters":[24,88],"Golden Idol":160,"Self Forming Clay":[108],"Eternal Feather":11,"Bag of Preparation":[28],"Burning Blood":125,"Peace Pipe":4,"Nunchaku":[11],"Shovel":2,"Shuriken":[3],"Pantograph":38,"Bronze Scales":[49],"Snecko Eye":[120,124,124,109],"obtain_stats":[{"Potion Belt":26,"Calipers":47,"NeowsBlessing":0,"Singing Bowl":21,"Golden Idol":4,"Self Forming Clay":11,"Eternal Feather":22,"Bag of Preparation":22,"Omamori":45,"Ancient Tea Set":43,"Burning Blood":0,"Old Coin":48,"Peace Pipe":23,"Nunchaku":21,"Bottled Flame":38,"HornCleat":6,"Matryoshka":20,"Shovel":42,"Brimstone":38,"Shuriken":49,"Pantograph":9,"Bronze Scales":41,"Snecko Eye":17,"Philosopher\u0027s Stone":34},{"Potion Belt":11,"Calipers":22,"NeowsBlessing":0,"Singing Bowl":10,"Golden Idol":2,"Self Forming Clay":6,"Eternal Feather":10,"Bag of Preparation":10,"Omamori":20,"Ancient Tea Set":20,"Burning Blood":0,"Old Coin":23,"Peace Pipe":11,"Nunchaku":10,"Bottled Flame":18,"HornCleat":3,"Matryoshka":10,"Shovel":20,"Brimstone":18,"Shuriken":23,"Pantograph":4,"Bronze Scales":19,"Snecko Eye":8,"Philosopher\u0027s Stone":16},{"Potion Belt":39,"Calipers":78,"NeowsBlessing":0,"Singing Bowl":35,"Golden Idol":2,"Self Forming Clay":15,"Eternal Feather":35,"Bag of Preparation":35,"Omamori":72,"Ancient Tea Set":72,"Burning Blood":0,"Old Coin":80,"Peace Pipe":39,"Nunchaku":35,"Bottled Flame":68,"HornCleat":3,"Matryoshka":35,"Shovel":72,"Brimstone":68,"Shuriken":80,"Pantograph":6,"Bronze Scales":70,"Snecko Eye":29,"Philosopher\u0027s Stone":61}]},"card_choices":[{"not_picked":["Clothesline","Sever Soul"],"picked":"Second Wind","floor":1.0},{"not_picked":["Shockwave","Pummel","Heavy Blade"],"picked":"SKIP","floor":3.0},{"not_picked":["Headbutt","Rampage"],"picked":"Burning Pact","floor":6.0},{"not_picked":["Blood for Blood","Combust","Fire Breathing"],"picked":"SKIP","floor":7.0},{"not_picked":["Warcry","Flex","Dual Wield"],"picked":"SKIP","floor":10.0},{"not_picked":["Shockwave","Sever Soul","Clash"],"picked":"SKIP","floor":11.0},{"not_picked":["Searing Blow","Dropkick"],"picked":"Offering","floor":14.0},{"not_picked":["Reaper","Feed"],"picked":"Impervious","floor":16.0},{"not_picked":["Iron Wave","Flex","Anger"],"picked":"SKIP","floor":18.0},{"not_picked":["Iron Wave","Carnage","Perfected Strike"],"picked":"SKIP","floor":19.0},{"not_picked":["Cleave","Limit Break"],"picked":"Flame Barrier","floor":23.0},{"not_picked":["Twin Strike","Bloodletting","Combust"],"picked":"Singing Bowl","floor":27.0},{"not_picked":["Uppercut","Thunderclap","Havoc"],"picked":"Singing Bowl","floor":28.0},{"not_picked":["Havoc","Metallicize","Immolate"],"picked":"Singing Bowl","floor":29.0},{"not_picked":["Evolve","Headbutt","Sword Boomerang"],"picked":"Singing Bowl","floor":31.0},{"not_picked":["Fiend Fire","Brutality"],"picked":"Bludgeon","floor":33.0},{"not_picked":["Heavy Blade+1","Warcry","Rampage"],"picked":"Singing Bowl","floor":35.0},{"not_picked":["Iron Wave","Feel No Pain","Armaments"],"picked":"Singing Bowl","floor":37.0},{"not_picked":["Pommel Strike+1","Clash+1","Headbutt"],"picked":"Singing Bowl","floor":39},{"not_picked":["Pommel Strike+1","Perfected Strike","Cleave"],"picked":"Singing Bowl","floor":42},{"not_picked":["Clash","True Grit+1"],"picked":"Demon Form","floor":46},{"not_picked":["Reckless Charge","Shrug It Off","Sword Boomerang"],"picked":"Singing Bowl","floor":47},{"not_picked":["Twin Strike","Shrug It Off","Sword Boomerang"],"picked":"Singing Bowl","floor":48}],"player_experience":122379,"relics_obtained":[{"floor":6.0,"key":"HornCleat"},{"floor":9.0,"key":"Pantograph"},{"floor":11.0,"key":"Self Forming Clay"},{"floor":21.0,"key":"Nunchaku"},{"floor":21.0,"key":"Singing Bowl"},{"floor":22.0,"key":"Bag of Preparation"},{"floor":22.0,"key":"Eternal Feather"},{"floor":23.0,"key":"Peace Pipe"},{"floor":26.0,"key":"Potion Belt"},{"floor":41,"key":"Bronze Scales"},{"floor":42,"key":"Shovel"},{"floor":43,"key":"Ancient Tea Set"},{"floor":45,"key":"Omamori"},{"floor":47,"key":"Calipers"},{"floor":48,"key":"Old Coin"},{"floor":49,"key":"Shuriken"}],"event_choices":[{"damage_healed":0.0,"max_hp_gain":0.0,"max_hp_loss":0.0,"gold_gain":0.0,"cards_transformed":["Strike_R"],"event_name":"Transmorgrifier","player_choice":"Transformed","floor":2.0,"gold_loss":0.0,"damage_taken":0.0,"cards_obtained":["Carnage"]},{"damage_healed":0.0,"max_hp_gain":0.0,"max_hp_loss":0.0,"gold_gain":0.0,"event_name":"Golden Idol","player_choice":"Take Wound","floor":4.0,"gold_loss":0.0,"damage_taken":0.0,"relics_obtained":["Golden Idol"],"cards_obtained":["Injury"]},{"damage_healed":0.0,"max_hp_gain":0.0,"max_hp_loss":0.0,"gold_gain":0.0,"event_name":"Upgrade Shrine","player_choice":"Upgraded","floor":5.0,"gold_loss":0.0,"damage_taken":0.0,"cards_upgraded":["Carnage"]},{"damage_healed":0.0,"max_hp_gain":0.0,"max_hp_loss":0.0,"gold_gain":100.0,"event_name":"Golden Shrine","player_choice":"Pray","floor":13.0,"gold_loss":0.0,"damage_taken":0.0},{"damage_healed":0.0,"max_hp_gain":0.0,"max_hp_loss":0.0,"gold_gain":0.0,"event_name":"The Mausoleum","player_choice":"Opened","floor":20.0,"gold_loss":0.0,"damage_taken":0.0,"relics_obtained":["Matryoshka"]},{"cards_removed":["Injury"],"damage_healed":0.0,"max_hp_gain":0.0,"max_hp_loss":0.0,"gold_gain":0.0,"event_name":"Back to Basics","player_choice":"Elegance","floor":25.0,"gold_loss":0.0,"damage_taken":0.0},{"cards_removed":["Defend_R"],"damage_healed":0.0,"max_hp_gain":0.0,"max_hp_loss":0.0,"gold_gain":0.0,"event_name":"Bonfire Elementals","player_choice":"Offered Basic","floor":36.0,"gold_loss":0.0,"damage_taken":0.0},{"damage_healed":0,"gold_gain":0,"player_choice":"Fight","damage_taken":0,"max_hp_gain":0,"max_hp_loss":0,"event_name":"Mysterious Sphere","floor":42,"gold_loss":0},{"damage_healed":0,"gold_gain":0,"player_choice":"0 cards matched","damage_taken":0,"max_hp_gain":0,"max_hp_loss":0,"event_name":"Match and Keep!","floor":44,"gold_loss":0,"cards_obtained":[]},{"damage_healed":0,"gold_gain":0,"player_choice":"Fight","damage_taken":0,"max_hp_gain":0,"max_hp_loss":0,"event_name":"MindBloom","floor":48,"gold_loss":0}],"is_beta":false,"boss_relics":[{"not_picked":["Empty Cage","Calling Bell"],"picked":"Snecko Eye"},{"not_picked":["SlaversCollar","Sozu"],"picked":"Philosopher\u0027s Stone"}],"items_purged_floors":[12,24],"is_endless":false,"potions_floor_spawned":[1,11,14,18,27,28,29,39,42],"ascension_level":14}}