{"host":"newqdrzxfhh2im9e","time":1610170179,"event":{"mods":["AchievementEnabler","BaseMod","BetterRewards","Block Reminder","Colored Map","Jorbs\u0027s Wanderer Trilogy","Minty Spire (QoL Compilation)","Rare Cards Sparkle","Shop Mod","StSLib"],"gold_per_floor":[114,133,146,146,161,161,179,195,222,243,243,274,288,308,308,308,308],"floor_reached":16,"playtime":475,"items_purged":[],"score":106,"play_id":"1fbc701d-bcf8-42e1-a01f-2d4494b4a909","local_time":"20210108212939","is_ascension_mode":false,"campfire_choices":[{"data":"WindmillStrike","floor":6,"key":"SMITH"},{"floor":11,"key":"REST"},{"floor":15,"key":"REST"}],"circlet_count":0,"master_deck":["Strike_P","Strike_P","Strike_P","Strike_P","Defend_P","Defend_P","Defend_P","Eruption","Vigilance","WheelKick","WindmillStrike+1","ReachHeaven","Vengeance","Consecrate","MentalFortress","Judgement","SpiritShield","WaveOfTheHand"],"relics":["PureWater","NeowsBlessing","Damaru","Odd Mushroom","Bottled Lightning"],"acts_visited":["Exordium"],"potions_floor_usage":[7,10,12,14,16],"damage_taken":[{"damage":0,"enemies":"Jaw Worm","floor":1,"turns":1},{"damage":0,"enemies":"Cultist","floor":2,"turns":1},{"damage":0,"enemies":"Small Slimes","floor":3,"turns":1},{"damage":12,"enemies":"Exordium Wildlife","floor":5,"turns":2},{"damage":9,"enemies":"Gremlin Gang","floor":7,"turns":4},{"damage":0,"enemies":"2 Fungi Beasts","floor":8,"turns":3},{"damage":15,"enemies":"The Mushroom Lair","floor":10,"turns":3},{"damage":18,"enemies":"3 Sentries","floor":12,"turns":2},{"damage":8,"enemies":"Exordium Wildlife","floor":13,"turns":2},{"damage":2,"enemies":"Looter","floor":14,"turns":2},{"damage":57,"enemies":"The Guardian","floor":16,"turns":12}],"seed_played":"3730760110106059839","potions_obtained":[{"floor":1,"key":"Energy Potion"},{"floor":2,"key":"Dexterity Potion"},{"floor":10,"key":"AttackPotion"},{"floor":13,"key":"LiquidMemories"},{"floor":14,"key":"Explosive Potion"}],"is_trial":false,"path_per_floor":["M","M","M","?","M","R","M","M","T","?","R","E","M","M","R","B"],"character_chosen":"WATCHER","items_purchased":[],"campfire_rested":2,"item_purchase_floors":[],"current_hp_per_floor":[72,72,72,72,60,60,51,51,51,36,57,39,31,29,50,0,0],"gold":308,"neow_bonus":"THREE_ENEMY_KILL","is_daily":false,"chose_seed":false,"campfire_upgraded":1,"win_rate":0.0,"timestamp":1610170179,"path_taken":["M","M","M","?","M","R","M","?","T","?","R","E","M","M","R","BOSS"],"items_purchased_type":[],"build_version":"2020-12-22","purchased_purges":0,"victory":false,"max_hp_per_floor":[72,72,72,72,72,72,72,72,72,72,72,72,72,72,72,72,72],"card_choices":[{"not_picked":["Prostrate","BowlingBash"],"picked":"WheelKick","floor":1},{"not_picked":["CrushJoints","FollowUp","ClearTheMind"],"picked":"SKIP","floor":2},{"not_picked":["Protect","Weave"],"picked":"WindmillStrike","floor":3},{"not_picked":["BowlingBash","CrushJoints"],"picked":"ReachHeaven","floor":5},{"not_picked":["Protect","FlyingSleeves"],"picked":"Vengeance","floor":7},{"not_picked":["WindmillStrike","CrushJoints"],"picked":"Consecrate","floor":8},{"not_picked":["BowlingBash","FollowUp"],"picked":"MentalFortress","floor":10},{"not_picked":["Protect","Consecrate"],"picked":"Judgement","floor":12},{"not_picked":["PathToVictory","EmptyFist"],"picked":"SpiritShield","floor":13},{"not_picked":["Crescendo","EmptyBody"],"picked":"WaveOfTheHand","floor":14}],"player_experience":712456,"relics_obtained":[{"floor":9,"key":"Damaru"},{"floor":10,"key":"Odd Mushroom"},{"floor":12,"key":"Bottled Lightning"}],"event_choices":[{"cards_removed":["Defend_P"],"damage_healed":0,"gold_gain":0,"player_choice":"Purged","damage_taken":0,"max_hp_gain":0,"max_hp_loss":0,"event_name":"Purifier","floor":4,"gold_loss":0},{"damage_healed":0,"gold_gain":0,"player_choice":"Fought Mushrooms","damage_taken":0,"max_hp_gain":0,"max_hp_loss":0,"event_name":"Mushrooms","floor":10,"gold_loss":0}],"is_beta":false,"boss_relics":[],"items_purged_floors":[],"is_endless":false,"potions_floor_spawned":[1,2,10,13,14],"killed_by":"The Guardian","ascension_level":0}}