{"host":"1a3cjta80tad0aqj","time":1610178124,"event":{"mods":["2.2 Compatiblity","AchievementEnabler","BaseMod","Colored Map","DeckTracker","KOR Keyword Fix","Keyboard Shortcuts","Minty Spire (QoL Compilation)","Permanent Neow","Quick Restart","Random Character Button","StSLib","SuperFastMode","everything is the same but u backflip on backflip"],"gold_per_floor":[112,124,49,49,49,49,76,76,76,90,110,10,26,46,46,146,146,161,161,176,96,116,116,134,134,134,9,24,123,123,52,52,147,147,162,65,83,83,83],"floor_reached":38,"playtime":1580,"items_purged":["Pray+1","Strike_P","Defend_P"],"score":426,"play_id":"5a1df967-c67c-43ba-b47b-978a76931980","local_time":"20210109164204","is_ascension_mode":false,"campfire_choices":[{"data":"Eruption","floor":6.0,"key":"SMITH"},{"data":"FlurryOfBlows","floor":8.0,"key":"SMITH"},{"data":"TalkToTheHand","floor":15.0,"key":"SMITH"},{"data":"Wallop","floor":23.0,"key":"SMITH"},{"data":"MentalFortress","floor":32.0,"key":"SMITH"}],"circlet_count":0,"master_deck":["Eruption+1","Vigilance","SashWhip+1","Crescendo+1","Halt","FlurryOfBlows+1","TalkToTheHand+1","BowlingBash","Adaptation+1","Wallop+1","Tantrum","MentalFortress+1"],"relics":["Astrolabe"],"acts_visited":["Exordium","TheCity","TheBeyond"],"potions_floor_usage":[],"damage_taken":[{"damage":0.0,"enemies":"Jaw Worm","floor":1.0,"turns":2.0},{"damage":0.0,"enemies":"2 Louse","floor":2.0,"turns":2.0},{"damage":21.0,"enemies":"Gremlin Nob","floor":7.0,"turns":3.0},{"damage":0.0,"enemies":"Cultist","floor":10.0,"turns":2.0},{"damage":0.0,"enemies":"Looter","floor":11.0,"turns":2.0},{"damage":2.0,"enemies":"3 Louse","floor":13.0,"turns":2.0},{"damage":0.0,"enemies":"2 Fungi Beasts","floor":14.0,"turns":2.0},{"damage":0.0,"enemies":"Slime Boss","floor":16.0,"turns":6.0},{"damage":0.0,"enemies":"Shell Parasite","floor":18.0,"turns":4.0},{"damage":15.0,"enemies":"2 Thieves","floor":20.0,"turns":4.0},{"damage":0.0,"enemies":"3 Cultists","floor":22.0,"turns":3.0},{"damage":8.0,"enemies":"Sentry and Sphere","floor":24.0,"turns":3.0},{"damage":7.0,"enemies":"Snake Plant","floor":28.0,"turns":3.0},{"damage":23,"enemies":"Collector","floor":33,"turns":6},{"damage":0,"enemies":"3 Shapes","floor":35,"turns":3},{"damage":18,"enemies":"3 Darklings","floor":37,"turns":4},{"damage":48,"enemies":"4 Shapes","floor":38,"turns":5}],"seed_played":"2422888770204025981","potions_obtained":[{"floor":7.0,"key":"Weak Potion"},{"floor":11.0,"key":"Energy Potion"},{"floor":14.0,"key":"Strength Potion"},{"floor":16.0,"key":"SteroidPotion"},{"floor":20.0,"key":"DuplicationPotion"}],"is_trial":false,"path_per_floor":["M","M","$","?","?","R","E","R","T","M","M","$","M","M","R","B",null,"M","?","M","$","M","R","M","?","T","$","M","?","?","$","R","B",null,"M","$","M","M"],"character_chosen":"WATCHER","items_purchased":["Wallop","MentalFortress","Ambrosia"],"campfire_rested":0,"item_purchase_floors":[21,31,36],"current_hp_per_floor":[72,72,72,72,72,72,51,51,51,51,51,51,49,49,49,49,72,72,72,57,57,57,57,49,49,49,49,42,42,42,42,42,19,72,72,72,54,6,6],"gold":83,"neow_bonus":"BOSS_RELIC","is_daily":false,"chose_seed":true,"campfire_upgraded":5,"win_rate":0.0,"timestamp":1610178124,"path_taken":["M","M","$","?","?","R","E","R","T","M","M","$","?","M","R","BOSS","M","?","M","$","M","R","M","?","T","$","M","?","?","$","R","BOSS","M","?","M","M"],"items_purchased_type":["Card","Card","Potion"],"build_version":"2020-12-22","purchased_purges":3,"victory":false,"max_hp_per_floor":[72,72,72,72,72,72,72,72,72,72,72,72,72,72,72,72,72,72,72,72,72,72,72,72,72,72,72,72,72,72,72,72,72,72,72,72,72,72,72],"card_choices":[{"not_picked":["SashWhip","BattleHymn"],"picked":"Halt","floor":1.0},{"not_picked":["LikeWater","CrushJoints"],"picked":"FlurryOfBlows","floor":2.0},{"not_picked":["WheelKick","Judgement","JustLucky"],"picked":"SKIP","floor":7.0},{"not_picked":["Halt","FlurryOfBlows","Indignation"],"picked":"SKIP","floor":10.0},{"not_picked":["Evaluate","Protect","EmptyFist"],"picked":"SKIP","floor":11.0},{"not_picked":["SandsOfTime","Consecrate","Collect"],"picked":"SKIP","floor":13.0},{"not_picked":["Prostrate","Crescendo"],"picked":"TalkToTheHand","floor":14.0},{"not_picked":["Evaluate","Protect"],"picked":"BowlingBash","floor":18.0},{"not_picked":["Halt","JustLucky"],"picked":"Adaptation+1","floor":20.0},{"not_picked":["ReachHeaven+1","FlyingSleeves","SashWhip+1"],"picked":"SKIP","floor":22.0},{"not_picked":["EmptyBody","Swivel","Evaluate"],"picked":"SKIP","floor":24.0},{"not_picked":["DevaForm","DeceiveReality+1"],"picked":"Tantrum","floor":28.0},{"not_picked":["Vengeance","JustLucky","Sanctity+1"],"picked":"SKIP","floor":35},{"not_picked":["FlyingSleeves+1","Prostrate","Protect"],"picked":"SKIP","floor":37}],"player_experience":238889,"relics_obtained":[],"event_choices":[{"damage_healed":0.0,"max_hp_gain":0.0,"max_hp_loss":0.0,"gold_gain":0.0,"event_name":"Scrap Ooze","player_choice":"Fled","floor":4.0,"gold_loss":0.0,"damage_taken":0.0},{"cards_removed":["Strike_P"],"damage_healed":0.0,"max_hp_gain":0.0,"max_hp_loss":0.0,"gold_gain":0.0,"event_name":"Bonfire Elementals","player_choice":"Offered Basic","floor":5.0,"gold_loss":0.0,"damage_taken":0.0},{"cards_removed":["Strike_P"],"damage_healed":0.0,"max_hp_gain":0.0,"max_hp_loss":0.0,"gold_gain":0.0,"event_name":"Back to Basics","player_choice":"Elegance","floor":19.0,"gold_loss":0.0,"damage_taken":0.0},{"damage_healed":0.0,"max_hp_gain":0.0,"max_hp_loss":0.0,"gold_gain":0.0,"event_name":"Vampires","player_choice":"Ignored","floor":25.0,"gold_loss":0.0,"damage_taken":0.0},{"damage_healed":0.0,"max_hp_gain":0.0,"max_hp_loss":0.0,"gold_gain":99.0,"event_name":"Nest","player_choice":"Stole From Cult","floor":29.0,"gold_loss":0.0,"damage_taken":0.0},{"cards_removed":["Defend_P"],"damage_healed":0.0,"max_hp_gain":0.0,"max_hp_loss":0.0,"gold_gain":0.0,"event_name":"Purifier","player_choice":"Purged","floor":30.0,"gold_loss":0.0,"damage_taken":0.0}],"is_beta":false,"boss_relics":[{"not_picked":[]},{"not_picked":[]}],"items_purged_floors":[3,12,27],"is_endless":false,"potions_floor_spawned":[7,11,14,16,20],"killed_by":"4 Shapes","ascension_level":0}}