{"host":"wha9hktbkslqvblg","time":1610205537,"event":{"mods":["BaseMod","Colored Map","Minty Spire (QoL Compilation)","Relic Stats","SuperFastMode","everything is the same but u backflip on backflip"],"gold_per_floor":[116,116,41,57,57,87,104,104,104,164,164,164,164],"floor_reached":12,"playtime":109,"items_purged":["Defend_R"],"score":202,"play_id":"7264e162-901e-492f-a56e-6ac5d3e72131","local_time":"20210110001857","is_ascension_mode":true,"campfire_choices":[{"data":"Pommel Strike","floor":11,"key":"SMITH"}],"circlet_count":0,"master_deck":["AscendersBane","Strike_R","Strike_R","Strike_R","Strike_R","Defend_R","Defend_R","Defend_R","Bash","Sword Boomerang","Pommel Strike+1","Dropkick"],"relics":["Burning Blood","NeowsBlessing","CaptainsWheel","Ornamental Fan","HornCleat"],"acts_visited":["Exordium"],"potions_floor_usage":[8],"damage_taken":[{"damage":0,"enemies":"Jaw Worm","floor":1,"turns":1},{"damage":0,"enemies":"Cultist","floor":4,"turns":1},{"damage":0,"enemies":"Gremlin Nob","floor":6,"turns":1},{"damage":15,"enemies":"2 Louse","floor":7,"turns":3},{"damage":0,"enemies":"The Mushroom Lair","floor":8,"turns":1},{"damage":2,"enemies":"Gremlin Nob","floor":10,"turns":4},{"damage":0,"enemies":"3 Sentries","floor":12,"turns":1}],"seed_played":"5056289831824495358","potions_obtained":[{"floor":4,"key":"SmokeBomb"}],"is_trial":false,"path_per_floor":["M","?","$","M","$","E","M","?","T","?","R","E"],"character_chosen":"IRONCLAD","items_purchased":[],"campfire_rested":0,"item_purchase_floors":[],"current_hp_per_floor":[74,74,74,75,75,75,66,72,72,75,75,75,75],"gold":164,"neow_bonus":"THREE_ENEMY_KILL","is_daily":false,"chose_seed":false,"campfire_upgraded":1,"win_rate":0.0,"timestamp":1610205537,"path_taken":["M","?","$","?","?","E","?","?","T","?","R","E"],"items_purchased_type":[],"build_version":"2020-12-22","purchased_purges":1,"victory":false,"max_hp_per_floor":[75,75,75,75,75,75,75,75,75,75,75,75,75],"relic_stats":{"counters":[7,12],"Ornamental Fan":[12],"obtain_stats":[{"CaptainsWheel":6,"HornCleat":10,"NeowsBlessing":0,"Ornamental Fan":9,"Burning Blood":0},{"CaptainsWheel":3,"HornCleat":5,"NeowsBlessing":0,"Ornamental Fan":5,"Burning Blood":0},{"CaptainsWheel":3,"HornCleat":7,"NeowsBlessing":0,"Ornamental Fan":7,"Burning Blood":0}],"Burning Blood":24},"card_choices":[{"not_picked":["Warcry","Headbutt","Rupture"],"picked":"SKIP","floor":1},{"not_picked":["Combust","Twin Strike"],"picked":"Sword Boomerang","floor":4},{"not_picked":["Clothesline","Anger"],"picked":"Pommel Strike","floor":6},{"not_picked":["Perfected Strike","Searing Blow","Headbutt"],"picked":"SKIP","floor":7},{"not_picked":["Sentinel","Feel No Pain"],"picked":"Dropkick","floor":10}],"player_experience":949441,"relics_obtained":[{"floor":6,"key":"CaptainsWheel"},{"floor":9,"key":"Ornamental Fan"}],"event_choices":[{"cards_removed":["Strike_R"],"damage_healed":0,"gold_gain":0,"player_choice":"Offered Basic","damage_taken":0,"max_hp_gain":0,"max_hp_loss":0,"event_name":"Bonfire Elementals","floor":2,"gold_loss":0},{"damage_healed":0,"gold_gain":0,"player_choice":"Fought Mushrooms","damage_taken":0,"max_hp_gain":0,"max_hp_loss":0,"event_name":"Mushrooms","floor":8,"gold_loss":0},{"damage_healed":0,"gold_gain":0,"player_choice":"Searched \u00273\u0027 times","damage_taken":0,"relics_obtained":["HornCleat"],"max_hp_gain":0,"max_hp_loss":0,"event_name":"Dead Adventurer","floor":10,"gold_loss":0}],"is_beta":false,"boss_relics":[],"items_purged_floors":[3],"is_endless":false,"potions_floor_spawned":[4,8],"killed_by":"3 Sentries","ascension_level":20}}