{"host":"9vk21r6l9dtkpvh9","time":1610211578,"event":{"mods":["100% Spire Juice","2.2 Compatiblity","AchievementEnabler","Act Like it!","Astrologer","Bartender","BaseMod","Better Altar","Better Match","Better Note","Better Sensory Stone","Better Skull","Better Third Choice","BetterRewards","CapriCore","CatGirl Mod","Colored Map","Colored Powertips","Conspire","DeckTracker","Downfall","Energized Spire","Gensokyo","GifTheSpireLib","Hermit","Hubris","Infinite Spire","Jorbs\u0027s Wanderer Trilogy","Koishi","LagranYue(???·?)","Luminous","Mad Scientist","Marisa????????","Mimic Mod","Minty Spire (QoL Compilation)","Potionbrewer","Rare Cards Sparkle","Relic Stats","Replay The Spire","SOS???????","Shade Mod","Spicy Shops","StSLib","SuperFastMode","Td1madao Mod","The Animator","The Forsaken","The Gatherer","The Hierophant","The Immortal","The Jungle","The Marked","The Mystic","The Necromancer","The Runesmith","The Senshi","The Servant 0.9.4","The Valiant","The Wild Card","TheBandit","TheSwordswoman","TheWitcher","WarShipGirlsR/????R mod","vexMod","???Mod??????Boss"],"gold_per_floor":[214,214,226,236,253,280,280,297,297,263,263,283,299,299,299,400,400,420,322,338,357,129,154,166,166,166],"floor_reached":25,"playtime":2750,"items_purged":[],"score":238,"play_id":"d3f5bb1a-0857-476d-8256-510008ae1545","local_time":"20210109115938","is_ascension_mode":true,"campfire_choices":[{"data":"theMarked:WardOff","floor":7,"key":"SMITH"},{"data":"theMarked:WardOff","floor":11,"key":"SMITH"},{"floor":15,"key":"REST"}],"circlet_count":0,"master_deck":["theMarked:Strike","theMarked:Strike","theMarked:Strike","theMarked:Strike","theMarked:Strike","theMarked:Defend","theMarked:Defend","theMarked:Defend","theMarked:Defend","theMarked:SoldierOfQuellstein","theMarked:WardOff+1","theMarked:ChainLightning","theMarked:ElectricStrings","theMarked:WardOff","theMarked:WardOff+1","theMarked:HeritageOfTheMarked","theMarked:BindingBlade","theMarked:SwordAndMagic","theMarked:ResourceFulStrike","theMarked:EmpowerWeapon+1","theMarked:HeritageOfTheMarked","theMarked:Levitate","theMarked:EnhanceMovement"],"relics":["theMarked:ArtifactOfAir","LagranYue:RandomDrawCardRelic","Potion Belt","Painkiller Herb","hubris:DeckOfHolding"],"acts_visited":["Exordium","TheCity"],"potions_floor_usage":[5,6,23,25,25,25],"damage_taken":[{"damage":0,"enemies":"2 Louse","floor":1,"turns":2},{"damage":0,"enemies":"Small Slimes","floor":3,"turns":4},{"damage":0,"enemies":"conspire:RoseBush","floor":4,"turns":3},{"damage":19,"enemies":"Gremlin Gang","floor":5,"turns":6},{"damage":35,"enemies":"Gremlin Nob","floor":6,"turns":6},{"damage":0,"enemies":"Blue Slaver","floor":8,"turns":5},{"damage":0,"enemies":"2 Fungi Beasts","floor":12,"turns":4},{"damage":0,"enemies":"Red Slaver","floor":13,"turns":4},{"damage":45,"enemies":"Fading Forest","floor":16,"turns":11},{"damage":4,"enemies":"Shell Parasite","floor":18,"turns":5},{"damage":0,"enemies":"Chosen","floor":20,"turns":3},{"damage":12,"enemies":"Snake Plant","floor":21,"turns":4},{"damage":30,"enemies":"Slavers","floor":23,"turns":4},{"damage":22,"enemies":"Snecko","floor":24,"turns":4},{"damage":21,"enemies":"Gremlin Leader","floor":25,"turns":3}],"seed_played":"5178539370608943426","potions_obtained":[{"floor":4,"key":"conspire:TimeTravelPotion"},{"floor":5,"key":"potionbrewer:InfectionPotion"},{"floor":13,"key":"Reflective Coating"},{"floor":21,"key":"Flashbang"},{"floor":23,"key":"FairyPotion"},{"floor":24,"key":"potionbrewer:SplittingPotion"}],"is_trial":false,"path_per_floor":["M","?","M","M","M","E","R","M","T","$","R","M","M","?","R","B",null,"?","T","?","?","T","E","?","E"],"character_chosen":"THE_DEFAULT","items_purchased":["theMarked:WardOff","theMarked:SwordAndMagic","DuplicationPotion","theMarked:HeritageOfTheMarked"],"campfire_rested":1,"item_purchase_floors":[10,19,19,22],"current_hp_per_floor":[70,70,70,70,70,35,35,35,35,35,35,35,35,28,49,14,70,66,66,66,54,54,24,2,5,5],"gold":166,"neow_bonus":"HUNDRED_GOLD","is_daily":false,"chose_seed":false,"campfire_upgraded":2,"win_rate":0.0,"timestamp":1610211578,"path_taken":["M","?","M","M","M","E","R","M","T","$","R","M","M","?","R","BOSS","?","T","?","?","T","E","?","E"],"items_purchased_type":["Card","Card","Potion","Card"],"build_version":"2020-12-22","purchased_purges":0,"victory":false,"max_hp_per_floor":[70,70,70,70,70,70,70,70,70,70,70,70,70,70,70,70,70,70,70,70,70,70,70,70,70,70],"relic_stats":{"counters":[15,68],"obtain_stats":[{"Potion Belt":6,"theMarked:ArtifactOfAir":0,"LagranYue:RandomDrawCardRelic":0,"Painkiller Herb":17,"hubris:DeckOfHolding":23},{"Potion Belt":5,"theMarked:ArtifactOfAir":0,"LagranYue:RandomDrawCardRelic":0,"Painkiller Herb":9,"hubris:DeckOfHolding":13},{"Potion Belt":21,"theMarked:ArtifactOfAir":0,"LagranYue:RandomDrawCardRelic":0,"Painkiller Herb":45,"hubris:DeckOfHolding":61}]},"card_choices":[{"not_picked":["theMarked:TakeCover","theMarked:RepellingDischarge"],"picked":"theMarked:WardOff","floor":1},{"not_picked":["theMarked:HeightenedSenses","theMarked:Electrify","theMarked:Generate"],"picked":"SKIP","floor":3},{"not_picked":["theMarked:Parkour","theMarked:EnhanceMovement"],"picked":"theMarked:ChainLightning","floor":4},{"not_picked":["theMarked:Static","theMarked:SwordAndMagic","theMarked:TurnInvisible"],"picked":"SKIP","floor":5},{"not_picked":["theMarked:DeterminationOfTheMarked","theMarked:Vacuum"],"picked":"theMarked:ElectricStrings","floor":6},{"not_picked":["theMarked:WastefulAttack","theMarked:ElectricStrings"],"picked":"theMarked:WardOff","floor":8},{"not_picked":["theMarked:RepellingDischarge","theMarked:Parkour","theMarked:WardOff"],"picked":"SKIP","floor":12},{"not_picked":["theMarked:Aftermath","theMarked:Parkour"],"picked":"theMarked:HeritageOfTheMarked","floor":13},{"not_picked":["theMarked:SoldierForm","theMarked:Vacuum"],"picked":"theMarked:BindingBlade","floor":16},{"not_picked":["theMarked:Parkour","theMarked:CreepingChasm","theMarked:HeightenedSenses"],"picked":"SKIP","floor":18},{"not_picked":["theMarked:Frustration","theMarked:BanishingStrike"],"picked":"theMarked:ResourceFulStrike","floor":20},{"not_picked":["theMarked:Reabsorb","theMarked:TwofoldDefense"],"picked":"theMarked:EmpowerWeapon+1","floor":21},{"not_picked":["theMarked:Improvise","theMarked:WastefulAttack"],"picked":"theMarked:Levitate","floor":23},{"not_picked":["theMarked:Electrify","theMarked:ShockingTouch"],"picked":"theMarked:EnhanceMovement","floor":24}],"player_experience":639977,"relics_obtained":[{"floor":6,"key":"Potion Belt"},{"floor":23,"key":"hubris:DeckOfHolding"}],"event_choices":[{"damage_healed":0,"gold_gain":0,"player_choice":"Leave","damage_taken":0,"max_hp_gain":0,"max_hp_loss":0,"event_name":"conspire:Investor","floor":2,"gold_loss":0},{"damage_healed":0,"gold_gain":0,"player_choice":"Damaged","damage_taken":7,"max_hp_gain":0,"max_hp_loss":0,"event_name":"Wheel of Change","floor":14,"gold_loss":0}],"is_beta":false,"boss_relics":[{"not_picked":["hubris:HollowSoul","potionbrewer:BhaskarasWheel"],"picked":"Painkiller Herb"}],"items_purged_floors":[],"is_endless":false,"potions_floor_spawned":[4,5,13,21,23,24],"killed_by":"Gremlin Leader","ascension_level":1}}