{"host":"t5s60ss6drvva5tc","time":1610203199,"event":{"mods":["BaseMod","Colored Map","Colored Powertips","Minty Spire (QoL Compilation)"],"gold_per_floor":[114,114,127,138,152,4,23,34,34,95,121,121,133,162,162,261,261,274,290,290,290,205,205,230,230,257,289,302,302,329,342,342,441,441,452,452,452,452,469,500,10,20,20,47,63,63,63,80,80,80],"floor_reached":51,"playtime":2271,"items_purged":["Strike_R","Strike_R"],"score":852,"play_id":"43af7a09-1ab9-4aad-9a8e-8fae9f824835","local_time":"20210109173959","is_ascension_mode":false,"campfire_choices":[{"floor":15,"key":"REST"},{"floor":23,"key":"REST"},{"data":"Heavy Blade","floor":25,"key":"SMITH"},{"data":"Limit Break","floor":29,"key":"SMITH"},{"data":"Offering","floor":32,"key":"SMITH"},{"floor":46,"key":"REST"},{"data":"Headbutt","floor":49,"key":"SMITH"}],"circlet_count":0,"master_deck":["Defend_R","Defend_R+1","Defend_R","Bash","Limit Break+1","Disarm","Offering+1","Flex","Inflame","Heavy Blade+1","Flex+1","Inflame","Twin Strike","Spot Weakness","Twin Strike","Reaper","Twin Strike","Headbutt+1","Flex+1","Heavy Blade+1","Battle Trance+1","Seeing Red+1","Cleave+1","Madness+1","Madness+1","Inflame+1","Pommel Strike+1","Flex+1","Heavy Blade+1"],"relics":["Black Blood","Letter Opener","Gremlin Horn","InkBottle","Lantern","Enchiridion","Molten Egg 2","Toxic Egg 2","War Paint","Strawberry","Anchor","Self Forming Clay","Ancient Tea Set","Pen Nib","Bottled Flame","Bottled Tornado","Regal Pillow"],"acts_visited":["Exordium","TheCity","TheBeyond"],"potions_floor_usage":[8,10,14,16,33,42],"damage_taken":[{"damage":4,"enemies":"2 Louse","floor":1,"turns":4},{"damage":6,"enemies":"Cultist","floor":3,"turns":2},{"damage":6,"enemies":"Small Slimes","floor":4,"turns":3},{"damage":17,"enemies":"2 Fungi Beasts","floor":5,"turns":3},{"damage":22,"enemies":"Lots of Slimes","floor":7,"turns":4},{"damage":11,"enemies":"3 Louse","floor":8,"turns":3},{"damage":6,"enemies":"Lagavulin Event","floor":10,"turns":2},{"damage":43,"enemies":"3 Sentries","floor":11,"turns":8},{"damage":16,"enemies":"Large Slime","floor":13,"turns":3},{"damage":6,"enemies":"Gremlin Nob","floor":14,"turns":3},{"damage":43,"enemies":"Hexaghost","floor":16,"turns":6},{"damage":6,"enemies":"Chosen","floor":18,"turns":4},{"damage":46,"enemies":"Shell Parasite","floor":19,"turns":5},{"damage":31,"enemies":"Gremlin Leader","floor":24,"turns":4},{"damage":31,"enemies":"Book of Stabbing","floor":27,"turns":3},{"damage":6,"enemies":"Snake Plant","floor":28,"turns":1},{"damage":18,"enemies":"Gremlin Leader","floor":30,"turns":3},{"damage":6,"enemies":"Centurion and Healer","floor":31,"turns":3},{"damage":23,"enemies":"Automaton","floor":33,"turns":4},{"damage":1,"enemies":"3 Shapes","floor":35,"turns":2},{"damage":18,"enemies":"3 Darklings","floor":39,"turns":2},{"damage":44,"enemies":"Nemesis","floor":40,"turns":5},{"damage":53,"enemies":"Writhing Mass","floor":42,"turns":4},{"damage":3,"enemies":"Reptomancer","floor":44,"turns":2},{"damage":9,"enemies":"Maw","floor":45,"turns":4},{"damage":9,"enemies":"Spire Growth","floor":48,"turns":2},{"damage":39,"enemies":"Donu and Deca","floor":50,"turns":4}],"seed_played":"2938496830984251089","potions_obtained":[{"floor":1,"key":"EssenceOfSteel"},{"floor":4,"key":"LiquidMemories"},{"floor":7,"key":"HeartOfIron"},{"floor":8,"key":"BloodPotion"},{"floor":14,"key":"BloodPotion"},{"floor":27,"key":"Energy Potion"},{"floor":30,"key":"SteroidPotion"},{"floor":31,"key":"Fire Potion"},{"floor":33,"key":"GamblersBrew"},{"floor":35,"key":"Regen Potion"},{"floor":42,"key":"LiquidBronze"}],"is_trial":false,"path_per_floor":["M","?","M","M","M","$","M","M","T","?","E","?","M","E","R","B",null,"M","M","?","?","?","R","E","R","T","E","M","R","E","M","R","B",null,"M","?","?","T","M","E","$","M","T","E","M","R","$","M","R","B",null],"character_chosen":"IRONCLAD","items_purchased":["Heavy Blade","Block Potion","Pen Nib","Bottled Flame"],"campfire_rested":3,"item_purchase_floors":[6,6,41,41],"current_hp_per_floor":[80,80,80,80,69,69,53,64,64,64,27,27,17,17,41,20,80,80,46,30,30,30,54,59,59,59,53,59,59,53,71,71,60,87,87,76,76,76,87,55,55,34,34,43,52,87,87,87,87,79],"gold":80,"neow_bonus":"TRANSFORM_CARD","is_daily":false,"chose_seed":false,"campfire_upgraded":4,"win_rate":0.0,"timestamp":1610203199,"path_taken":["M","?","M","?","M","$","M","M","T","?","E","?","M","E","R","BOSS","M","?","?","?","?","R","E","R","T","E","M","R","E","M","R","BOSS","M","?","?","?","M","E","$","M","T","E","M","R","?","M","R","BOSS"],"items_purchased_type":["Card","Potion","Relic","Relic"],"build_version":"2020-12-22","purchased_purges":2,"victory":true,"max_hp_per_floor":[80,80,80,80,80,80,80,80,80,80,80,80,80,80,80,80,80,80,80,80,80,80,80,80,80,80,87,87,87,87,87,87,87,87,87,87,87,87,87,87,87,87,87,87,87,87,87,87,87,87],"card_choices":[{"not_picked":["Metallicize","Iron Wave"],"picked":"Disarm","floor":1},{"not_picked":["Twin Strike","Infernal Blade"],"picked":"Flex","floor":3},{"not_picked":["Shrug It Off","Twin Strike"],"picked":"Flex","floor":4},{"not_picked":["Warcry","Heavy Blade"],"picked":"Inflame","floor":5},{"not_picked":["Sword Boomerang","Iron Wave","Sever Soul"],"picked":"SKIP","floor":7},{"not_picked":["Perfected Strike","Twin Strike"],"picked":"Flex","floor":8},{"not_picked":["Body Slam","Anger"],"picked":"Inflame","floor":10},{"not_picked":["Juggernaut","Anger"],"picked":"Twin Strike","floor":11},{"not_picked":["Anger","Dropkick"],"picked":"Spot Weakness","floor":13},{"not_picked":["Thunderclap","Anger"],"picked":"Twin Strike","floor":14},{"not_picked":["Brutality","Fiend Fire"],"picked":"Reaper","floor":16},{"not_picked":["Anger","Rampage"],"picked":"Twin Strike","floor":18},{"not_picked":["Body Slam+1","Burning Pact"],"picked":"Headbutt","floor":19},{"not_picked":["Thunderclap+1","Dual Wield+1"],"picked":"Flex+1","floor":24},{"not_picked":["Juggernaut","Metallicize","Clash+1"],"picked":"SKIP","floor":27},{"not_picked":["Thunderclap+1","Warcry+1"],"picked":"Heavy Blade+1","floor":28},{"not_picked":["Shockwave+1","Anger+1"],"picked":"Battle Trance+1","floor":30},{"not_picked":["Anger+1","Entrench+1"],"picked":"Seeing Red+1","floor":31},{"not_picked":["Burning Pact+1","Anger+1"],"picked":"Cleave+1","floor":35},{"not_picked":["Armaments+1","Rupture"],"picked":"Inflame+1","floor":39},{"not_picked":["Warcry+1","Anger+1"],"picked":"Pommel Strike+1","floor":40},{"not_picked":["Rampage+1","Headbutt+1"],"picked":"Flex+1","floor":42},{"not_picked":["Blood for Blood+1","Metallicize"],"picked":"Heavy Blade+1","floor":44},{"not_picked":["Ghostly Armor+1","Cleave+1","Berserk"],"picked":"SKIP","floor":45},{"not_picked":["Hemokinesis+1","Pommel Strike+1","Clothesline+1"],"picked":"SKIP","floor":48}],"player_experience":10341,"relics_obtained":[{"floor":9,"key":"Letter Opener"},{"floor":11,"key":"InkBottle"},{"floor":14,"key":"Lantern"},{"floor":20,"key":"Enchiridion"},{"floor":24,"key":"Toxic Egg 2"},{"floor":26,"key":"War Paint"},{"floor":27,"key":"Strawberry"},{"floor":30,"key":"Anchor"},{"floor":38,"key":"Self Forming Clay"},{"floor":40,"key":"Ancient Tea Set"},{"floor":43,"key":"Bottled Tornado"},{"floor":44,"key":"Regal Pillow"}],"event_choices":[{"damage_healed":0,"gold_gain":0,"cards_transformed":["Defend_R"],"player_choice":"Transformed","damage_taken":0,"max_hp_gain":0,"max_hp_loss":0,"event_name":"Transmorgrifier","floor":2,"gold_loss":0,"cards_obtained":["Offering"]},{"damage_healed":0,"gold_gain":0,"player_choice":"Searched \u00272\u0027 times","damage_taken":0,"relics_obtained":["Gremlin Horn"],"max_hp_gain":0,"max_hp_loss":0,"event_name":"Dead Adventurer","floor":10,"gold_loss":0},{"cards_removed":["Strike_R"],"damage_healed":0,"gold_gain":0,"player_choice":"Purged","damage_taken":0,"max_hp_gain":0,"max_hp_loss":0,"event_name":"Purifier","floor":12,"gold_loss":0},{"damage_healed":0,"gold_gain":0,"player_choice":"Obtained Book","damage_taken":16,"max_hp_gain":0,"max_hp_loss":0,"event_name":"Cursed Tome","floor":20,"gold_loss":0},{"cards_removed":["Strike_R"],"damage_healed":0,"gold_gain":0,"player_choice":"Elegance","damage_taken":0,"max_hp_gain":0,"max_hp_loss":0,"event_name":"Back to Basics","floor":21,"gold_loss":0},{"damage_healed":0,"gold_gain":0,"player_choice":"Obtained Relic","damage_taken":0,"relics_obtained":["Molten Egg 2"],"max_hp_gain":0,"max_hp_loss":0,"event_name":"Addict","floor":22,"gold_loss":85},{"damage_healed":0,"gold_gain":0,"player_choice":"Embrace Madness","damage_taken":11,"max_hp_gain":0,"max_hp_loss":0,"event_name":"Winding Halls","floor":36,"gold_loss":0,"cards_obtained":["Madness","Madness"]},{"cards_removed":["Flex"],"damage_healed":0,"gold_gain":0,"player_choice":"Removed Skill","damage_taken":0,"max_hp_gain":0,"max_hp_loss":0,"event_name":"Falling","floor":37,"gold_loss":0}],"is_beta":false,"boss_relics":[{"not_picked":["Busted Crown","Coffee Dripper"],"picked":"Black Blood"},{"not_picked":["Velvet Choker","Snecko Eye","Fusion Hammer"]}],"items_purged_floors":[6,41],"is_endless":false,"potions_floor_spawned":[1,4,7,8,14,27,30,31,33,35,42,44],"ascension_level":0}}