{"host":"tpsmnl2k25yfx7z4","time":1610171374,"event":{"mods":["BaseMod","Hermit","Minty Spire (QoL Compilation)","StSLib","The Cursed","The Servant 0.9.4","The Wild Card"],"gold_per_floor":[111,125,45,63,73,73,99,125,200,213,213,213,225,236,236,337,337,354,204,214,313,313,313,333,265,265,281,295,315,329,364,364,466,466,491,510,31,40,99,143,143,143,143,143,143,170,110,121,121,121],"floor_reached":51,"playtime":4736,"items_purged":["theWildCard:Sakuya"],"score":701,"play_id":"69c5be42-32ff-4f0e-85ab-d8b2190e58f5","local_time":"20210108234934","is_ascension_mode":false,"campfire_choices":[{"data":"theWildCard:MaskChange","floor":6,"key":"SMITH"},{"floor":11,"key":"REST"},{"floor":15,"key":"REST"},{"floor":23,"key":"REST"},{"floor":32,"key":"REST"},{"floor":42,"key":"REST"},{"data":"theWildCard:TheArcanaUnleashed","floor":44,"key":"SMITH"},{"data":"theWildCard:AllOutAttack","floor":49,"key":"SMITH"}],"circlet_count":0,"master_deck":["theWildCard:BasicStrike","theWildCard:BasicStrike","theWildCard:BasicStrike","theWildCard:BasicStrike","theWildCard:BasicDefend","theWildCard:BasicDefend","theWildCard:BasicDefend","theWildCard:BasicDefend","theWildCard:CallToAdventure","theWildCard:Arsene","theWildCard:BladeOfGenerations","theWildCard:StingingStrike","theWildCard:SeveringSlash","theWildCard:MaskChange+1","theWildCard:MaskChange","theWildCard:Polydeuces","theWildCard:TheArcanaUnleashed+1","theWildCard:Alice","theWildCard:ArchaicAssault","theWildCard:StingingStrike","theWildCard:Sakuya","theWildCard:TheUniverse","theWildCard:Michael+1","theWildCard:Safeguard","theWildCard:ArchaicAssault","theWildCard:SeveringSlash+1","theWildCard:UnderLockAndKey","theWildCard:MagicalMight","theWildCard:PowerOfTheArcana","theWildCard:ArchaicAssault+1","theWildCard:PowerOfTheArcana","theWildCard:ArcaneArts","theWildCard:ShieldOfMany+1","theWildCard:Metatron","theWildCard:PowerOfTheArcana","theWildCard:SeveringSlash","Dark Shackles","theWildCard:BladeOfGenerations+1","theWildCard:Attunement+1","theWildCard:AllOutAttack+1"],"relics":["theWildCard:VelvetContract","Du-Vu Doll","Odd Mushroom","theWildCard:MemoriesOfPhantasm","Sozu","Bag of Marbles","CeramicFish","Black Star","Bird Faced Urn","Torii","Regal Pillow","Ancient Tea Set","Pear"],"acts_visited":["Exordium","TheCity","TheBeyond"],"potions_floor_usage":[],"damage_taken":[{"damage":0,"enemies":"Small Slimes","floor":1,"turns":2},{"damage":7,"enemies":"2 Louse","floor":2,"turns":3},{"damage":7,"enemies":"Jaw Worm","floor":4,"turns":3},{"damage":6,"enemies":"Exordium Thugs","floor":5,"turns":4},{"damage":17,"enemies":"3 Sentries","floor":7,"turns":9},{"damage":15,"enemies":"The Mushroom Lair","floor":8,"turns":7},{"damage":3,"enemies":"3 Louse","floor":10,"turns":2},{"damage":1,"enemies":"Blue Slaver","floor":13,"turns":4},{"damage":3,"enemies":"Red Slaver","floor":14,"turns":3},{"damage":21,"enemies":"The Guardian","floor":16,"turns":15},{"damage":15,"enemies":"Spheric Guardian","floor":18,"turns":6},{"damage":20,"enemies":"2 Thieves","floor":20,"turns":3},{"damage":0,"enemies":"Sentry and Sphere","floor":24,"turns":2},{"damage":0,"enemies":"Snake Plant","floor":27,"turns":2},{"damage":15,"enemies":"Centurion and Healer","floor":28,"turns":3},{"damage":0,"enemies":"Snecko","floor":29,"turns":2},{"damage":0,"enemies":"Snake Plant","floor":30,"turns":2},{"damage":0,"enemies":"Gremlin Leader","floor":31,"turns":4},{"damage":21,"enemies":"Collector","floor":33,"turns":8},{"damage":9,"enemies":"3 Shapes","floor":35,"turns":1},{"damage":5,"enemies":"Orb Walker","floor":36,"turns":2},{"damage":13,"enemies":"Mind Bloom Boss Battle","floor":39,"turns":8},{"damage":21,"enemies":"Nemesis","floor":40,"turns":5},{"damage":1,"enemies":"Maw","floor":46,"turns":6},{"damage":13,"enemies":"Transient","floor":48,"turns":5},{"damage":52,"enemies":"Time Eater","floor":50,"turns":6}],"seed_played":"4567523672135986073","potions_obtained":[{"floor":1,"key":"DuplicationPotion"},{"floor":8,"key":"DistilledChaos"},{"floor":14,"key":"ColorlessPotion"}],"is_trial":true,"path_per_floor":["M","M","$","M","M","R","E","?","T","M","R","?","M","M","R","B",null,"M","$","M","?","?","R","M","$","T","M","M","M","M","E","R","B",null,"M","M","$","?","?","E","?","R","T","R","$","M","$","M","R","B",null],"character_chosen":"THE_WILD_CARD","items_purchased":["theWildCard:SeveringSlash","theWildCard:MaskChange","theWildCard:Safeguard","theWildCard:ArchaicAssault","theWildCard:MagicalMight","theWildCard:PowerOfTheArcana","theWildCard:SeveringSlash","Bird Faced Urn","theWildCard:AllOutAttack"],"campfire_rested":5,"item_purchase_floors":[3,3,19,19,25,37,37,37,47],"current_hp_per_floor":[60,53,53,46,40,40,23,8,8,5,23,43,42,39,57,42,60,45,45,25,25,25,43,43,43,43,43,28,28,28,28,46,25,60,51,46,46,46,43,32,32,60,70,70,70,70,70,57,57,15],"gold":121,"neow_bonus":"","is_daily":false,"chose_seed":false,"campfire_upgraded":3,"win_rate":0.0,"timestamp":1610171374,"path_taken":["M","M","$","M","M","R","E","?","T","M","R","?","M","M","R","BOSS","M","$","M","?","?","R","M","?","T","M","M","M","M","E","R","BOSS","M","M","$","?","?","E","?","R","T","R","?","M","$","M","R","BOSS"],"items_purchased_type":["Card","Card","Card","Card","Card","Card","Card","Relic","Card"],"build_version":"2020-12-22","purchased_purges":1,"victory":true,"max_hp_per_floor":[60,60,60,60,60,60,60,60,60,60,60,60,60,60,60,60,60,60,60,60,60,60,60,60,60,60,60,60,60,60,60,60,60,60,60,60,60,60,60,60,60,60,70,70,70,70,70,70,70,70],"card_choices":[{"not_picked":["theWildCard:Impatience","theWildCard:EnergizedStroke"],"picked":"theWildCard:BladeOfGenerations","floor":1},{"not_picked":["theWildCard:ArcaneArts","theWildCard:Unburden"],"picked":"theWildCard:StingingStrike","floor":2},{"not_picked":["theWildCard:StingingStrike","theWildCard:PaleRider"],"picked":"theWildCard:MaskChange","floor":4},{"not_picked":["theWildCard:MaskChange","theWildCard:StingingStrike"],"picked":"theWildCard:Polydeuces","floor":5},{"not_picked":["theWildCard:FuelForTheFire","theWildCard:EnergizedStroke"],"picked":"theWildCard:TheArcanaUnleashed","floor":7},{"not_picked":["theWildCard:Unburden","theWildCard:ArcanaArtistry"],"picked":"theWildCard:Alice","floor":8},{"not_picked":["theWildCard:EnergyTheft","theWildCard:Abstinence"],"picked":"theWildCard:ArchaicAssault","floor":10},{"not_picked":["theWildCard:SeveringSlash","theWildCard:Thanatos"],"picked":"theWildCard:StingingStrike","floor":13},{"not_picked":["theWildCard:Providence","theWildCard:EnergizedStroke"],"picked":"theWildCard:Sakuya","floor":14},{"not_picked":["theWildCard:ChangingDestiny","theWildCard:Deicide"],"picked":"theWildCard:TheUniverse","floor":16},{"not_picked":["theWildCard:Proficiency","theWildCard:Unburden+1"],"picked":"theWildCard:Michael+1","floor":18},{"not_picked":["theWildCard:Unburden","theWildCard:Polydeuces"],"picked":"theWildCard:SeveringSlash+1","floor":20},{"not_picked":["theWildCard:StalwartBlade","theWildCard:ArcaneArts+1"],"picked":"theWildCard:UnderLockAndKey","floor":24},{"not_picked":["theWildCard:Alice","theWildCard:SacrificialStroke"],"picked":"theWildCard:PowerOfTheArcana","floor":27},{"not_picked":["theWildCard:Attunement","theWildCard:Unburden"],"picked":"theWildCard:ArchaicAssault+1","floor":28},{"not_picked":["theWildCard:SacrificialStroke","theWildCard:MagicalMight"],"picked":"theWildCard:PowerOfTheArcana","floor":29},{"not_picked":["theWildCard:Michael","theWildCard:MaskChange+1"],"picked":"theWildCard:Sakuya","floor":30},{"not_picked":["theWildCard:Providence","theWildCard:UnderLockAndKey"],"picked":"theWildCard:ArcaneArts","floor":31},{"not_picked":["theWildCard:PaleRider","theWildCard:MagicalMight"],"picked":"theWildCard:ShieldOfMany+1","floor":35},{"not_picked":["theWildCard:PaleRider","theWildCard:StingingStrike+1"],"picked":"theWildCard:Metatron","floor":36},{"not_picked":["The Bomb","Jack Of All Trades"],"picked":"Dark Shackles","floor":38},{"not_picked":["theWildCard:Metatron+1","theWildCard:PaleRider+1"],"picked":"theWildCard:BladeOfGenerations+1","floor":39},{"not_picked":["theWildCard:SacrificialStroke+1","theWildCard:ArchaicAssault+1"],"picked":"theWildCard:StingingStrike","floor":40},{"not_picked":["theWildCard:Proficiency","theWildCard:ArcaneArts"],"picked":"theWildCard:Attunement+1","floor":46},{"not_picked":["theWildCard:UnendingRitual","theWildCard:ArcaneArts","theWildCard:Desolation"],"picked":"SKIP","floor":48}],"player_experience":74121,"relics_obtained":[{"floor":7,"key":"Du-Vu Doll"},{"floor":8,"key":"Odd Mushroom"},{"floor":9,"key":"theWildCard:MemoriesOfPhantasm"},{"floor":26,"key":"Bag of Marbles"},{"floor":31,"key":"CeramicFish"},{"floor":39,"key":"Torii"},{"floor":40,"key":"Regal Pillow"},{"floor":40,"key":"Ancient Tea Set"},{"floor":43,"key":"Pear"}],"event_choices":[{"damage_healed":0,"gold_gain":0,"player_choice":"Fought Mushrooms","damage_taken":0,"max_hp_gain":0,"max_hp_loss":0,"event_name":"Mushrooms","floor":8,"gold_loss":0},{"damage_healed":20,"gold_gain":0,"player_choice":"Banana","damage_taken":0,"max_hp_gain":0,"max_hp_loss":0,"event_name":"Big Fish","floor":12,"gold_loss":0},{"damage_healed":0,"gold_gain":99,"player_choice":"Stole From Cult","damage_taken":0,"max_hp_gain":0,"max_hp_loss":0,"event_name":"Nest","floor":21,"gold_loss":0},{"damage_healed":0,"gold_gain":0,"player_choice":"Ignored","damage_taken":0,"max_hp_gain":0,"max_hp_loss":0,"event_name":"Beggar","floor":22,"gold_loss":0},{"damage_healed":0,"gold_gain":0,"player_choice":"Memory 1","damage_taken":0,"max_hp_gain":0,"max_hp_loss":0,"event_name":"SensoryStone","floor":38,"gold_loss":0},{"damage_healed":0,"gold_gain":0,"player_choice":"Fight","damage_taken":0,"max_hp_gain":0,"max_hp_loss":0,"event_name":"MindBloom","floor":39,"gold_loss":0},{"cards_removed":["theWildCard:StingingStrike"],"damage_healed":0,"gold_gain":0,"player_choice":"Removed Attack","damage_taken":0,"max_hp_gain":0,"max_hp_loss":0,"event_name":"Falling","floor":41,"gold_loss":0}],"is_beta":false,"boss_relics":[{"not_picked":["Ectoplasm","Coffee Dripper"],"picked":"Sozu"},{"not_picked":["Calling Bell","Cursed Key"],"picked":"Black Star"}],"items_purged_floors":[37],"is_endless":false,"potions_floor_spawned":[1,8,14,16,24,29,33,36,40,46],"ascension_level":0}}