{"host":"tpad8qsc9e0g0pa5","time":1610198958,"event":{"mods":["BaseMod","Minty Spire (QoL Compilation)","Quick Restart","Remilia£®¿Ÿ√◊¿Ú—«£©","StSLib","The Cursed","The Runesmith"],"gold_per_floor":[110,185,185,202,30,58,58,233,233,253,267,267,7,25,25,123,123,141,171,184,72,86,86,86],"floor_reached":23,"playtime":5700,"items_purged":["Doubt"],"score":191,"play_id":"0126438b-094d-48ce-8433-28caeb92c8ec","local_time":"20210109212918","is_ascension_mode":false,"campfire_choices":[{"floor":7,"key":"REST"},{"data":"Runesmith:FissionHammer","floor":15,"key":"SMITH"}],"circlet_count":0,"master_deck":["Runesmith:Strike_RS","Runesmith:Strike_RS","Runesmith:Defend_RS","Runesmith:Defend_RS","Runesmith:Defend_RS","Runesmith:Defend_RS","Runesmith:CraftFirestone","Runesmith:Fortify","Runesmith:ChargedHammer","Runesmith:CraftSpiculum","Runesmith:PoweredAnvil","Runesmith:GoWithTheFlow","Runesmith:CraftMagma","Runesmith:Superposition","Runesmith:UnstableHammer","Runesmith:Grindstone","Runesmith:FissionHammer+1","Runesmith:Duplicate","Runesmith:MakeshiftArmor","Runesmith:CraftVitae","Runesmith:UnlimitedPower","Runesmith:ChaoticBlast+1","Runesmith:RunicBlueprint","Runesmith:EarthShield","Runesmith:Firestorm"],"relics":["Runesmith:BrokenRuby","Potion Belt","Darkstone Periapt","Sozu","Red Mask"],"acts_visited":["Exordium","TheCity"],"potions_floor_usage":[4],"damage_taken":[{"damage":0,"enemies":"2 Louse","floor":1,"turns":3},{"damage":6,"enemies":"Small Slimes","floor":4,"turns":4},{"damage":27,"enemies":"Lagavulin","floor":6,"turns":8},{"damage":1,"enemies":"Cultist","floor":10,"turns":3},{"damage":7,"enemies":"2 Fungi Beasts","floor":11,"turns":4},{"damage":1,"enemies":"3 Louse","floor":14,"turns":4},{"damage":34,"enemies":"The Guardian","floor":16,"turns":8},{"damage":7,"enemies":"Spheric Guardian","floor":18,"turns":4},{"damage":43,"enemies":"Masked Bandits","floor":19,"turns":4},{"damage":0,"enemies":"3 Byrds","floor":20,"turns":4},{"damage":18,"enemies":"Snake Plant","floor":22,"turns":3},{"damage":33,"enemies":"Book of Stabbing","floor":23,"turns":5}],"seed_played":"-751510884916379713","potions_obtained":[{"floor":1,"key":"EssenceOfSteel"},{"floor":4,"key":"FairyPotion"},{"floor":11,"key":"Strength Potion"},{"floor":14,"key":"SpeedPotion"},{"floor":16,"key":"Ancient Potion"}],"is_trial":false,"path_per_floor":["M","?","?","M","$","E","R","?","T","M","M","?","$","M","R","B",null,"M","?","M","$","M","E"],"character_chosen":"RUNESMITH_CLASS","items_purchased":["Runesmith:PoweredAnvil","Runesmith:GoWithTheFlow","Runesmith:CraftMagma","Runesmith:FissionHammer","Runesmith:Duplicate","Runesmith:MakeshiftArmor","Runesmith:Firestorm"],"campfire_rested":1,"item_purchase_floors":[5,5,5,13,13,13,21],"current_hp_per_floor":[77,66,66,60,60,33,56,56,56,55,48,41,41,40,40,6,77,70,27,27,27,9,0,0],"gold":86,"neow_bonus":"TEN_PERCENT_HP_BONUS","is_daily":false,"chose_seed":false,"campfire_upgraded":1,"win_rate":0.0,"timestamp":1610198958,"path_taken":["M","?","?","M","$","E","R","?","T","M","M","?","$","M","R","BOSS","M","?","M","$","M","E"],"items_purchased_type":["Card","Card","Card","Card","Card","Card","Card"],"build_version":"2020-12-22","purchased_purges":1,"victory":false,"max_hp_per_floor":[77,77,77,77,77,77,77,77,77,77,77,77,77,77,77,77,77,77,77,77,77,77,77,77],"card_choices":[{"not_picked":["Runesmith:Repurpose","Runesmith:StaticCage"],"picked":"Runesmith:ChargedHammer","floor":1},{"not_picked":["Runesmith:StaticCage","Runesmith:Overpower"],"picked":"Runesmith:CraftSpiculum","floor":4},{"not_picked":["Runesmith:Attraction","Runesmith:LithiumIon"],"picked":"Runesmith:Superposition","floor":6},{"not_picked":["Runesmith:Accelerate","Runesmith:HeatedChisel"],"picked":"Runesmith:UnstableHammer","floor":10},{"not_picked":["Runesmith:DuctTape","Runesmith:Overpower"],"picked":"Runesmith:Grindstone","floor":11},{"not_picked":["Runesmith:Grindstone","Runesmith:ShiftingStrike"],"picked":"Runesmith:CraftVitae","floor":14},{"not_picked":["Runesmith:DuctTape","Runesmith:CraftPrismatica"],"picked":"Runesmith:UnlimitedPower","floor":16},{"not_picked":["Runesmith:ShiftingStrike+1","Runesmith:Firestorm+1"],"picked":"Runesmith:ChaoticBlast+1","floor":18},{"not_picked":["Runesmith:StaticCage","Runesmith:CraftProtectio"],"picked":"Runesmith:RunicBlueprint","floor":19},{"not_picked":["Runesmith:EnergizedChisel","Runesmith:ChargedHammer"],"picked":"Runesmith:EarthShield","floor":20},{"not_picked":["Runesmith:HammerThrow","Runesmith:EnergizedChisel","Runesmith:ShiftingStrike"],"picked":"SKIP","floor":22}],"player_experience":243439,"relics_obtained":[{"floor":6,"key":"Potion Belt"},{"floor":9,"key":"Darkstone Periapt"},{"floor":19,"key":"Red Mask"}],"event_choices":[{"damage_healed":0,"gold_gain":75,"player_choice":"Gather Gold","damage_taken":11,"max_hp_gain":0,"max_hp_loss":0,"event_name":"World of Goop","floor":2,"gold_loss":0},{"cards_removed":["Runesmith:Strike_RS"],"damage_healed":0,"gold_gain":0,"player_choice":"Forget","damage_taken":0,"max_hp_gain":0,"max_hp_loss":0,"event_name":"Living Wall","floor":3,"gold_loss":0},{"damage_healed":0,"gold_gain":175,"player_choice":"AGREE","damage_taken":0,"max_hp_gain":0,"max_hp_loss":0,"event_name":"Liars Game","floor":8,"gold_loss":0,"cards_obtained":["Doubt"]},{"cards_removed":["Runesmith:Strike_RS"],"damage_healed":0,"gold_gain":0,"player_choice":"Card Removal","damage_taken":7,"max_hp_gain":0,"max_hp_loss":0,"event_name":"Golden Wing","floor":12,"gold_loss":0},{"damage_healed":0,"gold_gain":0,"player_choice":"Fought Bandits","damage_taken":0,"max_hp_gain":0,"max_hp_loss":0,"event_name":"Masked Bandits","floor":19,"gold_loss":0}],"is_beta":false,"boss_relics":[{"not_picked":["Calling Bell","Runic Pyramid"],"picked":"Sozu"}],"items_purged_floors":[21],"is_endless":false,"potions_floor_spawned":[1,4,11,14,16,20,22],"killed_by":"Book of Stabbing","ascension_level":0}}