{"host":"u3jctbsl7uavviuy","time":1610210731,"event":{"mods":["ATMod(阿瑾Mod)","Arknights The Spire","BaseMod","BetterRewards","GungeonMod","HololiveMod","Luminous","Marisa（F雨　魔理沙）","Minty Spire (QoL Compilation)","Relic Stats","Replay The Spire","Shop Mod","Spicy Shops","StSLib","TestMod","The Animator","The Cursed","The Gatherer","The Servant 0.9.4","WarShipGirlsR/战舰少女R mod","vexMod","篝火指南"],"gold_per_floor":[117,131,144,155,155,155,186,204,204,235,235,249,249,262,262,361,361,376,200,210,227,227,227],"floor_reached":22,"playtime":1349,"items_purged":["ats:Strike V","ats:Defend","ats:Defend"],"score":358,"play_id":"0cc6fc74-a53e-4d83-ae8c-a69ecef17786","local_time":"20210110014531","is_ascension_mode":true,"campfire_choices":[{"floor":6.0,"key":"REST"},{"floor":11.0,"key":"REST"},{"data":"ats:Apocalypse","floor":13.0,"key":"SMITH"},{"floor":15.0,"key":"REST"}],"circlet_count":0,"master_deck":["ats:Strike C","ats:Strike S","ats:Armor Crushing Shot","ats:Defend","ats:Defend","ats:Emotion Absorption","AT_EssenceShift","ats:Poison Spread","ats:Consecutive Shot Auto+1","ats:Neurotoxin","ats:Shell Defense","ats:Assault Order","ats:Powerful Strike","ats:Powerful Strike","ats:Song Of Battle","ats:Overload","ats:Revitalization","ats:Explosion Area Strengthen","ats:Charging Defense","ats:Disruption Kick","ats:Support Order","ats:Revitalization","ats:Apocalypse+1","ats:Healing Drone","ats:Shadow Assault","ats:Song Of Battle+1","ats:Counter Healing Mode+1","ats:Apocalypse"],"relics":["ats:Sanity","testmod-TestBox","AT_ATBox","testmod-EqualTreatment","vexMod:Cooldron","ats:Originium","Peace Pipe","Blue Candle","AT_TimeSand"],"acts_visited":["Exordium","TheCity"],"potions_floor_usage":[22,22,22],"damage_taken":[{"damage":0.0,"enemies":"2 Louse","floor":1.0,"turns":2.0},{"damage":0.0,"enemies":"Cultist","floor":2.0,"turns":2.0},{"damage":0.0,"enemies":"Small Slimes","floor":3.0,"turns":3.0},{"damage":14.0,"enemies":"Exordium Thugs","floor":4.0,"turns":3.0},{"damage":22.0,"enemies":"Gremlin Nob","floor":7.0,"turns":5.0},{"damage":20.0,"enemies":"Gremlin Gang","floor":8.0,"turns":3.0},{"damage":0.0,"enemies":"3 Sentries","floor":10.0,"turns":3.0},{"damage":8.0,"enemies":"Blue Slaver","floor":12.0,"turns":3.0},{"damage":0.0,"enemies":"Lots of Slimes","floor":14.0,"turns":1.0},{"damage":54.0,"enemies":"The Guardian","floor":16.0,"turns":10.0},{"damage":0.0,"enemies":"3 Byrds","floor":18.0,"turns":2.0},{"damage":58.0,"enemies":"2 Thieves","floor":20.0,"turns":5.0},{"damage":33.0,"enemies":"Centurion and Healer","floor":21.0,"turns":9.0},{"damage":47,"enemies":"Snake Plant","floor":22,"turns":4}],"seed_played":"-1933265275211989839","potions_obtained":[{"floor":4.0,"key":"EntropicBrew"},{"floor":8.0,"key":"EntropicBrew"},{"floor":10.0,"key":"EntropicBrew"},{"floor":12.0,"key":"EntropicBrew"},{"floor":20.0,"key":"EntropicBrew"},{"floor":21.0,"key":"EntropicBrew"}],"is_trial":false,"path_per_floor":["M","M","M","M","?","R","E","M","T","E","R","M","R","M","R","B",null,"M","$","M","M","M"],"character_chosen":"DOCTOR_CLASS","items_purchased":["ats:Poison Spread","ats:Consecutive Shot Auto+1","ats:Neurotoxin","ats:Shell Defense","vexMod:Cooldron","ats:Assault Order","ats:Powerful Strike","ats:Song Of Battle","ats:Overload","ats:Revitalization","ats:Song Of Battle+1"],"campfire_rested":3,"item_purchase_floors":[0,0,0,0,0,0,0,0,0,0,19],"current_hp_per_floor":[31,31,31,17,17,38,18,1,1,1,22,17,17,17,38,35,72,72,72,19,32,0,0],"gold":227,"neow_bonus":"","is_daily":false,"chose_seed":false,"campfire_upgraded":1,"win_rate":0.0,"timestamp":1610210731,"path_taken":["M","M","M","M","?","R","E","M","T","E","R","M","R","?","R","BOSS","M","$","?","M","M"],"items_purchased_type":["Card","Card","Card","Card","Relic","Card","Card","Card","Card","Card","Card"],"build_version":"2020-12-22","purchased_purges":3,"victory":false,"max_hp_per_floor":[72,72,72,72,72,72,72,72,72,72,72,72,72,72,72,72,72,72,72,72,72,72,72],"relic_stats":{"Peace Pipe":0,"counters":[84,381],"Blue Candle":[0],"obtain_stats":[{"Ice Cream":20,"Golden Egg":14,"AT_ATBox":0,"Gremlin Horn":11,"DemoMod:GlassGuonStoneRelic":1,"AT_TimeSand":10,"Bottled Tornado":46,"Sling":49,"Old Coin":9,"Blood Vial":43,"Replay:Ringing Soul":32,"DollysMirror":20,"DemoMod:Metronome":26,"Kunai":49,"AT_GuinsooRageblade":38,"ats:Rhine Circuitry":27,"MerchantsRug":0,"testmod-TestBox":0,"Pear":49,"Happy Flower":40,"testmod-FatalChain":4,"DemoMod:OrangeGuonStone":26,"Blue Candle":9,"Oddly Smooth Stone":27,"AT_PhaseBoots":33,"Pen Nib":42,"vexMod:PaidLearning":24,"Replay:Kaleidoscope":23,"vexMod:Cooldron":32,"AT_SpeedBoots":20,"DemoMod:MeatBun":49,"testmod-Acrobat":2,"Simple Rune":10,"Onion Ring":32,"DemoMod:SerJunkan":30,"ReplayTheSpireMod:TigerMarble":0,"AT_DeathDance":38,"Mirror":30,"ReplayFunnel":49,"ats:Ability Aura":17,"vexMod:PlasmaPancake":17,"testmod-EqualTreatment":12,"Incense Burner":34,"Bag of Preparation":46,"testmod-Nyarlathotep":9,"DemoMod:WhiteGuonStone":24,"Replay:Rubber Ducky":0,"testmod-CrystalShield":12,"Gambling Chip":20,"Toolbox":5,"testmod-Déjàvu":0,"Red Mask":25,"ats:Sanity":0,"Chemical X":40,"Potion Belt":23,"DemoMod:Junk":44,"Gremlin Food":47,"BargainBundle":38,"NeowsBlessing":0,"vexMod:ConsolationPrize":17,"The Courier":6,"AT_BladeRuinedKing":43,"Omamori":0,"testmod-TurbochargingSystem":8,"testmod-IndustrialRevolution":26,"ats:Gyao":8,"Calling Bell":17,"vexMod:Dragonfruit":34,"Peace Pipe":7,"Pondfish Scales":6,"Anchor":40,"AT_BellowingDragoncrestRing":4,"vexMod:BarristanHead":9,"ats:Originium":10,"Orrery":44,"ats:Tactical Delivery":34,"Bottled Lightning":44,"Membership Card":46},{"Ice Cream":53,"Golden Egg":21,"AT_ATBox":0,"Gremlin Horn":48,"DemoMod:GlassGuonStoneRelic":1,"AT_TimeSand":77,"Bottled Tornado":67,"Sling":69,"Old Coin":17,"Blood Vial":37,"Replay:Ringing Soul":60,"DollysMirror":53,"DemoMod:Metronome":55,"Kunai":69,"AT_GuinsooRageblade":63,"ats:Rhine Circuitry":56,"MerchantsRug":41,"testmod-TestBox":0,"Pear":69,"Happy Flower":36,"testmod-FatalChain":15,"DemoMod:OrangeGuonStone":28,"Blue Candle":76,"Oddly Smooth Stone":28,"AT_PhaseBoots":61,"Pen Nib":65,"vexMod:PaidLearning":10,"Replay:Kaleidoscope":10,"vexMod:Cooldron":32,"AT_SpeedBoots":53,"DemoMod:MeatBun":69,"testmod-Acrobat":43,"Simple Rune":4,"Onion Ring":60,"DemoMod:SerJunkan":59,"ReplayTheSpireMod:TigerMarble":12,"AT_DeathDance":34,"Mirror":31,"ReplayFunnel":69,"ats:Ability Aura":7,"vexMod:PlasmaPancake":7,"testmod-EqualTreatment":78,"Incense Burner":61,"Bag of Preparation":67,"testmod-Nyarlathotep":3,"DemoMod:WhiteGuonStone":55,"Replay:Rubber Ducky":41,"testmod-CrystalShield":20,"Gambling Chip":53,"Toolbox":44,"testmod-Déjàvu":0,"Red Mask":28,"ats:Sanity":0,"Chemical X":64,"Potion Belt":27,"DemoMod:Junk":66,"Gremlin Food":68,"BargainBundle":34,"NeowsBlessing":0,"vexMod:ConsolationPrize":7,"The Courier":17,"AT_BladeRuinedKing":65,"Omamori":41,"testmod-TurbochargingSystem":17,"testmod-IndustrialRevolution":11,"ats:Gyao":47,"Calling Bell":7,"vexMod:Dragonfruit":61,"Peace Pipe":75,"Pondfish Scales":45,"Anchor":64,"AT_BellowingDragoncrestRing":44,"vexMod:BarristanHead":47,"ats:Originium":4,"Orrery":37,"ats:Tactical Delivery":33,"Bottled Lightning":37,"Membership Card":67},{"Ice Cream":260,"Golden Egg":86,"AT_ATBox":0,"Gremlin Horn":237,"DemoMod:GlassGuonStoneRelic":1,"AT_TimeSand":347,"Bottled Tornado":315,"Sling":322,"Old Coin":69,"Blood Vial":179,"Replay:Ringing Soul":284,"DollysMirror":260,"DemoMod:Metronome":267,"Kunai":322,"AT_GuinsooRageblade":297,"ats:Rhine Circuitry":270,"MerchantsRug":201,"testmod-TestBox":0,"Pear":322,"Happy Flower":173,"testmod-FatalChain":54,"DemoMod:OrangeGuonStone":129,"Blue Candle":344,"Oddly Smooth Stone":129,"AT_PhaseBoots":288,"Pen Nib":305,"vexMod:PaidLearning":39,"Replay:Kaleidoscope":39,"vexMod:Cooldron":153,"AT_SpeedBoots":260,"DemoMod:MeatBun":322,"testmod-Acrobat":208,"Simple Rune":11,"Onion Ring":284,"DemoMod:SerJunkan":281,"ReplayTheSpireMod:TigerMarble":47,"AT_DeathDance":166,"Mirror":148,"ReplayFunnel":322,"ats:Ability Aura":26,"vexMod:PlasmaPancake":26,"testmod-EqualTreatment":348,"Incense Burner":292,"Bag of Preparation":315,"testmod-Nyarlathotep":3,"DemoMod:WhiteGuonStone":267,"Replay:Rubber Ducky":201,"testmod-CrystalShield":81,"Gambling Chip":260,"Toolbox":214,"testmod-Déjàvu":0,"Red Mask":129,"ats:Sanity":0,"Chemical X":301,"Potion Belt":127,"DemoMod:Junk":310,"Gremlin Food":319,"BargainBundle":166,"NeowsBlessing":0,"vexMod:ConsolationPrize":26,"The Courier":69,"AT_BladeRuinedKing":305,"Omamori":201,"testmod-TurbochargingSystem":69,"testmod-IndustrialRevolution":46,"ats:Gyao":228,"Calling Bell":26,"vexMod:Dragonfruit":292,"Peace Pipe":341,"Pondfish Scales":220,"Anchor":301,"AT_BellowingDragoncrestRing":214,"vexMod:BarristanHead":228,"ats:Originium":11,"Orrery":179,"ats:Tactical Delivery":162,"Bottled Lightning":179,"Membership Card":315}]},"card_choices":[{"not_picked":["ats:Consecutive Shot Auto","ats:Curse Doll"],"picked":"ats:Explosion Area Strengthen","floor":1.0},{"not_picked":["ats:Hammer On","ats:Automatic Cover"],"picked":"ats:Charging Defense","floor":2.0},{"not_picked":["ats:Powerful Strike","ats:Assault Order","ats:Ignite"],"picked":"SKIP","floor":3.0},{"not_picked":["ats:Leaping Hammer","ats:Childhood Dance"],"picked":"ats:Disruption Kick","floor":4.0},{"not_picked":["ats:Sunburst","ats:Curse Doll","ats:LN2 Cannon"],"picked":"SKIP","floor":7.0},{"not_picked":["ats:Sword Rain","ats:Ignite","ats:Hammer On"],"picked":"SKIP","floor":8.0},{"not_picked":["ats:Shadow Raid","ats:Explosion Area Strengthen"],"picked":"ats:Revitalization","floor":10.0},{"not_picked":["ats:Charging Defense","ats:Poison Spread"],"picked":"ats:Apocalypse","floor":12.0},{"not_picked":["ats:Shell Defense","ats:Steam Pump"],"picked":"ats:Healing Drone","floor":14.0},{"not_picked":["ats:Echo Reverb","ats:Wolf Pack"],"picked":"ats:Shadow Assault","floor":16.0},{"not_picked":["ats:Childhood Dance","ats:Consecutive Shot Auto","ats:Apocalypse"],"picked":"SKIP","floor":18.0},{"not_picked":["ats:Explosion Area Strengthen","ats:Consecutive Shot Auto+1"],"picked":"ats:Counter Healing Mode+1","floor":20.0},{"not_picked":["ats:Cat Scratch","ats:Consecutive Shot Auto"],"picked":"ats:Apocalypse","floor":21.0}],"player_experience":422022,"relics_obtained":[{"floor":7.0,"key":"ats:Originium"},{"floor":7.0,"key":"Peace Pipe"},{"floor":9.0,"key":"Blue Candle"},{"floor":10.0,"key":"ats:Originium"},{"floor":10.0,"key":"AT_TimeSand"}],"event_choices":[{"damage_healed":0.0,"max_hp_gain":0.0,"max_hp_loss":0.0,"gold_gain":0.0,"cards_transformed":["ats:Strike G"],"event_name":"Transmorgrifier","player_choice":"Transformed","floor":5.0,"gold_loss":0.0,"damage_taken":0.0,"cards_obtained":["ats:Support Order"]}],"is_beta":false,"boss_relics":[{"not_picked":["vexMod:EndlessSickness","testmod-PortableAltar","vexMod:CursedCompass"]}],"items_purged_floors":[0,0,19],"is_endless":false,"potions_floor_spawned":[4,8,10,12,20,21],"killed_by":"Snake Plant","ascension_level":2}}