{"host":"l60rmjjsfi0fipmi","time":1610203230,"event":{"mods":["BaseMod","Colored Map","DeckTracker","Highlight Path","Minty Spire (QoL Compilation)"],"gold_per_floor":[112,128,10,21,21,21,40,40,40,40,40,40,81,81,81,204,204,224,139,163,163,163,163,163],"floor_reached":23,"playtime":1142,"items_purged":[],"score":196,"play_id":"43b7b506-345b-4489-b0f7-b24ba91d82f0","local_time":"20210109094030","is_ascension_mode":true,"campfire_choices":[{"data":"Eruption","floor":6,"key":"SMITH"},{"data":"Consecrate","floor":8,"key":"SMITH"},{"data":"Halt","floor":12,"key":"SMITH"},{"data":"FearNoEvil","floor":15,"key":"SMITH"}],"circlet_count":0,"master_deck":["Strike_P+1","Strike_P","Strike_P","Strike_P+1","Defend_P","Defend_P","Defend_P","Defend_P","Eruption+1","Vigilance","Consecrate+1","Halt+1","Wireheading","FearNoEvil+1","CrushJoints","EmptyFist","Injury","FlyingSleeves","Regret","Establishment","Protect+1","Evaluate"],"relics":["PureWater","Whetstone","Darkstone Periapt","Golden Idol","Pantograph","Eternal Feather","Philosopher\u0027s Stone","Yang"],"acts_visited":["Exordium","TheCity"],"potions_floor_usage":[16,16,16,23],"damage_taken":[{"damage":2,"enemies":"Jaw Worm","floor":1,"turns":4},{"damage":0,"enemies":"Small Slimes","floor":2,"turns":1},{"damage":3,"enemies":"2 Louse","floor":4,"turns":2},{"damage":2,"enemies":"2 Fungi Beasts","floor":7,"turns":3},{"damage":18,"enemies":"Lagavulin","floor":13,"turns":5},{"damage":47,"enemies":"Hexaghost","floor":16,"turns":6},{"damage":39,"enemies":"3 Byrds","floor":18,"turns":6},{"damage":32,"enemies":"2 Thieves","floor":20,"turns":3},{"damage":44,"enemies":"Slavers","floor":23,"turns":3}],"seed_played":"-3187803194948944109","potions_obtained":[{"floor":2,"key":"Regen Potion"},{"floor":13,"key":"EntropicBrew"},{"floor":16,"key":"Dexterity Potion"}],"is_trial":false,"path_per_floor":["M","M","$","M","?","R","M","R","T","?","$","R","E","?","R","B",null,"M","?","M","?","?","E"],"character_chosen":"WATCHER","items_purchased":["Wireheading","FearNoEvil"],"campfire_rested":0,"item_purchase_floors":[3,3],"current_hp_per_floor":[70,70,70,67,67,67,65,65,65,71,71,71,53,59,68,46,84,45,45,13,41,41,0,0],"gold":163,"neow_bonus":"RANDOM_COMMON_RELIC","is_daily":false,"chose_seed":false,"campfire_upgraded":4,"win_rate":0.0,"timestamp":1610203230,"path_taken":["M","M","$","M","?","R","M","R","T","?","$","R","E","?","R","BOSS","M","?","M","?","?","E"],"items_purchased_type":["Card","Card"],"build_version":"2020-12-22","purchased_purges":0,"victory":false,"max_hp_per_floor":[72,72,72,72,72,72,72,72,72,78,78,78,78,84,84,84,84,84,84,84,84,84,84,84],"card_choices":[{"not_picked":["Crescendo","CrushJoints"],"picked":"Consecrate","floor":1},{"not_picked":["Swivel","JustLucky"],"picked":"Halt","floor":2},{"not_picked":["ThirdEye","Crescendo"],"picked":"CrushJoints","floor":4},{"not_picked":["PathToVictory","WheelKick"],"picked":"EmptyFist","floor":7},{"not_picked":["ClearTheMind","JustLucky"],"picked":"FlyingSleeves","floor":13},{"not_picked":["DevaForm","Brilliance"],"picked":"Establishment","floor":16},{"not_picked":["BowlingBash+1","EmptyBody"],"picked":"Protect+1","floor":18},{"not_picked":["EmptyFist+1","WreathOfFlame"],"picked":"Evaluate","floor":20}],"player_experience":292054,"relics_obtained":[{"floor":9,"key":"Darkstone Periapt"},{"floor":13,"key":"Pantograph"}],"event_choices":[{"damage_healed":0,"gold_gain":0,"player_choice":"Ignored","damage_taken":0,"max_hp_gain":0,"max_hp_loss":0,"event_name":"Liars Game","floor":5,"gold_loss":0},{"damage_healed":0,"gold_gain":0,"player_choice":"Take Wound","damage_taken":0,"relics_obtained":["Golden Idol"],"max_hp_gain":0,"max_hp_loss":0,"event_name":"Golden Idol","floor":10,"gold_loss":0,"cards_obtained":["Injury"]},{"damage_healed":0,"gold_gain":0,"player_choice":"Box","damage_taken":0,"relics_obtained":["Eternal Feather"],"max_hp_gain":0,"max_hp_loss":0,"event_name":"Big Fish","floor":14,"gold_loss":0,"cards_obtained":["Regret"]},{"damage_healed":0,"gold_gain":0,"player_choice":"Obtained Relic","damage_taken":0,"relics_obtained":["Yang"],"max_hp_gain":0,"max_hp_loss":0,"event_name":"Addict","floor":19,"gold_loss":85},{"damage_healed":28,"gold_gain":0,"player_choice":"Heal","damage_taken":0,"max_hp_gain":0,"max_hp_loss":0,"event_name":"The Library","floor":21,"gold_loss":0},{"damage_healed":0,"gold_gain":0,"player_choice":"Ignored","damage_taken":0,"max_hp_gain":0,"max_hp_loss":0,"event_name":"Vampires","floor":22,"gold_loss":0}],"is_beta":false,"boss_relics":[{"not_picked":["Snecko Eye","Velvet Choker"],"picked":"Philosopher\u0027s Stone"}],"items_purged_floors":[],"is_endless":false,"potions_floor_spawned":[2,13,16],"killed_by":"Slavers","ascension_level":1}}