{"host":"h2zaclyrd1q1i31f","time":1610160869,"event":{"mods":["Act Like it!","BaseMod","Colored Map","Downfall","GifTheSpireLib","Hallownest","Hermit","Minty Spire (QoL Compilation)","Permanent Neow","StSLib","SuperFastMode","The Bug Knight","The Gatherer","The Hierophant","The Wild Card"],"gold_per_floor":[211,211,67,84,84,84,110,110,110,129,129,146,9,23,23,118,118,130,5,5,23,23,50,50,81,108,108,123,123,143,143,143,242,242,253,268,268,280,297,297,307,307],"floor_reached":41,"playtime":2975,"items_purged":["theWildCard:BasicStrike","theWildCard:BasicStrike","theWildCard:BasicStrike"],"score":458,"play_id":"10b8b7f6-ccb2-4bcf-afdd-c7c409a6d481","local_time":"20210108205429","is_ascension_mode":false,"campfire_choices":[{"data":"theWildCard:MagicMettle","floor":6,"key":"SMITH"},{"data":"theWildCard:SeveringSlash","floor":8,"key":"SMITH"},{"data":"theWildCard:MagicalMight","floor":11,"key":"SMITH"},{"data":"theWildCard:PowerOfTheArcana","floor":15,"key":"SMITH"},{"data":"theWildCard:FinalHour","floor":24,"key":"SMITH"},{"data":"theWildCard:Impatience","floor":29,"key":"SMITH"},{"data":"theWildCard:MagicalMight","floor":32,"key":"SMITH"},{"data":"theWildCard:TheArcanaUnleashed","floor":40,"key":"SMITH"}],"circlet_count":0,"master_deck":["theWildCard:BasicStrike+1","theWildCard:BasicDefend+1","theWildCard:BasicDefend+1","theWildCard:BasicDefend","theWildCard:Arsene","theWildCard:SeveringSlash+1","theWildCard:MagicMettle+1","theWildCard:Metatron","theWildCard:MagicalMight+1","theWildCard:MagicalMight+1","theWildCard:PowerOfTheArcana+1","theWildCard:FinalHour+1","theWildCard:Alice","theWildCard:Amaterasu","theWildCard:Impatience+1","theWildCard:ShieldOfMany+1","theWildCard:TheArcanaUnleashed+1"],"relics":["theWildCard:VelvetContract","Meat on the Bone","War Paint","Runic Pyramid","Bird Faced Urn","Question Card","Bronze Scales","Sundial","Empty Cage"],"acts_visited":["Exordium","TheCity","TheBeyond"],"potions_floor_usage":[14,16],"damage_taken":[{"damage":0,"enemies":"Jaw Worm","floor":1,"turns":4},{"damage":0,"enemies":"Small Slimes","floor":4,"turns":3},{"damage":26,"enemies":"Lagavulin","floor":7,"turns":10},{"damage":0,"enemies":"Cultist","floor":10,"turns":3},{"damage":0,"enemies":"3 Louse","floor":12,"turns":2},{"damage":3,"enemies":"Large Slime","floor":14,"turns":3},{"damage":17,"enemies":"The Guardian","floor":16,"turns":11},{"damage":18,"enemies":"2 Thieves","floor":18,"turns":2},{"damage":0,"enemies":"Chosen","floor":21,"turns":3},{"damage":18,"enemies":"Book of Stabbing","floor":23,"turns":4},{"damage":4,"enemies":"HollowMod:Nosk","floor":25,"turns":5},{"damage":12,"enemies":"Snake Plant","floor":28,"turns":5},{"damage":0,"enemies":"Snecko","floor":30,"turns":3},{"damage":35,"enemies":"Champ","floor":33,"turns":10},{"damage":15,"enemies":"Orb Walker","floor":35,"turns":4},{"damage":17,"enemies":"3 Shapes","floor":36,"turns":5},{"damage":26,"enemies":"Transient","floor":38,"turns":5},{"damage":3,"enemies":"Spire Growth","floor":39,"turns":4},{"damage":26,"enemies":"3 Darklings","floor":41,"turns":3}],"seed_played":"-5762968579495015762","potions_obtained":[{"floor":4,"key":"Swift Potion"},{"floor":14,"key":"PowerPotion"},{"floor":16,"key":"SpeedPotion"},{"floor":23,"key":"EssenceOfSteel"},{"floor":28,"key":"FairyPotion"},{"floor":30,"key":"champ:CounterPotion"},{"floor":39,"key":"Strength Potion"}],"is_trial":false,"path_per_floor":["M","?","$","M","?","R","E","R","T","M","R","M","$","M","R","B",null,"M","$","?","M","?","E","R","E","T","T","M","R","M","?","R","B",null,"M","M","?","M","M","R","M"],"character_chosen":"THE_WILD_CARD","items_purchased":["theWildCard:MagicMettle","theWildCard:PowerOfTheArcana"],"campfire_rested":0,"item_purchase_floors":[3,13],"current_hp_per_floor":[60,48,48,48,48,48,22,22,22,34,34,34,34,31,31,26,60,42,42,32,44,65,47,47,45,45,45,49,49,51,51,51,30,65,50,65,65,41,42,42,30,30],"gold":307,"neow_bonus":"HUNDRED_GOLD","is_daily":false,"chose_seed":false,"campfire_upgraded":8,"win_rate":0.0,"timestamp":1610160869,"path_taken":["M","?","$","M","?","R","E","R","T","?","R","M","$","M","R","BOSS","M","$","?","M","?","E","R","E","T","?","M","R","M","?","R","BOSS","M","M","?","M","M","R","M"],"items_purchased_type":["Card","Card"],"build_version":"2020-12-22","purchased_purges":3,"victory":false,"max_hp_per_floor":[60,60,60,60,60,60,60,60,60,60,60,60,60,60,60,60,60,60,60,65,65,65,65,65,65,65,65,65,65,65,65,65,65,65,65,65,65,65,65,65,65,65],"card_choices":[{"not_picked":["theWildCard:ArcaneArts","theWildCard:SacrificialStroke"],"picked":"theWildCard:SeveringSlash","floor":1},{"not_picked":["theWildCard:PaleRider","theWildCard:Unburden"],"picked":"theWildCard:Metatron","floor":4},{"not_picked":["theWildCard:Attunement","theWildCard:PaleRider","theWildCard:Loki"],"picked":"SKIP","floor":7},{"not_picked":["theWildCard:MagicMettle","theWildCard:TheGreatSeal"],"picked":"theWildCard:MagicalMight","floor":10},{"not_picked":["theWildCard:Sakuya","theWildCard:Proficiency"],"picked":"theWildCard:MagicalMight","floor":12},{"not_picked":["theWildCard:PowerOfTheArcana","theWildCard:Unburden","theWildCard:Sakuya"],"picked":"SKIP","floor":14},{"not_picked":["theWildCard:Ruination","theWildCard:Overwhelm"],"picked":"theWildCard:FinalHour","floor":16},{"not_picked":["theWildCard:SeveringSlash+1","theWildCard:ArcaneArts"],"picked":"theWildCard:Alice","floor":18},{"not_picked":["theWildCard:PowerOfTheArcana","theWildCard:Safeguard","theWildCard:Unburden"],"picked":"SKIP","floor":21},{"not_picked":["theWildCard:AllOutAttack","theWildCard:Patience"],"picked":"theWildCard:MaskChange+1","floor":23},{"not_picked":["theWildCard:PowerOfTheArcana","theWildCard:Sakuya"],"picked":"theWildCard:Amaterasu","floor":25},{"not_picked":["theWildCard:SacrificialStroke","theWildCard:Michael","theWildCard:SeveringSlash"],"picked":"theWildCard:Impatience","floor":28},{"not_picked":["theWildCard:Abstinence","theWildCard:Attunement","theWildCard:ArcaneArts"],"picked":"theWildCard:ShieldOfMany+1","floor":30},{"not_picked":["theWildCard:Satanael","theWildCard:Amaterasu","theWildCard:FuelForTheFire"],"picked":"theWildCard:TheArcanaUnleashed","floor":33},{"not_picked":["theWildCard:Proficiency+1","theWildCard:ArcaneArts+1","theWildCard:SeveringSlash","theWildCard:Michael+1"],"picked":"SKIP","floor":35},{"not_picked":["theWildCard:Metatron+1","theWildCard:TheUniverse","theWildCard:Sakuya","theWildCard:Proficiency"],"picked":"SKIP","floor":36},{"not_picked":["theWildCard:Patience","theWildCard:Abstinence+1","theWildCard:Loki","theWildCard:SacrificialStroke"],"picked":"SKIP","floor":38},{"not_picked":["theWildCard:Providence+1","theWildCard:Unburden+1","theWildCard:Scathach+1","theWildCard:TheGreatSeal+1"],"picked":"SKIP","floor":39}],"player_experience":153468,"relics_obtained":[{"floor":7,"key":"Meat on the Bone"},{"floor":9,"key":"War Paint"},{"floor":23,"key":"Bird Faced Urn"},{"floor":25,"key":"Question Card"},{"floor":26,"key":"Bronze Scales"},{"floor":27,"key":"Sundial"}],"event_choices":[{"damage_healed":0,"gold_gain":0,"player_choice":"Entered Light","damage_taken":12,"max_hp_gain":0,"max_hp_loss":0,"event_name":"Shining Light","floor":2,"gold_loss":0,"cards_upgraded":["theWildCard:BasicDefend","theWildCard:BasicStrike"]},{"damage_healed":0,"gold_gain":0,"player_choice":"Ignored","damage_taken":0,"max_hp_gain":0,"max_hp_loss":0,"event_name":"NoteForYourself","floor":5,"gold_loss":0},{"damage_healed":0,"gold_gain":0,"player_choice":"Shed Blood","damage_taken":15,"max_hp_gain":5,"max_hp_loss":0,"event_name":"Forgotten Altar","floor":20,"gold_loss":0},{"damage_healed":21,"gold_gain":0,"player_choice":"Heal","damage_taken":0,"max_hp_gain":0,"max_hp_loss":0,"event_name":"The Library","floor":22,"gold_loss":0},{"damage_healed":0,"gold_gain":0,"player_choice":"Ignored","damage_taken":0,"max_hp_gain":0,"max_hp_loss":0,"event_name":"Ghosts","floor":31,"gold_loss":0},{"cards_removed":["theWildCard:BasicDefend"],"damage_healed":0,"gold_gain":0,"player_choice":"Removed Skill","damage_taken":0,"max_hp_gain":0,"max_hp_loss":0,"event_name":"Falling","floor":37,"gold_loss":0}],"is_beta":false,"boss_relics":[{"not_picked":["Sozu","Calling Bell"],"picked":"Runic Pyramid"},{"not_picked":["Runic Dome","theWildCard:Wildcard"],"picked":"Empty Cage"}],"items_purged_floors":[3,13,19],"is_endless":false,"potions_floor_spawned":[4,14,16,23,28,30,33,36,39],"killed_by":"3 Darklings","ascension_level":0}}