{"host":"tw5nadds0x0wro7l","time":1610168071,"event":{"mods":["Aspiration","BaseMod","Better Altar","Better Match","Better Skull","Block Reminder","Card Forge","CatGirl Mod","Conspire","DNKmod","Displayed Cursed Tome","Dota2Spire","Downfall","Energized Spire","Force Act Four","Friendly Minions","Gold Saver","Grow up Mod","GungeonMod","Highlight Path","Hubris","Infinite Spire","Luminous","Minty Spire (QoL Compilation)","Practice Mode","Relic Sorter","Replay The Spire","Spicy Shops","StSLib","The Alterego","The Animator","The Death Knight","The Marked","The Senshi","TheSwordswoman","Transform Curses","Waifu the Spire","WarShipGirlsR/????R mod","vexMod"],"gold_per_floor":[1000,1042,1087,1087,481,571,571,51,128,233,233,281,370,471,531,843,843,843,899,901,876,876,989,989,1098,1177,1177,1177,1177],"floor_reached":27,"playtime":1754,"items_purged":["champ:GutPunch"],"score":680,"play_id":"8b38be74-002d-4632-9a1f-c93916a38961","local_time":"20210108235431","daily_mods":["Draft","Vintage","Red Cards","Colorless Cards","Heirloom","Time Dilation","Flight","downfall:ChampStances","downfall:Lament","DeadlyEvents","Binary","Cursed Run","Elite Swarm","Lethality","Midas","Night Terrors","Terminal","Binary"],"is_ascension_mode":false,"campfire_choices":[{"floor":1,"key":"DIG"},{"floor":18,"key":"RECALL"}],"circlet_count":0,"master_deck":["champ:DefensiveShout+1","champ:FanOfKnives+1","champ:RisingSlash+1","champ:Backstep+1","Dramatic Entrance+1","Dramatic Entrance+1","Limit Break+1","champ:BerserkerStyle+1","Pride","expansioncontent:DefensiveStance+1","infinitespire:UltimateForm+1","champ:Balance+1","champ:Aggression+1","champ:AdrenalArmor+1","champ:BerserkersShout+1","champ:ShieldSigil","champ:CalledShot+1","champ:Control+1","champ:CheapShot+1","champ:CrookedStrike+1","champ:EnchantShield+1","champ:Execute+1","champ:FalseCounter+1","champ:Lariat+1","Demon Form+1","Doubt","hubris:Envy","expansioncontent:SlimeTackle","conspire:Blindness"],"relics":["Cursed Key","Anvil of the Gods","Hammer of Thor","Seething Fire","Darkstone Periapt","Du-Vu Doll","Busted Crown","champ:ChampStancesModRelic","NeowsBlessing","replay:Trail_Library","DemoMod:SevenLeafClover","DemoMod:MonsterBlood","DemoMod:GlassGuonStoneRelic","infinitespire:Midas Blood","Thread and Needle","sneckomod:BlankCard","Golden Egg","vexMod:TimeEaterHat","vexMod:ScavengeHelm","DollysMirror","DemoMod:LamentConfigurum","DemoMod:PartiallyEatenCheese","hubris:TinFlute","champ:FightingForDummies","Bag of Preparation","DemoMod:WhiteGuonStone","Replay:Baseball","Dota2Spire:LotusOrb","Oddly Smooth Stone","DemoMod:BigBoy","Strawberry","Onion Ring","DemoMod:AgedBell","Dota2Spire:AssaultCuirass","conspire:SpecialSausage","Bronze Scales","aspiration:RitualStick","hubris:BundleOfHerbs","DemoMod:BlueGuonStone","Replay:Arrowhead","aspiration:SneckoTail","champ:DeflectingBracers","Replay:Ringing Soul","hubris:CuriousFeather"],"acts_visited":["Exordium","TheCity"],"potions_floor_usage":[],"damage_taken":[{"damage":0,"enemies":"Jaw Worm","floor":2,"turns":1},{"damage":0,"enemies":"Cultist","floor":3,"turns":1},{"damage":0,"enemies":"downfall:FleeingMerchant","floor":5,"turns":1},{"damage":0,"enemies":"3 Sentries","floor":6,"turns":2},{"damage":3,"enemies":"Lagavulin","floor":9,"turns":3},{"damage":0,"enemies":"Gremlin Nob","floor":10,"turns":1},{"damage":0,"enemies":"2 Louse","floor":12,"turns":1},{"damage":17,"enemies":"3 Sentries","floor":13,"turns":3},{"damage":2,"enemies":"Lagavulin","floor":14,"turns":1},{"damage":0,"enemies":"Lots of Slimes","floor":15,"turns":1},{"damage":34,"enemies":"downfall:Ironclad","floor":16,"turns":5},{"damage":13,"enemies":"Shell Parasite","floor":19,"turns":6},{"damage":45,"enemies":"Nightmare","floor":23,"turns":5},{"damage":4,"enemies":"conspire:Head Lice","floor":25,"turns":1},{"damage":4,"enemies":"Gremlin Leader","floor":26,"turns":2}],"seed_played":"4161288110585269739","potions_obtained":[{"floor":2,"key":"Reflective Coating"},{"floor":10,"key":"SpeedPotion"}],"is_trial":true,"path_per_floor":["R","M","M","?","$","E","T","$","E","E","T","M","E","E","M","B",null,"R","M","?","?","T","NM","T","E","E","AVR"],"character_chosen":"THE_CHAMP","items_purchased":["sneckomod:BlankCard","Golden Egg","vexMod:TimeEaterHat","vexMod:ScavengeHelm","DollysMirror","champ:BerserkerStyle","champ:FightingForDummies","Bag of Preparation","DemoMod:WhiteGuonStone"],"campfire_rested":0,"item_purchase_floors":[5,5,5,5,5,8,8,8,8],"current_hp_per_floor":[125,134,143,152,161,170,185,200,209,218,233,249,258,267,276,291,300,309,318,264,274,290,300,316,326,336,336,336,336],"gold":1177,"neow_bonus":"","is_daily":false,"chose_seed":false,"campfire_upgraded":0,"win_rate":0.0,"timestamp":1610168071,"path_taken":["R","M","M","?","?","E","T","$","E","?","?","?","E","?","M","BOSS","R","M","?","?","?","NM","T","?","?","AVR"],"items_purchased_type":["Relic","Relic","Relic","Relic","Relic","Card","Relic","Relic","Relic"],"build_version":"2020-12-22","purchased_purges":1,"victory":false,"max_hp_per_floor":[125,134,143,152,161,170,185,200,209,218,233,249,258,267,276,291,300,309,318,327,336,351,360,375,384,393,393,393,393],"card_choices":[{"not_picked":["Survey Options","Second Wind"],"picked":"Evolve","floor":0},{"not_picked":["Shockwave","Replay:Undeath\u0027s Touch"],"picked":"champ:CrookedStrike","floor":0},{"not_picked":["Havoc","animator:LimeBell"],"picked":"Pommel Strike","floor":0},{"not_picked":["champ:PerfectedStrike","expansioncontent:GuardianWhirl"],"picked":"champ:DefensiveShout","floor":0},{"not_picked":["Sever Soul","Perfected Strike"],"picked":"conspire:Charge","floor":0},{"not_picked":["Clothesline","expansioncontent:Torchfire"],"picked":"champ:DefensiveShout","floor":0},{"not_picked":["Pommel Strike","Run Through"],"picked":"Headbutt","floor":0},{"not_picked":["Body Slam","Replay:Sssssssssshield"],"picked":"champ:FanOfKnives","floor":0},{"not_picked":["Thunderclap","Sentinel"],"picked":"Perfected Strike","floor":0},{"not_picked":["Warcry","champ:PerfectedStrike"],"picked":"champ:CrookedStrike","floor":0},{"not_picked":["Power Through","Anger"],"picked":"champ:RisingSlash","floor":0},{"not_picked":["Power Through","Inflame"],"picked":"Thunderclap","floor":0},{"not_picked":["Wild Strike","expansioncontent:PrepareCrush"],"picked":"champ:Backstep","floor":0},{"not_picked":["Clothesline","Purity"],"picked":"champ:TornadoPunch","floor":0},{"not_picked":["Twin Strike","Shrug It Off"],"picked":"Dramatic Entrance","floor":0},{"not_picked":["Brutality","DemoMod:Deposit"],"picked":"Limit Break","floor":7},{"not_picked":["Demonic Infusion","Juggernaut","Barricade"],"picked":"SKIP","floor":11},{"not_picked":["Limit Break","champ:MurderStrike","conspire:HitWhereItHurts"],"picked":"SKIP","floor":22},{"not_picked":["champ:CrownThrow","champ:Improvising","ReplayTheSpireMod:Brewmster"],"picked":"SKIP","floor":24}],"player_experience":81862,"relics_obtained":[{"floor":1,"key":"DemoMod:MonsterBlood"},{"floor":2,"key":"infinitespire:Midas Blood"},{"floor":3,"key":"Thread and Needle"},{"floor":6,"key":"DemoMod:LamentConfigurum"},{"floor":7,"key":"DemoMod:PartiallyEatenCheese"},{"floor":7,"key":"hubris:TinFlute"},{"floor":9,"key":"Replay:Baseball"},{"floor":10,"key":"Dota2Spire:LotusOrb"},{"floor":11,"key":"Oddly Smooth Stone"},{"floor":11,"key":"DemoMod:BigBoy"},{"floor":12,"key":"Strawberry"},{"floor":13,"key":"Onion Ring"},{"floor":14,"key":"DemoMod:AgedBell"},{"floor":15,"key":"Dota2Spire:AssaultCuirass"},{"floor":19,"key":"Bronze Scales"},{"floor":22,"key":"hubris:BundleOfHerbs"},{"floor":22,"key":"DemoMod:BlueGuonStone"},{"floor":23,"key":"Replay:Arrowhead"},{"floor":24,"key":"aspiration:SneckoTail"},{"floor":24,"key":"champ:DeflectingBracers"},{"floor":25,"key":"Replay:Ringing Soul"},{"floor":26,"key":"hubris:CuriousFeather"}],"event_choices":[{"cards_removed":["Perfected Strike"],"damage_healed":0,"gold_gain":0,"player_choice":"Purged","damage_taken":0,"max_hp_gain":0,"max_hp_loss":0,"event_name":"Purifier","floor":4,"gold_loss":0}],"is_beta":false,"boss_relics":[{"not_picked":["Astrolabe","conspire:SeveredTorchhead"],"picked":"conspire:SpecialSausage"}],"items_purged_floors":[8],"is_endless":true,"potions_floor_spawned":[2,10,14,15,16,26],"ascension_level":0}}