{"host":"19r1ww88x2tc73i0","time":1610173534,"event":{"mods":["BaseMod","BetterRewards","Colored Map","Minty Spire (QoL Compilation)","Relic Stats","StSLib","SuperFastMode","slay the spire mod where everything is the same but ironclad has a cowboy hat"],"gold_per_floor":[117,130,130,130,143,143,143,143,166,166,183,194,206,266,266,340,340,354,367,379,218,218,218,218],"floor_reached":23,"playtime":922,"items_purged":["Strike_B","Strike_B"],"score":591,"play_id":"750efbae-51ef-4094-9d86-344aca17e80c","local_time":"25640109132534","is_ascension_mode":true,"campfire_choices":[{"data":"1","floor":6.0,"key":"LIFT"},{"data":"2","floor":8.0,"key":"LIFT"},{"data":"3","floor":10.0,"key":"LIFT"},{"data":"Reprogram","floor":15.0,"key":"SMITH"}],"circlet_count":0,"master_deck":["AscendersBane","Strike_B","Strike_B","Defend_B","Defend_B","Defend_B","Defend_B","Zap","Dualcast","Reinforced Body","Auto Shields","Conserve Battery","Machine Learning","Reprogram+1","Fission","Rip and Tear","Hologram","Hyperbeam","Self Repair"],"relics":["Cracked Core","Tiny Chest","Torii","Girya","Question Card","Mango","Oddly Smooth Stone","TungstenRod","Shuriken","Bird Faced Urn","Bronze Scales","Ancient Tea Set","Nuclear Battery"],"acts_visited":["Exordium","TheCity"],"potions_floor_usage":[],"damage_taken":[{"damage":5.0,"enemies":"Cultist","floor":1.0,"turns":3.0},{"damage":0.0,"enemies":"2 Louse","floor":2.0,"turns":2.0},{"damage":0.0,"enemies":"Small Slimes","floor":5.0,"turns":4.0},{"damage":0.0,"enemies":"Blue Slaver","floor":11.0,"turns":4.0},{"damage":0.0,"enemies":"Red Slaver","floor":12.0,"turns":3.0},{"damage":0.0,"enemies":"3 Louse","floor":13.0,"turns":4.0},{"damage":0.0,"enemies":"3 Sentries","floor":14.0,"turns":9.0},{"damage":11.0,"enemies":"The Guardian","floor":16.0,"turns":14.0},{"damage":25.0,"enemies":"Chosen","floor":18.0,"turns":9.0},{"damage":7.0,"enemies":"2 Thieves","floor":19.0,"turns":3.0},{"damage":38.0,"enemies":"Chosen and Byrds","floor":20.0,"turns":10.0},{"damage":25,"enemies":"Slavers","floor":23,"turns":1}],"seed_played":"-4013069147771238020","potions_obtained":[{"floor":5.0,"key":"Fruit Juice"},{"floor":12.0,"key":"LiquidBronze"},{"floor":18.0,"key":"Fire Potion"}],"is_trial":false,"path_per_floor":["M","M","$","?","M","R","$","R","T","R","M","M","M","?","R","B",null,"M","M","M","$","T","E"],"character_chosen":"DEFECT","items_purchased":["Tiny Chest","Reinforced Body","Question Card","Oddly Smooth Stone","Rip and Tear","TungstenRod","Shuriken","Hyperbeam","Self Repair"],"campfire_rested":0,"item_purchase_floors":[0,0,0,0,0,0,0,21,21],"current_hp_per_floor":[31,31,31,31,31,31,31,31,31,31,31,31,31,33,33,24,70,47,42,11,11,11,0,0],"gold":218,"neow_bonus":"","is_daily":false,"chose_seed":false,"campfire_upgraded":1,"win_rate":0.0,"timestamp":1610173534,"path_taken":["M","M","$","?","?","R","$","R","T","R","M","M","M","?","R","BOSS","M","M","M","$","?","E"],"items_purchased_type":["Relic","Card","Relic","Relic","Card","Relic","Relic","Card","Card"],"build_version":"2020-12-22","purchased_purges":2,"victory":false,"max_hp_per_floor":[85,85,85,85,85,85,85,85,85,85,85,85,85,85,85,85,85,85,85,90,90,90,90,90],"relic_stats":{"Torii":75,"counters":[152,699],"Shuriken":[2],"Bird Faced Urn":[79],"Bronze Scales":[918],"Tiny Chest":1,"Question Card":11,"obtain_stats":[{"Ice Cream":0,"Calipers":31,"Nilry\u0027s Codex":19,"CeramicFish":0,"Vajra":31,"Spirit Poop":45,"Runic Capacitor":21,"Ginger":37,"Bottled Tornado":21,"Old Coin":48,"Blood Vial":24,"Sozu":17,"Lizard Tail":0,"Centennial Puzzle":40,"Strawberry":23,"MealTicket":46,"Fusion Hammer":34,"Kunai":44,"Toxic Egg 2":0,"Girya":0,"Happy Flower":0,"Dead Branch":0,"Blue Candle":40,"Oddly Smooth Stone":0,"Eternal Feather":28,"Letter Opener":9,"War Paint":27,"Question Card":39,"Akabeko":8,"Cables":46,"OrangePellets":39,"Bottled Flame":30,"Shuriken":43,"Bronze Scales":9,"Bird Faced Urn":4,"Molten Egg 2":0,"Pandora\u0027s Box":17,"Symbiotic Virus":0,"Unceasing Top":0,"Pocketwatch":0,"Darkstone Periapt":20,"Lantern":36,"Regal Pillow":6,"Singing Bowl":0,"Torii":0,"Mango":0,"StoneCalendar":0,"Incense Burner":10,"Juzu Bracelet":14,"Bag of Preparation":29,"Ancient Tea Set":44,"Cursed Key":34,"Smiling Mask":40,"ClockworkSouvenir":0,"Emotion Chip":26,"Dream Catcher":27,"Nunchaku":27,"Matryoshka":4,"Shovel":0,"Mummified Hand":9,"Gambling Chip":0,"Tiny Chest":12,"WingedGreaves":0,"Chemical X":38,"Cracked Core":0,"Runic Pyramid":17,"Potion Belt":20,"Lee\u0027s Waffle":0,"Inserter":17,"Golden Idol":10,"Thread and Needle":0,"PreservedInsect":26,"Omamori":0,"Frozen Egg 2":0,"Orichalcum":41,"MawBank":8,"Medical Kit":0,"White Beast Statue":40,"Mercury Hourglass":26,"Nuclear Battery":17,"Peace Pipe":45,"Anchor":0,"CaptainsWheel":0,"DataDisk":39,"Turnip":0,"Coffee Dripper":34,"Art of War":23,"Bag of Marbles":42,"Membership Card":0,"Bottled Lightning":32,"TungstenRod":43,"FossilizedHelix":0},{"Ice Cream":57,"Calipers":47,"Nilry\u0027s Codex":119,"CeramicFish":83,"Vajra":16,"Spirit Poop":105,"Runic Capacitor":9,"Ginger":19,"Bottled Tornado":9,"Old Coin":24,"Blood Vial":11,"Sozu":66,"Lizard Tail":0,"Centennial Puzzle":21,"Strawberry":41,"MealTicket":80,"Fusion Hammer":75,"Kunai":54,"Toxic Egg 2":0,"Girya":140,"Happy Flower":0,"Dead Branch":26,"Blue Candle":52,"Oddly Smooth Stone":26,"Eternal Feather":71,"Letter Opener":113,"War Paint":70,"Question Card":20,"Akabeko":31,"Cables":105,"OrangePellets":103,"Bottled Flame":125,"Shuriken":22,"Bronze Scales":4,"Bird Faced Urn":142,"Molten Egg 2":26,"Pandora\u0027s Box":92,"Symbiotic Virus":26,"Unceasing Top":57,"Pocketwatch":26,"Darkstone Periapt":9,"Lantern":18,"Regal Pillow":87,"Singing Bowl":57,"Torii":83,"Mango":0,"StoneCalendar":0,"Incense Burner":5,"Juzu Bracelet":7,"Bag of Preparation":14,"Ancient Tea Set":79,"Cursed Key":101,"Smiling Mask":104,"ClockworkSouvenir":26,"Emotion Chip":11,"Dream Catcher":12,"Nunchaku":43,"Matryoshka":2,"Shovel":57,"Mummified Hand":4,"Gambling Chip":57,"Tiny Chest":33,"WingedGreaves":0,"Chemical X":51,"Cracked Core":0,"Runic Pyramid":8,"Potion Belt":9,"Lee\u0027s Waffle":26,"Inserter":36,"Golden Idol":87,"Thread and Needle":26,"PreservedInsect":42,"Omamori":0,"Frozen Egg 2":0,"Orichalcum":22,"MawBank":4,"Medical Kit":57,"White Beast Statue":132,"Mercury Hourglass":70,"Nuclear Battery":148,"Peace Pipe":23,"Anchor":0,"CaptainsWheel":26,"DataDisk":51,"Turnip":108,"Coffee Dripper":17,"Art of War":69,"Bag of Marbles":133,"Membership Card":0,"Bottled Lightning":74,"TungstenRod":53,"FossilizedHelix":57},{"Ice Cream":287,"Calipers":231,"Nilry\u0027s Codex":549,"CeramicFish":402,"Vajra":80,"Spirit Poop":498,"Runic Capacitor":46,"Ginger":98,"Bottled Tornado":46,"Old Coin":129,"Blood Vial":56,"Sozu":316,"Lizard Tail":0,"Centennial Puzzle":109,"Strawberry":206,"MealTicket":380,"Fusion Hammer":360,"Kunai":264,"Toxic Egg 2":0,"Girya":633,"Happy Flower":0,"Dead Branch":155,"Blue Candle":255,"Oddly Smooth Stone":155,"Eternal Feather":339,"Letter Opener":530,"War Paint":334,"Question Card":102,"Akabeko":169,"Cables":498,"OrangePellets":489,"Bottled Flame":571,"Shuriken":116,"Bronze Scales":15,"Bird Faced Urn":638,"Molten Egg 2":155,"Pandora\u0027s Box":446,"Symbiotic Virus":155,"Unceasing Top":287,"Pocketwatch":155,"Darkstone Periapt":46,"Lantern":93,"Regal Pillow":418,"Singing Bowl":287,"Torii":402,"Mango":0,"StoneCalendar":0,"Incense Burner":22,"Juzu Bracelet":32,"Bag of Preparation":69,"Ancient Tea Set":377,"Cursed Key":484,"Smiling Mask":494,"ClockworkSouvenir":155,"Emotion Chip":56,"Dream Catcher":61,"Nunchaku":214,"Matryoshka":7,"Shovel":287,"Mummified Hand":15,"Gambling Chip":287,"Tiny Chest":174,"WingedGreaves":0,"Chemical X":250,"Cracked Core":0,"Runic Pyramid":41,"Potion Belt":46,"Lee\u0027s Waffle":155,"Inserter":183,"Golden Idol":418,"Thread and Needle":155,"PreservedInsect":210,"Omamori":0,"Frozen Egg 2":0,"Orichalcum":116,"MawBank":15,"Medical Kit":287,"White Beast Statue":595,"Mercury Hourglass":334,"Nuclear Battery":676,"Peace Pipe":123,"Anchor":0,"CaptainsWheel":155,"DataDisk":250,"Turnip":518,"Coffee Dripper":88,"Art of War":330,"Bag of Marbles":599,"Membership Card":0,"Bottled Lightning":349,"TungstenRod":259,"FossilizedHelix":287}],"TungstenRod":219},"card_choices":[{"not_picked":["Turbo","Beam Cell","Cold Snap","Aggregate"],"picked":"SKIP","floor":1.0},{"not_picked":["Stack","Streamline","Redo","Go for the Eyes"],"picked":"SKIP","floor":2.0},{"not_picked":["Chill","Coolheaded","Hello World"],"picked":"Auto Shields","floor":5.0},{"not_picked":["Chill","Scrape","Beam Cell","Turbo"],"picked":"SKIP","floor":11.0},{"not_picked":["Redo","Static Discharge","Turbo"],"picked":"Conserve Battery","floor":12.0},{"not_picked":["Undo","Turbo","Redo"],"picked":"Machine Learning","floor":13.0},{"not_picked":["Genetic Algorithm","Aggregate","Rip and Tear"],"picked":"Reprogram","floor":14.0},{"not_picked":["Electrodynamics","Buffer","Amplify"],"picked":"Fission","floor":16.0},{"not_picked":["Genetic Algorithm","Rebound","Chill"],"picked":"Rip and Tear","floor":18.0},{"not_picked":["Stack","Barrage","Cold Snap","Turbo"],"picked":"SKIP","floor":19.0},{"not_picked":["Redo","Steam","BootSequence"],"picked":"Hologram","floor":20.0}],"player_experience":883810,"relics_obtained":[{"floor":9.0,"key":"Bronze Scales"},{"floor":14.0,"key":"Ancient Tea Set"}],"event_choices":[{"cards_removed":["Rip and Tear"],"damage_healed":0.0,"max_hp_gain":0.0,"max_hp_loss":0.0,"gold_gain":0.0,"event_name":"WeMeetAgain","player_choice":"Gave Card","floor":4.0,"gold_loss":0.0,"damage_taken":0.0,"relics_obtained":["Bird Faced Urn"]},{"damage_healed":0.0,"max_hp_gain":0.0,"max_hp_loss":0.0,"gold_gain":30.0,"event_name":"Dead Adventurer","player_choice":"Searched \u00272\u0027 times","floor":14.0,"gold_loss":0.0,"damage_taken":0.0}],"is_beta":false,"boss_relics":[{"not_picked":["Black Star","Runic Pyramid"],"picked":"Nuclear Battery"}],"items_purged_floors":[0,0],"is_endless":false,"potions_floor_spawned":[5,12,14,18],"killed_by":"Slavers","ascension_level":20}}