{"host":"kj566mc1j9861y4f","time":1610192350,"event":{"mods":["AchievementEnabler","Act Like it!","BaseMod","Better Altar","Better Note","Better Vampires","BetterRewards","Colored Powertips","Downfall","Hermit","Infinite Spire","Lobotomy","Luminous","Minty Spire (QoL Compilation)","Relic Stats","Replay The Spire","Shade Mod","Shop Mod","Spicy Shops","StSLib","The Blue Laboratory","Uncapped"],"gold_per_floor":[113,133,133,143,418,453,467,467,467,502,502,513,23,57,57,160,160,173,184,199,199,210,238,57,89,89,89,100,100,110,129,129,129,129],"floor_reached":33,"playtime":1838,"items_purged":["Regret"],"score":427,"play_id":"76560ce1-a01a-41ae-8c92-97916da2c7f8","local_time":"20210109053910","is_ascension_mode":true,"campfire_choices":[{"data":"Spot Weakness","floor":8,"key":"SMITH"},{"data":"Shockwave","floor":11,"key":"SMITH"},{"data":"Heavy Blade","floor":15,"key":"SMITH"},{"data":"Specialist","floor":29,"key":"SMITH"},{"data":"expansioncontent:AwakenDeath","floor":32,"key":"SMITH"}],"circlet_count":0,"master_deck":["Strike_R","Strike_R","Strike_R","Strike_R","Strike_R","Defend_R","Defend_R","Defend_R","Defend_R","Bash","ReplayTheSpireMod:Faulty Equipment","Shrug It Off","Flame Barrier","Armaments","Spot Weakness+1","Heavy Blade+1","Shockwave+1","Fire Breathing","Eclipse","expansioncontent:AwakenDeath+1","Rampage","Limit Break","Decay","champ:Taunt","Impervious","Specialist+1","infinitespire:Collect","Power Through+1","Searing Blow","Pommel Strike","infinitespire:Starlight","ReplayTheSpireMod:Chaos Vortex","infinitespire:UltimateForm","Inflame+1","Heavy Blade+1","Inflame","Life Link+1","Feed"],"relics":["Burning Blood","Charon\u0027s Ashes","Ring of Peace","Peace Pipe","infinitespire:BottledMercury","Replay:Bottled Snecko","BargainBundle","Vajra","Mango","Magic Flower","ReplayTheSpireMod:SealedPack","MealTicket","Sling","Shuriken","Onion Ring","infinitespire:Lychee Nut"],"acts_visited":["Exordium","TheCity"],"potions_floor_usage":[4,33],"damage_taken":[{"damage":5,"enemies":"2 Louse","floor":1,"turns":4},{"damage":8,"enemies":"Jaw Worm","floor":2,"turns":4},{"damage":1,"enemies":"Cultist","floor":4,"turns":6},{"damage":36,"enemies":"3 Sentries","floor":6,"turns":8},{"damage":5,"enemies":"Looter","floor":7,"turns":5},{"damage":16,"enemies":"Replay:BlueRogue","floor":10,"turns":5},{"damage":9,"enemies":"Red Slaver","floor":12,"turns":6},{"damage":8,"enemies":"3 Sentries","floor":14,"turns":6},{"damage":26,"enemies":"Fading Forest","floor":16,"turns":11},{"damage":9,"enemies":"Chosen","floor":18,"turns":5},{"damage":19,"enemies":"Spheric Guardian","floor":19,"turns":5},{"damage":8,"enemies":"Snecko","floor":20,"turns":5},{"damage":23,"enemies":"Snake Plant","floor":22,"turns":8},{"damage":47,"enemies":"Slavers","floor":23,"turns":5},{"damage":8,"enemies":"Replay:Snechameleon","floor":25,"turns":6},{"damage":44,"enemies":"Centurion and Healer","floor":28,"turns":6},{"damage":27,"enemies":"Sentry and Sphere","floor":30,"turns":5},{"damage":18,"enemies":"Snake Plant","floor":31,"turns":5},{"damage":72,"enemies":"Pondfish","floor":33,"turns":8}],"seed_played":"-180840680012882364","potions_obtained":[{"floor":1,"key":"Adrenaline Potion"},{"floor":4,"key":"blueLaboratory:LouseDecoction"},{"floor":7,"key":"blueLaboratory:Moonshine"},{"floor":19,"key":"blueLaboratory:FruitPreserves"}],"is_trial":false,"path_per_floor":["M","M","?","M","?","E","M","R","T","E","R","M","$","E","R","B",null,"M","M","M","AVR","M","E","$","E","T","?","M","R","M","M","R","B"],"character_chosen":"IRONCLAD","items_purchased":["BargainBundle","Vajra","Mango","Eclipse","Fire Potion","PowerPotion","expansioncontent:AwakenDeath","Inflame","Sling"],"campfire_rested":0,"item_purchase_floors":[13,13,13,13,13,13,13,24,24],"current_hp_per_floor":[73,71,71,76,76,46,47,47,47,37,37,34,48,46,46,62,86,86,76,77,77,78,63,78,88,88,70,55,55,47,48,48,0,0],"gold":129,"neow_bonus":"ONE_RARE_RELIC","is_daily":false,"chose_seed":false,"campfire_upgraded":5,"win_rate":0.0,"timestamp":1610192350,"path_taken":["M","M","?","M","?","E","M","R","T","E","R","M","$","E","R","BOSS","M","M","M","AVR","M","E","$","E","T","?","M","R","M","M","R","BOSS"],"items_purchased_type":["Relic","Relic","Relic","Card","Potion","Potion","Card","Card","Relic"],"build_version":"2020-12-22","purchased_purges":1,"victory":false,"max_hp_per_floor":[80,80,80,80,80,80,80,80,80,80,80,80,94,94,94,94,94,94,94,94,94,94,94,94,94,94,70,70,70,70,70,70,70,70],"relic_stats":{"Peace Pipe":0,"counters":[19,113],"Shuriken":[0],"Magic Flower":[80],"MealTicket":15,"Charon\u0027s Ashes":[299],"obtain_stats":[{"infinitespire:BottledMercury":9,"BargainBundle":13,"Vajra":13,"Magic Flower":14,"Mango":13,"Charon\u0027s Ashes":0,"ReplayTheSpireMod:SealedPack":17,"Sling":24,"Burning Blood":0,"Peace Pipe":6,"Shuriken":25,"infinitespire:Lychee Nut":27,"Ring of Peace":3,"MealTicket":23,"Onion Ring":26,"Replay:Bottled Snecko":10},{"infinitespire:BottledMercury":5,"BargainBundle":7,"Vajra":7,"Magic Flower":8,"Mango":7,"Charon\u0027s Ashes":0,"ReplayTheSpireMod:SealedPack":9,"Sling":14,"Burning Blood":0,"Peace Pipe":4,"Shuriken":15,"infinitespire:Lychee Nut":15,"Ring of Peace":2,"MealTicket":14,"Onion Ring":15,"Replay:Bottled Snecko":6},{"infinitespire:BottledMercury":27,"BargainBundle":38,"Vajra":38,"Magic Flower":44,"Mango":38,"Charon\u0027s Ashes":0,"ReplayTheSpireMod:SealedPack":55,"Sling":83,"Burning Blood":0,"Peace Pipe":22,"Shuriken":89,"infinitespire:Lychee Nut":89,"Ring of Peace":8,"MealTicket":83,"Onion Ring":89,"Replay:Bottled Snecko":32}],"Burning Blood":138},"card_choices":[{"not_picked":["Run Through","Armaments"],"picked":"Shrug It Off","floor":1},{"not_picked":["Second Wind","Sword Boomerang"],"picked":"Flame Barrier","floor":2},{"not_picked":["Feel No Pain","Anger"],"picked":"Armaments","floor":4},{"not_picked":["Twin Strike","Thunderclap"],"picked":"Spot Weakness","floor":6},{"not_picked":["Body Slam","Cleave"],"picked":"Heavy Blade","floor":7},{"not_picked":["Run Through","Replay:Undeath\u0027s Touch"],"picked":"Shockwave","floor":10},{"not_picked":["Headbutt","Sword Boomerang"],"picked":"Fire Breathing","floor":12},{"not_picked":["Shrug It Off","Flame Barrier"],"picked":"Rampage","floor":14},{"not_picked":["Juggernaut","Demonic Infusion"],"picked":"Limit Break","floor":16},{"not_picked":["hermit:Covet","hexamod:Float"],"picked":"champ:Taunt","floor":17},{"not_picked":["Demonic Infusion","Juggernaut"],"picked":"Impervious","floor":17},{"not_picked":["expansioncontent:Torchfire","expansioncontent:PrepareCrush"],"picked":"Specialist","floor":17},{"not_picked":["ReplayTheSpireMod:Black Plague","infinitespire:TheBestDefense"],"picked":"infinitespire:Collect","floor":17},{"not_picked":["Demonic Infusion","Battle Trance"],"picked":"Power Through+1","floor":18},{"not_picked":["True Grit","Anger"],"picked":"Searing Blow","floor":19},{"not_picked":["Hemokinesis","Carnage"],"picked":"Pommel Strike","floor":20},{"not_picked":["Replay:Undeath\u0027s Touch","Sentinel"],"picked":"Inflame+1","floor":22},{"not_picked":["Shrug It Off","Burning Pact"],"picked":"Heavy Blade+1","floor":23},{"not_picked":["Iron Wave","Clothesline"],"picked":"Life Link+1","floor":25},{"not_picked":["ReplayTheSpireMod:Stacked","Flex","True Grit"],"picked":"SKIP","floor":28},{"not_picked":["Replay:Undeath\u0027s Touch","ReplayTheSpireMod:Corrosion Curse","Battle Trance"],"picked":"SKIP","floor":30},{"not_picked":["Body Slam","Life Link+1"],"picked":"Feed","floor":31}],"player_experience":172248,"relics_obtained":[{"floor":3,"key":"Ring of Peace"},{"floor":6,"key":"Peace Pipe"},{"floor":9,"key":"infinitespire:BottledMercury"},{"floor":10,"key":"Replay:Bottled Snecko"},{"floor":14,"key":"Magic Flower"},{"floor":23,"key":"MealTicket"},{"floor":25,"key":"Shuriken"},{"floor":26,"key":"Onion Ring"}],"event_choices":[{"damage_healed":0,"gold_gain":275,"player_choice":"Desecrate","damage_taken":0,"max_hp_gain":0,"max_hp_loss":0,"event_name":"Golden Shrine","floor":5,"gold_loss":0,"cards_obtained":["Regret"]}],"is_beta":false,"boss_relics":[{"not_picked":["Runic Pyramid","SlaversCollar"],"picked":"ReplayTheSpireMod:SealedPack"}],"items_purged_floors":[13],"is_endless":false,"potions_floor_spawned":[1,4,7,16,18,19,23,31],"killed_by":"Pondfish","ascension_level":6}}