{"host":"dv93mabv568wiefh","time":1610172678,"event":{"mods":["BaseMod","Hermit","Hubris","Infinite Spire","Marisa????????","Minty Spire (QoL Compilation)","Replay The Spire","StSLib","The Construct"],"gold_per_floor":[115,132,132,194,18,18,43,53,80,5,5,65,132,149,149,247,247,262,32,32,32,132,132,132,132],"floor_reached":24,"playtime":1439,"items_purged":["Strike_P"],"score":344,"play_id":"7907e567-c255-4fba-a6ee-bb3d84680fb9","local_time":"20210109011118","is_ascension_mode":true,"campfire_choices":[{"floor":6,"key":"REST"},{"floor":23,"key":"REST"}],"circlet_count":0,"master_deck":["AscendersBane","Strike_P","Strike_P","Defend_P","Defend_P","Eruption","Vigilance","Brilliance","Replay:Vibes","Protect","SignatureMove","ClearTheMind","Replay:AtTheReady","Pray","EmptyBody","Sanctity","Adaptation+1","LessonLearned","Ragnarok+1","Evaluate+1","Alpha+1","Prostrate","Apotheosis","Crescendo"],"relics":["PureWater","hubris:Towel","hubris:DeckOfHolding","Nunchaku","infinitespire:PuzzleCube","Replay:Wax Seal","Astrolabe","Nilry\u0027s Codex"],"acts_visited":["Exordium","TheCity"],"potions_floor_usage":[7,16,16,18],"damage_taken":[{"damage":0,"enemies":"Small Slimes","floor":1,"turns":3},{"damage":0,"enemies":"Jaw Worm","floor":2,"turns":3},{"damage":0,"enemies":"Lagavulin","floor":7,"turns":3},{"damage":0,"enemies":"2 Louse","floor":8,"turns":2},{"damage":31,"enemies":"Gremlin Nob","floor":12,"turns":5},{"damage":3,"enemies":"Blue Slaver","floor":14,"turns":3},{"damage":24,"enemies":"Slime Boss","floor":16,"turns":11},{"damage":42,"enemies":"Shell Parasite","floor":18,"turns":6},{"damage":38,"enemies":"Slavers","floor":24,"turns":3}],"seed_played":"6533348418679496006","potions_obtained":[{"floor":4,"key":"LiquidMemories"},{"floor":7,"key":"LiquidBronze"},{"floor":14,"key":"Weak Potion"},{"floor":16,"key":"Regen Potion"}],"is_trial":false,"path_per_floor":["M","M","?","?","$","R","E","M","T","$","$","?","?","M","R","B",null,"M","$","?","?","?","R","E"],"character_chosen":"WATCHER","items_purchased":["SignatureMove","ClearTheMind","Replay:AtTheReady","Apotheosis","Crescendo"],"campfire_rested":2,"item_purchase_floors":[5,5,5,19,19],"current_hp_per_floor":[65,65,65,37,37,58,58,58,58,58,58,27,27,24,45,21,59,32,32,16,16,16,37,0,0],"gold":132,"neow_bonus":"ONE_RANDOM_RARE_CARD","is_daily":false,"chose_seed":false,"campfire_upgraded":0,"win_rate":0.0,"timestamp":1610172678,"path_taken":["M","M","?","?","$","R","E","M","T","?","$","?","?","?","R","BOSS","M","$","?","?","?","R","E"],"items_purchased_type":["Card","Card","Card","Card","Card"],"build_version":"2020-12-22","purchased_purges":1,"victory":false,"max_hp_per_floor":[72,72,72,72,72,72,72,72,72,72,72,72,72,72,72,72,72,72,72,72,72,72,72,72,72],"card_choices":[{"not_picked":["Replay:AtTheReady","EmptyFist"],"picked":"Replay:Vibes","floor":1},{"not_picked":["FearNoEvil","JustLucky","Wireheading"],"picked":"SKIP","floor":2},{"not_picked":["ThirdEye","FollowUp"],"picked":"Protect","floor":4},{"not_picked":["JustLucky","FollowUp"],"picked":"Pray","floor":7},{"not_picked":["ThirdEye","SandsOfTime"],"picked":"EmptyBody","floor":8},{"not_picked":["EmptyBody","CrushJoints"],"picked":"Sanctity","floor":12},{"not_picked":["FollowUp","SignatureMove"],"picked":"Adaptation","floor":14},{"not_picked":["Wish","Blasphemy"],"picked":"LessonLearned","floor":16},{"not_picked":["EmptyBody","FlurryOfBlows"],"picked":"Prostrate","floor":18}],"player_experience":884806,"relics_obtained":[{"floor":4,"key":"hubris:DeckOfHolding"},{"floor":7,"key":"Nunchaku"},{"floor":9,"key":"infinitespire:PuzzleCube"},{"floor":12,"key":"Replay:Wax Seal"},{"floor":20,"key":"Nilry\u0027s Codex"}],"event_choices":[{"damage_healed":0,"gold_gain":0,"player_choice":"Searched \u00272\u0027 times","damage_taken":0,"max_hp_gain":0,"max_hp_loss":0,"event_name":"Dead Adventurer","floor":12,"gold_loss":0},{"damage_healed":0,"gold_gain":67,"player_choice":"Gained Gold","damage_taken":0,"max_hp_gain":0,"max_hp_loss":0,"event_name":"Golden Wing","floor":13,"gold_loss":0},{"damage_healed":0,"gold_gain":0,"player_choice":"Obtained Book","damage_taken":16,"max_hp_gain":0,"max_hp_loss":0,"event_name":"Cursed Tome","floor":20,"gold_loss":0},{"damage_healed":0,"gold_gain":0,"player_choice":"Ignored","damage_taken":0,"max_hp_gain":0,"max_hp_loss":0,"event_name":"Ghosts","floor":21,"gold_loss":0},{"damage_healed":0,"gold_gain":100,"player_choice":"Pray","damage_taken":0,"max_hp_gain":0,"max_hp_loss":0,"event_name":"Golden Shrine","floor":22,"gold_loss":0}],"is_beta":false,"boss_relics":[{"not_picked":["Kintsugi","Runic Pyramid"],"picked":"Astrolabe"}],"items_purged_floors":[10],"is_endless":false,"potions_floor_spawned":[7,14,16],"killed_by":"Slavers","ascension_level":12}}