{"host":"ta9mufxydm4vkknf","time":1610220481,"event":{"mods":["AchievementEnabler","BaseMod","Minty Spire (QoL Compilation)","Quick Restart"],"gold_per_floor":[113,125,50,0,0,0,20,20,20,20,30,30,44,74,74,173,173,184,184,107,107,107,107,107],"floor_reached":23,"playtime":649,"items_purged":["Defend_G"],"score":206,"play_id":"2cbcbd58-0438-4ccc-bc5b-dcebb142bd57","local_time":"20210109202801","is_ascension_mode":true,"campfire_choices":[{"data":"Backflip","floor":6,"key":"SMITH"},{"data":"Neutralize","floor":8,"key":"SMITH"},{"data":"Deadly Poison","floor":10,"key":"SMITH"},{"floor":15,"key":"DIG"}],"circlet_count":0,"master_deck":["Strike_G+1","Strike_G+1","Strike_G+1","Strike_G+1","Defend_G+1","Defend_G+1","Defend_G+1","Survivor","Neutralize+1","Deadly Poison+1","Backflip+1","Underhanded Strike","Reflex","Deadly Poison","Masterful Stab","Adrenaline","CurseOfTheBell","Outmaneuver+1","Prepared","Quick Slash"],"relics":["Ring of the Snake","NeowsBlessing","Bird Faced Urn","Shovel","Ancient Tea Set","Ninja Scroll","Calling Bell","Orichalcum","Kunai","Ice Cream","MutagenicStrength"],"acts_visited":["Exordium","TheCity"],"potions_floor_usage":[],"damage_taken":[{"damage":0,"enemies":"Cultist","floor":1,"turns":1},{"damage":0,"enemies":"2 Louse","floor":2,"turns":1},{"damage":0,"enemies":"Jaw Worm","floor":7,"turns":1},{"damage":0,"enemies":"Blue Slaver","floor":11,"turns":3},{"damage":0,"enemies":"2 Fungi Beasts","floor":13,"turns":3},{"damage":14,"enemies":"Gremlin Nob","floor":14,"turns":4},{"damage":6,"enemies":"The Guardian","floor":16,"turns":9},{"damage":0,"enemies":"Chosen","floor":18,"turns":4},{"damage":58,"enemies":"Gremlin Leader","floor":23,"turns":5}],"seed_played":"3484421988074616545","potions_obtained":[{"floor":1,"key":"Weak Potion"},{"floor":13,"key":"Dexterity Potion"},{"floor":14,"key":"SkillPotion"},{"floor":16,"key":"Swift Potion"}],"is_trial":false,"path_per_floor":["M","M","$","?","?","R","M","R","T","R","M","T","M","E","R","B",null,"M","?","$","?","?","E"],"character_chosen":"THE_SILENT","items_purchased":["Prepared","Quick Slash"],"campfire_rested":0,"item_purchase_floors":[20,20],"current_hp_per_floor":[70,70,70,70,70,70,70,70,70,70,70,70,70,56,56,50,70,70,57,57,57,57,0,0],"gold":107,"neow_bonus":"THREE_ENEMY_KILL","is_daily":false,"chose_seed":false,"campfire_upgraded":3,"win_rate":0.0,"timestamp":1610220481,"path_taken":["M","?","$","?","?","R","?","R","T","R","M","?","M","E","R","BOSS","M","?","$","?","?","E"],"items_purchased_type":["Card","Card"],"build_version":"2020-12-22","purchased_purges":1,"victory":false,"max_hp_per_floor":[70,70,70,70,70,70,70,70,70,70,70,70,70,70,70,70,70,70,75,75,75,75,75,75],"card_choices":[{"not_picked":["Bouncing Flask","Blur"],"picked":"Deadly Poison","floor":1},{"not_picked":["Backstab","Sucker Punch"],"picked":"Backflip","floor":2},{"not_picked":["Dagger Spray","Flechettes"],"picked":"Underhanded Strike","floor":7},{"not_picked":["Sucker Punch","Deflect"],"picked":"Reflex","floor":11},{"not_picked":["Riddle With Holes","Quick Slash"],"picked":"Deadly Poison","floor":13},{"not_picked":["Dodge and Roll","PiercingWail"],"picked":"Masterful Stab","floor":14},{"not_picked":["Unload","Doppelganger"],"picked":"Adrenaline","floor":16},{"not_picked":["Dagger Spray","Bouncing Flask"],"picked":"Outmaneuver+1","floor":18}],"player_experience":262837,"relics_obtained":[{"floor":9,"key":"Bird Faced Urn"},{"floor":12,"key":"Shovel"},{"floor":14,"key":"Ancient Tea Set"},{"floor":15,"key":"Ninja Scroll"},{"floor":17,"key":"Orichalcum"},{"floor":17,"key":"Kunai"},{"floor":17,"key":"Ice Cream"}],"event_choices":[{"cards_removed":["Strike_G"],"damage_healed":0,"gold_gain":0,"player_choice":"Card Removal","damage_taken":0,"max_hp_gain":0,"max_hp_loss":0,"event_name":"The Cleric","floor":4,"gold_loss":50},{"cards_removed":["Defend_G"],"damage_healed":0,"gold_gain":0,"player_choice":"Purged","damage_taken":0,"max_hp_gain":0,"max_hp_loss":0,"event_name":"Purifier","floor":5,"gold_loss":0},{"damage_healed":0,"gold_gain":0,"player_choice":"Shed Blood","damage_taken":18,"max_hp_gain":5,"max_hp_loss":0,"event_name":"Forgotten Altar","floor":19,"gold_loss":0},{"damage_healed":0,"gold_gain":0,"player_choice":"Inject Mutagens","damage_taken":0,"relics_obtained":["MutagenicStrength"],"max_hp_gain":0,"max_hp_loss":0,"event_name":"Drug Dealer","floor":21,"gold_loss":0},{"damage_healed":0,"gold_gain":0,"player_choice":"Simplicity","damage_taken":0,"max_hp_gain":0,"max_hp_loss":0,"event_name":"Back to Basics","floor":22,"gold_loss":0,"cards_upgraded":["Strike_G","Strike_G","Strike_G","Strike_G","Defend_G","Defend_G","Defend_G"]}],"is_beta":false,"boss_relics":[{"not_picked":["Cursed Key","SlaversCollar"],"picked":"Calling Bell"}],"items_purged_floors":[3],"is_endless":false,"potions_floor_spawned":[1,13,14,16],"killed_by":"Gremlin Leader","ascension_level":2}}