{"host":"cbu6enf2xtq4r7r3","time":1610234732,"event":{"mods":["2.2 Compatiblity","AlwaysNeverKeys","BaseMod","Better Match","Better Note","Better Sensory Stone","Better Skull","Better Third Choice","Colored Map","Colored Powertips","Defuse TimeMaze Blight","Emptier Cage","Minty Spire (QoL Compilation)","Permanent Neow","Quick Restart","Random Character Button","Relic Sorter","Reorder Act Four","Shop Mod","StSLib"],"gold_per_floor":[364,47,64,64,64,64,0,29,56,68,81,81,149,177,177,277,277,295,295,37,37,37,66,66,93,173,200,200,200,47,66,66,66,66],"floor_reached":33,"playtime":987,"items_purged":["Writhe"],"score":458,"play_id":"4f950b7d-0a3b-4ae0-8c23-bc05c09126a4","local_time":"20210110002532","is_ascension_mode":true,"campfire_choices":[{"data":"Apotheosis","floor":6,"key":"SMITH"},{"data":"Zap","floor":12,"key":"SMITH"},{"data":"Dualcast","floor":15,"key":"SMITH"},{"data":"Electrodynamics","floor":24,"key":"SMITH"},{"floor":28,"key":"REST"},{"data":"Chill","floor":32,"key":"SMITH"}],"circlet_count":0,"master_deck":["Strike_B","Strike_B","Strike_B","Defend_B","Defend_B","Defend_B","Defend_B","Zap+1","Dualcast+1","Barrage","Cold Snap+1","FTL","Gash+1","Coolheaded","Coolheaded","Apotheosis+1","Genetic Algorithm","Scrape","Scrape","Core Surge","Electrodynamics+1","Go for the Eyes+1","Reinforced Body+1","Chill+1","Undo+1"],"relics":["Orrery","Whetstone","Dream Catcher","Blood Vial","Shuriken","Pen Nib","SlaversCollar","Nloth\u0027s Gift","Bottled Tornado","MealTicket","Singing Bowl","Gremlin Horn","Letter Opener","Oddly Smooth Stone"],"acts_visited":["Exordium","TheCity"],"potions_floor_usage":[11,14,18,25,27,33],"damage_taken":[{"damage":0,"enemies":"Cultist","floor":1,"turns":4},{"damage":7,"enemies":"Jaw Worm","floor":3,"turns":2},{"damage":0,"enemies":"Gremlin Nob","floor":8,"turns":3},{"damage":9,"enemies":"Small Slimes","floor":10,"turns":3},{"damage":23,"enemies":"Exordium Thugs","floor":11,"turns":3},{"damage":11,"enemies":"Lagavulin","floor":14,"turns":5},{"damage":0,"enemies":"Slime Boss","floor":16,"turns":6},{"damage":16,"enemies":"3 Byrds","floor":18,"turns":3},{"damage":25,"enemies":"Slavers","floor":23,"turns":3},{"damage":15,"enemies":"Book of Stabbing","floor":25,"turns":5},{"damage":26,"enemies":"Slavers","floor":27,"turns":2},{"damage":6,"enemies":"Spheric Guardian","floor":31,"turns":4},{"damage":48,"enemies":"Automaton","floor":33,"turns":6}],"seed_played":"-3709094239646582894","potions_obtained":[{"floor":3,"key":"Strength Potion"},{"floor":10,"key":"BlessingOfTheForge"},{"floor":16,"key":"EssenceOfSteel"},{"floor":23,"key":"FocusPotion"},{"floor":25,"key":"EssenceOfSteel"},{"floor":31,"key":"Strength Potion"}],"is_trial":false,"path_per_floor":["M","$","M","T","?","R","$","E","T","M","M","R","T","E","R","B",null,"M","?","$","$","?","E","R","E","T","E","R","?","$","M","R","B"],"character_chosen":"DEFECT","items_purchased":["Orrery","Apotheosis","Bottled Tornado","Oddly Smooth Stone"],"campfire_rested":1,"item_purchase_floors":[2,2,20,30],"current_hp_per_floor":[75,75,68,68,68,68,68,68,68,61,40,40,40,31,31,33,75,59,59,59,59,59,36,36,25,25,1,26,26,41,39,39,0,0],"gold":66,"neow_bonus":"TWO_FIFTY_GOLD","is_daily":false,"chose_seed":false,"campfire_upgraded":5,"win_rate":0.0,"timestamp":1610234732,"path_taken":["M","$","?","?","?","R","?","E","T","?","M","R","?","E","R","BOSS","M","?","?","$","?","E","R","E","T","E","R","?","$","M","R","BOSS"],"items_purchased_type":["Relic","Card","Relic","Relic"],"build_version":"2020-12-22","purchased_purges":1,"victory":false,"max_hp_per_floor":[75,75,75,75,75,75,75,75,75,75,75,75,75,75,75,75,75,75,75,75,75,75,75,75,77,77,77,79,79,79,81,81,81,81],"card_choices":[{"not_picked":["Beam Cell","Steam"],"picked":"Barrage","floor":1},{"not_picked":["Leap","White Noise"],"picked":"Cold Snap","floor":2},{"not_picked":["Creative AI","Multi-Cast"],"picked":"FTL","floor":2},{"not_picked":["Sweeping Beam","Barrage"],"picked":"Gash","floor":2},{"not_picked":["Auto Shields","Reprogram"],"picked":"Coolheaded","floor":2},{"not_picked":["Sunder","Stack"],"picked":"Coolheaded","floor":2},{"not_picked":["Stack","Rebound"],"picked":"Genetic Algorithm","floor":3},{"not_picked":["Hologram","Conserve Battery"],"picked":"Scrape","floor":8},{"not_picked":["Compile Driver","Go for the Eyes"],"picked":"Scrape","floor":10},{"not_picked":["Stack","Conserve Battery"],"picked":"Core Surge","floor":11},{"not_picked":["Ball Lightning","Sunder","Turbo"],"picked":"SKIP","floor":14},{"not_picked":["Thunder Strike","Hyperbeam"],"picked":"Electrodynamics","floor":16},{"not_picked":["Compile Driver+1","Darkness+1"],"picked":"Go for the Eyes+1","floor":18},{"not_picked":["Thunder Strike","Stack"],"picked":"Reinforced Body+1","floor":23},{"not_picked":["Doom and Gloom","Heatsinks+1","Aggregate"],"picked":"Singing Bowl","floor":25},{"not_picked":["Turbo","FTL+1"],"picked":"Chill","floor":27},{"not_picked":["Aggregate","Leap","Rebound"],"picked":"Singing Bowl","floor":28},{"not_picked":["Darkness+1","Turbo","Reinforced Body"],"picked":"Singing Bowl","floor":31}],"player_experience":77004,"relics_obtained":[{"floor":4,"key":"Whetstone"},{"floor":8,"key":"Dream Catcher"},{"floor":9,"key":"Blood Vial"},{"floor":13,"key":"Shuriken"},{"floor":14,"key":"Pen Nib"},{"floor":23,"key":"MealTicket"},{"floor":25,"key":"Singing Bowl"},{"floor":26,"key":"Gremlin Horn"},{"floor":27,"key":"Letter Opener"}],"event_choices":[{"damage_healed":0,"gold_gain":0,"player_choice":"Ignored","damage_taken":64,"max_hp_gain":0,"max_hp_loss":0,"event_name":"betterThird:BetterSerpent","floor":5,"gold_loss":0},{"damage_healed":0,"gold_gain":0,"player_choice":"Traded Relic","damage_taken":0,"relics_obtained":["Nloth\u0027s Gift"],"max_hp_gain":0,"max_hp_loss":0,"event_name":"N\u0027loth","floor":19,"relics_lost":["Cracked Core"],"gold_loss":0},{"cards_removed":["Strike_B"],"damage_healed":0,"gold_gain":0,"player_choice":"Purged","damage_taken":0,"max_hp_gain":0,"max_hp_loss":0,"event_name":"Purifier","floor":22,"gold_loss":0},{"cards_removed":["Apotheosis"],"damage_healed":0,"gold_gain":0,"player_choice":"Take \u0026 Give","damage_taken":0,"max_hp_gain":0,"max_hp_loss":0,"event_name":"betterNote:BetterNote","floor":29,"gold_loss":0,"cards_obtained":["Undo"]}],"is_beta":false,"boss_relics":[{"not_picked":["Snecko Eye","Ectoplasm"],"picked":"SlaversCollar"}],"items_purged_floors":[7],"is_endless":false,"potions_floor_spawned":[3,10,16,23,25,31],"killed_by":"Automaton","ascension_level":4}}