{"host":"59wnhi65kiwmnpg4","time":1610216440,"event":{"mods":["2.2 Compatiblity","AchievementEnabler","Act Like it!","BaseMod","BetterRewards","Challenge The Spire","Colored Map","Disable Question Mark Monsters","Hallownest","Minty Spire (QoL Compilation)","Relic Stats","StSLib"],"gold_per_floor":[219,1,13,13,29,29,60,60,60,60,78,2,31,48,48,147,147,157,157,175,190,200,231,231,150,176,176,207,207,234,254,254,350,350,369,369,13,24,24,24,51,51,51,51,77,77,94,127,127,127,127,127,31,65,65],"floor_reached":56,"playtime":17294,"items_purged":[],"score":1651,"play_id":"78971388-81dc-4b3a-8fe6-b41e27de2d56","local_time":"20210109182039","is_ascension_mode":true,"campfire_choices":[{"data":"Footwork","floor":6,"key":"SMITH"},{"data":"Prepared","floor":8,"key":"SMITH"},{"data":"Leg Sweep","floor":10,"key":"SMITH"},{"data":"Noxious Fumes","floor":15,"key":"SMITH"},{"floor":24,"key":"REST"},{"floor":27,"key":"RECALL"},{"floor":29,"key":"REST"},{"floor":32,"key":"REST"},{"floor":40,"key":"REST"},{"floor":49,"key":"REST"},{"floor":52,"key":"REST"}],"circlet_count":0,"master_deck":["Strike_G","Strike_G","Strike_G","Strike_G","Defend_G","Defend_G","Defend_G","Defend_G","Survivor","Neutralize","Blade Dance","Quick Slash","Slice","Leg Sweep+1","Footwork+1","Deflect","Prepared+1","Footwork","Noxious Fumes+1","Crippling Poison","Die Die Die","Skewer","RitualDagger","Backflip","Malaise","Noxious Fumes","Tactician+1","After Image","Acrobatics","Tools of the Trade","PiercingWail","Dodge and Roll","Crippling Poison+1","Prepared+1","Dodge and Roll","Acrobatics+1","Eviscerate","Tactician","Dodge and Roll"],"relics":["Ring of the Snake","Oddly Smooth Stone","Letter Opener","Matryoshka","HornCleat","Fusion Hammer","Art of War","MealTicket","Lantern","Unceasing Top","Tiny Chest","SlaversCollar","Calipers","Bird Faced Urn","Omamori","Question Card","Bag of Preparation","Boot","Vajra"],"acts_visited":["Exordium","TheCity","TheBeyond","TheEnding"],"potions_floor_usage":[5,18,22,28,55,55,55],"damage_taken":[{"damage":0,"enemies":"2 Louse","floor":1,"turns":4},{"damage":0,"enemies":"Cultist","floor":3,"turns":2},{"damage":0,"enemies":"Small Slimes","floor":5,"turns":3},{"damage":5,"enemies":"3 Sentries","floor":7,"turns":11},{"damage":15,"enemies":"3 Louse","floor":11,"turns":3},{"damage":4,"enemies":"Lagavulin","floor":13,"turns":8},{"damage":3,"enemies":"Looter","floor":14,"turns":3},{"damage":0,"enemies":"The Guardian","floor":16,"turns":11},{"damage":1,"enemies":"Chosen","floor":18,"turns":4},{"damage":1,"enemies":"Spheric Guardian","floor":20,"turns":7},{"damage":2,"enemies":"Snake Plant","floor":21,"turns":7},{"damage":20,"enemies":"Cultist and Chosen","floor":22,"turns":7},{"damage":4,"enemies":"Book of Stabbing","floor":23,"turns":7},{"damage":8,"enemies":"Gremlin Leader","floor":28,"turns":7},{"damage":4,"enemies":"Book of Stabbing","floor":30,"turns":9},{"damage":1,"enemies":"3 Cultists","floor":31,"turns":4},{"damage":50,"enemies":"Collector","floor":33,"turns":11},{"damage":1,"enemies":"Orb Walker","floor":35,"turns":4},{"damage":7,"enemies":"3 Darklings","floor":38,"turns":5},{"damage":18,"enemies":"Nemesis","floor":41,"turns":9},{"damage":2,"enemies":"Giant Head","floor":45,"turns":13},{"damage":0,"enemies":"Maw","floor":47,"turns":9},{"damage":0,"enemies":"Nemesis","floor":48,"turns":7},{"damage":0,"enemies":"Donu and Deca","floor":50,"turns":9},{"damage":21,"enemies":"Shield and Spear","floor":54,"turns":10},{"damage":28,"enemies":"The Heart","floor":55,"turns":12}],"seed_played":"5944288580004774496","potions_obtained":[{"floor":5,"key":"EntropicBrew"},{"floor":7,"key":"Explosive Potion"},{"floor":13,"key":"Fire Potion"},{"floor":21,"key":"ColorlessPotion"},{"floor":22,"key":"Block Potion"},{"floor":33,"key":"CultistPotion"}],"is_trial":false,"path_per_floor":["M","$","M","?","M","R","E","R","T","R","M","$","E","M","R","B",null,"M","?","M","M","M","E","R","$","T","R","E","R","E","M","R","B",null,"M","?","$","M","?","R","E","$","T","$","E","T","M","E","R","B",null,"R","$","E","B",null],"character_chosen":"THE_SILENT","items_purchased":["Oddly Smooth Stone","Quick Slash","Slice","Noxious Fumes","Noxious Fumes","Calipers","Dodge and Roll","Tactician","Dodge and Roll"],"campfire_rested":6,"item_purchase_floors":[2,2,2,12,25,37,37,53,53],"current_hp_per_floor":[70,70,70,70,70,70,65,65,65,65,50,50,46,43,43,43,63,62,56,55,53,33,29,50,50,50,50,42,63,59,58,70,20,58,57,57,66,59,59,66,48,63,63,66,64,64,66,66,66,66,66,66,66,53,37],"gold":65,"neow_bonus":"HUNDRED_GOLD","is_daily":false,"chose_seed":false,"campfire_upgraded":4,"win_rate":0.0,"timestamp":1610216439,"path_taken":["M","$","M","?","M","R","E","R","T","R","M","?","E","M","R","BOSS","M","?","M","M","M","E","R","$","T","R","E","R","E","M","R","BOSS","M","?","$","M","?","R","E","?","T","$","E","?","M","E","R","BOSS","R","$","E","BOSS"],"items_purchased_type":["Relic","Card","Card","Card","Card","Relic","Card","Card","Card"],"build_version":"2020-12-22","purchased_purges":0,"victory":true,"max_hp_per_floor":[70,70,70,70,70,70,70,70,70,70,70,70,70,70,70,70,70,70,70,70,70,70,70,70,70,70,70,70,70,70,70,70,70,70,70,66,66,66,66,66,66,66,66,66,66,66,66,66,66,66,66,66,66,66,66],"relic_stats":{"counters":[26,186],"Bird Faced Urn":[22],"MealTicket":27,"Tiny Chest":1,"Art of War":[13],"Bag of Preparation":[10],"Letter Opener":[421],"Question Card":3,"Boot":[38],"obtain_stats":[{"Lantern":26,"Calipers":37,"Oddly Smooth Stone":2,"Vajra":54,"Omamori":43,"Bag of Preparation":46,"Letter Opener":7,"Question Card":45,"Boot":48,"SlaversCollar":34,"Matryoshka":9,"HornCleat":13,"Bird Faced Urn":41,"MealTicket":26,"Tiny Chest":30,"Fusion Hammer":17,"Art of War":23,"Unceasing Top":28,"Ring of the Snake":0},{"Lantern":13,"Calipers":18,"Oddly Smooth Stone":1,"Vajra":25,"Omamori":20,"Bag of Preparation":21,"Letter Opener":4,"Question Card":21,"Boot":23,"SlaversCollar":17,"Matryoshka":4,"HornCleat":6,"Bird Faced Urn":20,"MealTicket":13,"Tiny Chest":15,"Fusion Hammer":8,"Art of War":13,"Unceasing Top":14,"Ring of the Snake":0},{"Lantern":77,"Calipers":112,"Oddly Smooth Stone":4,"Vajra":174,"Omamori":126,"Bag of Preparation":139,"Letter Opener":20,"Question Card":139,"Boot":155,"SlaversCollar":108,"Matryoshka":20,"HornCleat":31,"Bird Faced Urn":126,"MealTicket":77,"Tiny Chest":93,"Fusion Hammer":45,"Art of War":77,"Unceasing Top":84,"Ring of the Snake":0}],"Unceasing Top":[55],"Ring of the Snake":[52]},"card_choices":[{"not_picked":["Sucker Punch","Dodge and Roll"],"picked":"Blade Dance","floor":1},{"not_picked":["Dagger Spray","Deadly Poison"],"picked":"Leg Sweep","floor":3},{"not_picked":["Infinite Blades","Flying Knee"],"picked":"Deflect","floor":5},{"not_picked":["Expertise","Bane"],"picked":"Prepared","floor":7},{"not_picked":["Backflip","Deadly Poison"],"picked":"Footwork","floor":11},{"not_picked":["Cloak And Dagger","Terror"],"picked":"Crippling Poison","floor":13},{"not_picked":["Bane","Flying Knee","Sucker Punch"],"picked":"SKIP","floor":14},{"not_picked":["Malaise","Unload"],"picked":"Die Die Die","floor":16},{"not_picked":["PiercingWail","Masterful Stab"],"picked":"Skewer","floor":18},{"not_picked":["Flying Knee","Outmaneuver+1","Bane"],"picked":"SKIP","floor":20},{"not_picked":["Bullet Time","All Out Attack"],"picked":"Backflip","floor":21},{"not_picked":["Leg Sweep","Quick Slash","Outmaneuver"],"picked":"SKIP","floor":22},{"not_picked":["Sucker Punch","Distraction"],"picked":"Malaise","floor":23},{"not_picked":["Acrobatics","Prepared"],"picked":"Tactician+1","floor":28},{"not_picked":["Flechettes","Underhanded Strike"],"picked":"After Image","floor":30},{"not_picked":["Quick Slash","Blade Dance"],"picked":"Acrobatics","floor":31},{"not_picked":["Envenom","Night Terror"],"picked":"Tools of the Trade","floor":33},{"not_picked":["Concentrate+1","Crippling Poison"],"picked":"PiercingWail","floor":35},{"not_picked":["Quick Slash+1","Dash+1"],"picked":"Crippling Poison+1","floor":38},{"not_picked":["Underhanded Strike","PiercingWail"],"picked":"Prepared+1","floor":41},{"not_picked":["Backstab+1","Dagger Spray+1"],"picked":"Dodge and Roll","floor":45},{"not_picked":["Dodge and Roll","Unload","Infinite Blades+1"],"picked":"Acrobatics+1","floor":47},{"not_picked":["Backflip","Sucker Punch+1","Deflect"],"picked":"Eviscerate","floor":48},{"not_picked":["Quick Slash+1","Backflip","Flying Knee","Dash"],"picked":"SKIP","floor":54}],"player_experience":820213,"relics_obtained":[{"floor":7,"key":"Letter Opener"},{"floor":9,"key":"Matryoshka"},{"floor":13,"key":"HornCleat"},{"floor":23,"key":"Art of War"},{"floor":26,"key":"MealTicket"},{"floor":26,"key":"Lantern"},{"floor":28,"key":"Unceasing Top"},{"floor":30,"key":"Tiny Chest"},{"floor":41,"key":"Bird Faced Urn"},{"floor":43,"key":"Omamori"},{"floor":45,"key":"Question Card"},{"floor":46,"key":"Bag of Preparation"},{"floor":48,"key":"Boot"},{"floor":54,"key":"Vajra"}],"event_choices":[{"damage_healed":0,"gold_gain":0,"cards_transformed":["Defend_G"],"player_choice":"Transformed","damage_taken":0,"max_hp_gain":0,"max_hp_loss":0,"event_name":"Transmorgrifier","floor":4,"gold_loss":0,"cards_obtained":["Footwork"]},{"damage_healed":0,"gold_gain":0,"player_choice":"Joined the Cult","damage_taken":6,"max_hp_gain":0,"max_hp_loss":0,"event_name":"Nest","floor":19,"gold_loss":0,"cards_obtained":["RitualDagger"]},{"damage_healed":0,"gold_gain":0,"player_choice":"Max HP","damage_taken":0,"max_hp_gain":0,"max_hp_loss":4,"event_name":"Winding Halls","floor":36,"gold_loss":0},{"cards_removed":["Strike_G"],"damage_healed":0,"gold_gain":0,"player_choice":"Removed Attack","damage_taken":0,"max_hp_gain":0,"max_hp_loss":0,"event_name":"Falling","floor":39,"gold_loss":0}],"is_beta":false,"boss_relics":[{"not_picked":["SacredBark","Tiny House"],"picked":"Fusion Hammer"},{"not_picked":["Coffee Dripper","Cursed Key"],"picked":"SlaversCollar"}],"items_purged_floors":[],"is_endless":false,"potions_floor_spawned":[5,7,13,21,22,23,33,38,47,48],"ascension_level":5}}