{"host":"t0r9wuv4zaiwets7","time":1610164205,"event":{"mods":["AchievementEnabler","BaseMod","Bestiary","Colored Map","Colored Powertips","Highlight Path","Minty Spire (QoL Compilation)","StSLib"],"gold_per_floor":[112,112,112,124,124,124,155,155,155,155,167,167,6,65,65,168,168,184,199,199,159,173,202,213,213,213,65,76,105,117,136,136,237,237,248,248,268,268,287,287,48,83,83,4,4,54,103,118,118,118,118,118,18,18,18],"floor_reached":54,"playtime":3016,"items_purged":["Regret","Shame","Regret"],"score":858,"play_id":"d4e7b794-89fb-4790-ad67-0e5d0bef8cc3","local_time":"20210108195005","is_ascension_mode":true,"campfire_choices":[{"data":"Eruption","floor":6.0,"key":"SMITH"},{"floor":10.0,"key":"REST"},{"data":"ClearTheMind","floor":12.0,"key":"SMITH"},{"floor":15.0,"key":"REST"},{"data":"Prostrate","floor":25.0,"key":"SMITH"},{"data":"Adaptation","floor":32.0,"key":"SMITH"},{"data":"Omniscience","floor":40.0,"key":"SMITH"},{"floor":45.0,"key":"RECALL"},{"floor":49.0,"key":"REST"},{"data":"Meditate","floor":52.0,"key":"SMITH"}],"circlet_count":0,"master_deck":["Eruption+1","Vigilance","Master of Strategy+1","FollowUp","CutThroughFate","Crescendo","ClearTheMind+1","Madness+1","Meditate+1","Ragnarok+1","Pray+1","WindmillStrike+1","Adaptation+1","JustLucky+1","Prostrate+1","Prostrate","CarveReality","Protect+1","WindmillStrike+1","Brilliance","Conclude","EmptyFist","LessonLearned","Omniscience+1","Weave","Consecrate","Brilliance","MasterReality","Prostrate","Nirvana+1","EmptyMind+1","Injury","Protect","ThirdEye+1","FlurryOfBlows+1","Swivel+1"],"relics":["PureWater","Matryoshka","Damaru","Darkstone Periapt","Anchor","White Beast Statue","PreservedInsect","Cursed Key","Nilry\u0027s Codex","Bottled Tornado","Art of War","Whetstone","The Courier","Pandora\u0027s Box","War Paint","Lizard Tail","Molten Egg 2","Incense Burner","Bird Faced Urn"],"acts_visited":["Exordium","TheCity","TheBeyond","TheEnding"],"potions_floor_usage":[],"damage_taken":[{"damage":2.0,"enemies":"Small Slimes","floor":1.0,"turns":2.0},{"damage":0.0,"enemies":"2 Louse","floor":4.0,"turns":2.0},{"damage":42.0,"enemies":"Lagavulin","floor":7.0,"turns":4.0},{"damage":4.0,"enemies":"Cultist","floor":11.0,"turns":3.0},{"damage":0.0,"enemies":"Lagavulin Event","floor":14.0,"turns":2.0},{"damage":37.0,"enemies":"Slime Boss","floor":16.0,"turns":8.0},{"damage":2.0,"enemies":"Chosen","floor":18.0,"turns":3.0},{"damage":1.0,"enemies":"Spheric Guardian","floor":19.0,"turns":3.0},{"damage":0.0,"enemies":"Centurion and Healer","floor":22.0,"turns":1.0},{"damage":14.0,"enemies":"Slavers","floor":23.0,"turns":3.0},{"damage":5.0,"enemies":"Snecko","floor":24.0,"turns":3.0},{"damage":0.0,"enemies":"Snake Plant","floor":28.0,"turns":2.0},{"damage":9.0,"enemies":"Book of Stabbing","floor":29.0,"turns":3.0},{"damage":0.0,"enemies":"Shelled Parasite and Fungi","floor":30.0,"turns":2.0},{"damage":2.0,"enemies":"Chosen and Byrds","floor":31.0,"turns":3.0},{"damage":3.0,"enemies":"Champ","floor":33.0,"turns":5.0},{"damage":6.0,"enemies":"Orb Walker","floor":35.0,"turns":3.0},{"damage":12.0,"enemies":"3 Shapes","floor":37.0,"turns":6.0},{"damage":22.0,"enemies":"Transient","floor":39.0,"turns":5.0},{"damage":9.0,"enemies":"Nemesis","floor":42.0,"turns":3.0},{"damage":3.0,"enemies":"Mind Bloom Boss Battle","floor":46.0,"turns":4.0},{"damage":2.0,"enemies":"2 Orb Walkers","floor":47.0,"turns":2.0},{"damage":46.0,"enemies":"Jaw Worm Horde","floor":48.0,"turns":3.0},{"damage":54.0,"enemies":"Awakened One","floor":50.0,"turns":10.0},{"damage":0,"enemies":"Shield and Spear","floor":54,"turns":2}],"seed_played":"572935501645457760","potions_obtained":[{"floor":4.0,"key":"Explosive Potion"},{"floor":11.0,"key":"AttackPotion"},{"floor":14.0,"key":"GamblersBrew"},{"floor":16.0,"key":"SteroidPotion"},{"floor":18.0,"key":"Ambrosia"},{"floor":19.0,"key":"LiquidMemories"},{"floor":22.0,"key":"FearPotion"},{"floor":23.0,"key":"SmokeBomb"},{"floor":24.0,"key":"EntropicBrew"},{"floor":28.0,"key":"SteroidPotion"},{"floor":29.0,"key":"BlessingOfTheForge"},{"floor":30.0,"key":"BottledMiracle"},{"floor":33.0,"key":"Weak Potion"},{"floor":35.0,"key":"Dexterity Potion"},{"floor":37.0,"key":"Regen Potion"},{"floor":39.0,"key":"Energy Potion"},{"floor":42.0,"key":"LiquidBronze"},{"floor":46.0,"key":"ColorlessPotion"},{"floor":47.0,"key":"Swift Potion"}],"is_trial":false,"path_per_floor":["M","?","?","M","?","R","E","?","T","R","M","R","$","?","R","B",null,"M","M","?","?","M","E","M","R","T","$","M","E","M","M","R","B",null,"M","?","M","T","M","R","$","E","T","$","R","?","?","M","R","B",null,"R","$","E"],"character_chosen":"WATCHER","items_purchased":["Madness","Prostrate","Lizard Tail","Protect","ThirdEye"],"campfire_rested":3,"item_purchase_floors":[13,27,41,44,44],"current_hp_per_floor":[70,52,52,52,52,52,10,16,16,39,35,35,35,35,58,21,78,76,75,59,59,59,45,40,40,46,46,46,37,37,35,35,32,84,78,78,66,72,64,64,64,64,70,70,70,67,65,23,51,3,96,96,96,96,96],"gold":18,"neow_bonus":"RANDOM_COLORLESS_2","is_daily":false,"chose_seed":false,"campfire_upgraded":6,"win_rate":0.0,"timestamp":1610164205,"path_taken":["M","?","?","?","?","R","E","?","T","R","M","R","?","?","R","BOSS","M","M","?","?","M","E","M","R","T","$","M","E","M","M","R","BOSS","M","?","M","?","M","R","$","E","T","$","R","?","?","M","R","BOSS","R","$","E"],"items_purchased_type":["Card","Card","Relic","Card","Card"],"build_version":"2020-12-22","purchased_purges":3,"victory":false,"max_hp_per_floor":[72,72,72,72,72,72,72,78,78,78,78,78,78,78,78,78,78,78,78,78,78,78,78,78,78,84,84,84,84,84,84,84,84,84,84,84,84,90,90,90,90,90,96,96,96,96,96,96,96,96,96,96,96,96,96],"card_choices":[{"not_picked":["The Bomb","Secret Weapon"],"picked":"Master of Strategy","floor":0.0},{"not_picked":["Halt","SignatureMove"],"picked":"FollowUp","floor":1.0},{"not_picked":["CrushJoints","Prostrate"],"picked":"CutThroughFate","floor":4.0},{"not_picked":["CrushJoints","ThirdEye"],"picked":"Crescendo","floor":7.0},{"not_picked":["ThirdEye","FlurryOfBlows"],"picked":"ClearTheMind","floor":11.0},{"not_picked":["BowlingBash","Scrawl"],"picked":"Meditate","floor":14.0},{"not_picked":["Judgement","Blasphemy"],"picked":"Ragnarok","floor":16.0},{"not_picked":["MentalFortress","CrushJoints"],"picked":"Pray","floor":18.0},{"not_picked":["ClearTheMind+1","BowlingBash+1"],"picked":"WindmillStrike","floor":19.0},{"not_picked":["Study","Fasting2"],"picked":"Adaptation","floor":22.0},{"not_picked":["Meditate","SpiritShield"],"picked":"JustLucky+1","floor":23.0},{"not_picked":["PathToVictory","BowlingBash"],"picked":"Prostrate","floor":24.0},{"not_picked":["EmptyFist","WindmillStrike"],"picked":"CarveReality","floor":28.0},{"not_picked":["Tantrum","Study","CarveReality"],"picked":"SKIP","floor":29.0},{"not_picked":["BowlingBash","ThirdEye"],"picked":"Protect+1","floor":30.0},{"not_picked":["Collect","Fasting2"],"picked":"WindmillStrike+1","floor":31.0},{"not_picked":["Judgement","Ragnarok"],"picked":"Brilliance","floor":33.0},{"not_picked":["Sanctity","FlyingSleeves+1"],"picked":"Prostrate","floor":35.0},{"not_picked":["JustLucky+1","Pray+1","SashWhip+1"],"picked":"SKIP","floor":37.0},{"not_picked":["CrushJoints+1","Halt"],"picked":"Nirvana+1","floor":39.0},{"not_picked":["JustLucky+1","FollowUp+1"],"picked":"EmptyMind+1","floor":42.0},{"not_picked":["Sanctity","ThirdEye+1"],"picked":"FlurryOfBlows+1","floor":47.0},{"not_picked":["Pray+1","BowlingBash+1"],"picked":"Swivel+1","floor":48.0}],"player_experience":157467,"relics_obtained":[{"floor":7.0,"key":"Damaru"},{"floor":9.0,"key":"Anchor"},{"floor":9.0,"key":"White Beast Statue"},{"floor":20.0,"key":"Nilry\u0027s Codex"},{"floor":23.0,"key":"Bottled Tornado"},{"floor":26.0,"key":"Art of War"},{"floor":26.0,"key":"Whetstone"},{"floor":29.0,"key":"The Courier"},{"floor":38.0,"key":"War Paint"},{"floor":42.0,"key":"Molten Egg 2"},{"floor":46.0,"key":"Incense Burner"},{"floor":47.0,"key":"Bird Faced Urn"}],"event_choices":[{"damage_healed":0.0,"max_hp_gain":0.0,"max_hp_loss":0.0,"gold_gain":0.0,"event_name":"Scrap Ooze","player_choice":"Success","floor":2.0,"gold_loss":0.0,"damage_taken":18.0,"relics_obtained":["Matryoshka"]},{"cards_removed":["Decay"],"damage_healed":0.0,"max_hp_gain":0.0,"max_hp_loss":0.0,"gold_gain":0.0,"event_name":"Purifier","player_choice":"Purged","floor":3.0,"gold_loss":0.0,"damage_taken":0.0},{"damage_healed":0.0,"max_hp_gain":0.0,"max_hp_loss":0.0,"gold_gain":0.0,"event_name":"The Cleric","player_choice":"Leave","floor":5.0,"gold_loss":0.0,"damage_taken":0.0},{"damage_healed":0.0,"max_hp_gain":0.0,"max_hp_loss":0.0,"gold_gain":0.0,"event_name":"Big Fish","player_choice":"Box","floor":8.0,"gold_loss":0.0,"damage_taken":0.0,"relics_obtained":["Darkstone Periapt"],"cards_obtained":["Regret"]},{"damage_healed":0.0,"max_hp_gain":0.0,"max_hp_loss":0.0,"gold_gain":0.0,"event_name":"Dead Adventurer","player_choice":"Searched \u00273\u0027 times","floor":14.0,"gold_loss":0.0,"damage_taken":0.0,"relics_obtained":["PreservedInsect"]},{"damage_healed":0.0,"max_hp_gain":0.0,"max_hp_loss":0.0,"gold_gain":0.0,"event_name":"Cursed Tome","player_choice":"Obtained Book","floor":20.0,"gold_loss":0.0,"damage_taken":16.0},{"damage_healed":0.0,"max_hp_gain":0.0,"max_hp_loss":0.0,"gold_gain":0.0,"event_name":"Designer","player_choice":"Upgrade","floor":21.0,"gold_loss":40.0,"damage_taken":0.0,"cards_upgraded":["Ragnarok"]},{"damage_healed":0.0,"max_hp_gain":0.0,"max_hp_loss":0.0,"gold_gain":0.0,"event_name":"Tomb of Lord Red Mask","player_choice":"Ignored","floor":36.0,"gold_loss":0.0,"damage_taken":0.0},{"damage_healed":0.0,"max_hp_gain":0.0,"max_hp_loss":0.0,"gold_gain":0.0,"event_name":"MindBloom","player_choice":"Fight","floor":46.0,"gold_loss":0.0,"damage_taken":0.0},{"damage_healed":0.0,"max_hp_gain":0.0,"max_hp_loss":0.0,"gold_gain":0.0,"event_name":"Mysterious Sphere","player_choice":"Fight","floor":47.0,"gold_loss":0.0,"damage_taken":0.0}],"is_beta":false,"boss_relics":[{"not_picked":["Astrolabe","Ectoplasm"],"picked":"Cursed Key"},{"not_picked":["Fusion Hammer","Black Star"],"picked":"Pandora\u0027s Box"}],"items_purged_floors":[13,27,53],"is_endless":false,"potions_floor_spawned":[4,11,14,16,18,19,22,23,24,28,29,30,31,33,35,37,39,42,46,47,48],"killed_by":"Shield and Spear","ascension_level":3}}