{"host":"1183f001whnzd7mj","time":1610222155,"event":{"mods":["AchievementEnabler","BaseMod","Beaked The Cultist","BetterRewards","Conspire","Downfall","Friendly Minions","Highlight Path","Infinite Spire","Mimic Mod","Minty Spire (QoL Compilation)","Permanent Neow","Quick Restart","Replay The Spire","Shop Mod","StSLib","The Bug Knight","The Mystic"],"gold_per_floor":[116,128,128,139,150,150,176,176,207,132,132,132,82,82,82,82,82],"floor_reached":16,"playtime":847,"items_purged":["mysticmod:Strike_Mystic"],"score":98,"play_id":"d4286645-0fcf-4586-a344-f651db16e49d","local_time":"20210109195555","is_ascension_mode":false,"campfire_choices":[{"data":"mysticmod:CorrosiveTouch","floor":6,"key":"SMITH"},{"data":"mysticmod:Probe","floor":8,"key":"SMITH"},{"data":"mysticmod:Dedication","floor":11,"key":"SMITH"},{"floor":15,"key":"REST"}],"circlet_count":0,"master_deck":["mysticmod:Strike_Mystic","mysticmod:Defend_Mystic","mysticmod:Defend_Mystic","mysticmod:Defend_Mystic","mysticmod:Defend_Mystic","mysticmod:ArcaneDodge","mysticmod:ShockingGrasp","Dramatic Entrance","mysticmod:CorrosiveTouch+1","mysticmod:Sideswipe","mysticmod:SuddenClarity","mysticmod:Probe+1","mysticmod:SpontaneousCaster","mysticmod:Dedication+1"],"relics":["mysticmod:SpellBook","HollowMod:StagPassRelic","Regal Pillow"],"acts_visited":["Exordium"],"potions_floor_usage":[],"damage_taken":[{"damage":0,"enemies":"Small Slimes","floor":1,"turns":3},{"damage":0,"enemies":"Cultist","floor":2,"turns":3},{"damage":0,"enemies":"Jaw Worm","floor":4,"turns":2},{"damage":0,"enemies":"Blue Slaver","floor":5,"turns":3},{"damage":46,"enemies":"Gremlin Nob","floor":7,"turns":6},{"damage":14,"enemies":"Looter","floor":9,"turns":10},{"damage":53,"enemies":"Slime Boss","floor":16,"turns":14}],"seed_played":"-1428444469498831405","potions_obtained":[{"floor":2,"key":"SpeedPotion"}],"is_trial":false,"path_per_floor":["M","M","?","M","M","R","E","R","MIM","$","R","?","?","$","R","B"],"character_chosen":"MYSTIC_CLASS","items_purchased":[],"campfire_rested":1,"item_purchase_floors":[],"current_hp_per_floor":[77,77,77,77,77,77,31,31,17,17,17,10,10,10,48,0,0],"gold":82,"neow_bonus":"RANDOM_COLORLESS","is_daily":false,"chose_seed":false,"campfire_upgraded":3,"win_rate":0.0,"timestamp":1610222155,"path_taken":["M","M","?","?","M","R","E","R","MIM","$","R","?","?","$","R","BOSS"],"items_purchased_type":[],"build_version":"2020-12-22","purchased_purges":1,"victory":false,"max_hp_per_floor":[77,77,77,77,77,77,77,77,77,77,77,77,77,77,77,77,77],"card_choices":[{"not_picked":["expansioncontent:PrepareCrush","Replay:SS_hec_4"],"picked":"Dramatic Entrance","floor":0},{"not_picked":["mysticmod:HunkerDown","mysticmod:TomeOfSpells"],"picked":"mysticmod:CorrosiveTouch","floor":1},{"not_picked":["mysticmod:CorrosiveTouch","mysticmod:ComponentsPouch"],"picked":"mysticmod:Sideswipe","floor":2},{"not_picked":["mysticmod:Stoneskin","mysticmod:VorpalThrust"],"picked":"mysticmod:SuddenClarity","floor":4},{"not_picked":["mysticmod:SummonFamiliar","mysticmod:CorrosiveTouch"],"picked":"mysticmod:Probe","floor":5},{"not_picked":["mysticmod:Lunge","mysticmod:Alacrity"],"picked":"mysticmod:SpontaneousCaster","floor":7},{"not_picked":["mysticmod:RapidCaster","mysticmod:ComboCaster"],"picked":"mysticmod:Dedication","floor":9}],"player_experience":104086,"relics_obtained":[{"floor":7,"key":"Regal Pillow"}],"event_choices":[{"damage_healed":0,"gold_gain":0,"player_choice":"Gave Potion","damage_taken":0,"relics_obtained":["HollowMod:StagPassRelic"],"max_hp_gain":0,"max_hp_loss":0,"event_name":"WeMeetAgain","floor":3,"gold_loss":0},{"cards_removed":["mysticmod:Strike_Mystic"],"damage_healed":0,"gold_gain":0,"player_choice":"Card Removal","damage_taken":7,"max_hp_gain":0,"max_hp_loss":0,"event_name":"Golden Wing","floor":12,"gold_loss":0},{"cards_removed":["mysticmod:Strike_Mystic"],"damage_healed":0,"gold_gain":0,"player_choice":"Card Removal","damage_taken":0,"max_hp_gain":0,"max_hp_loss":0,"event_name":"The Cleric","floor":13,"gold_loss":50}],"is_beta":false,"boss_relics":[],"items_purged_floors":[10],"is_endless":false,"potions_floor_spawned":[2],"killed_by":"Slime Boss","ascension_level":0}}