{"host":"qxeepl7ydvsgmfdb","time":1610177840,"event":{"mods":["AchievementEnabler","BaseMod","Colored Powertips","Minty Spire (QoL Compilation)","Quick Restart","slay the spire mod where everything is the same but ironclad has a cowboy hat"],"gold_per_floor":[115,115,190,190,209,247,91,124,124,124,124,149,99,99,99,228,228,251,266,191,191,191,191,232,251,251,275,275,51,92,106,106,232,232,246,579,180,198,198,232,232,257,257,268,323,341,85,135,135,135],"floor_reached":51,"playtime":1487,"items_purged":["Heel Hook"],"score":839,"play_id":"2b4304f8-a6fc-4beb-b3e6-8fbe832227a0","local_time":"20210109023720","is_ascension_mode":true,"campfire_choices":[{"floor":11.0,"key":"REST"},{"data":"A Thousand Cuts","floor":15.0,"key":"SMITH"},{"data":"Noxious Fumes","floor":23.0,"key":"SMITH"},{"floor":28.0,"key":"REST"},{"floor":32.0,"key":"REST"},{"floor":49.0,"key":"REST"}],"circlet_count":0,"master_deck":["Neutralize","Dagger Spray","Backstab+1","Dagger Throw","A Thousand Cuts+1","Slice","Adrenaline","Bouncing Flask","Deadly Poison","Blade Dance","Deadly Poison","Accuracy","Deflect","Noxious Fumes+1","Cloak And Dagger","Poisoned Stab+1","Backflip+1","All Out Attack+1","Backstab","Slice","Deadly Poison","Apotheosis","Slice+1"],"relics":["Ring of the Snake","NeowsBlessing","Eternal Feather","TwistedFunnel","Ninja Scroll","Matryoshka","Ancient Tea Set","Kunai","Pandora\u0027s Box","Enchiridion","Bag of Preparation","Pen Nib","Orichalcum","Juzu Bracelet","Red Mask","Empty Cage","HornCleat","Strange Spoon","Gremlin Horn","Bronze Scales","MealTicket","TungstenRod","Bag of Marbles","Pocketwatch"],"acts_visited":["Exordium","TheCity","TheBeyond"],"potions_floor_usage":[50,50,50],"damage_taken":[{"damage":0.0,"enemies":"Small Slimes","floor":1.0,"turns":1.0},{"damage":0.0,"enemies":"Jaw Worm","floor":5.0,"turns":1.0},{"damage":0.0,"enemies":"Lagavulin","floor":6.0,"turns":1.0},{"damage":14.0,"enemies":"3 Sentries","floor":8.0,"turns":9.0},{"damage":0.0,"enemies":"2 Louse","floor":12.0,"turns":1.0},{"damage":19.0,"enemies":"Hexaghost","floor":16.0,"turns":9.0},{"damage":10.0,"enemies":"Chosen","floor":18.0,"turns":2.0},{"damage":12.0,"enemies":"Shell Parasite","floor":19.0,"turns":3.0},{"damage":51.0,"enemies":"Slavers","floor":24.0,"turns":4.0},{"damage":12.0,"enemies":"Centurion and Healer","floor":25.0,"turns":3.0},{"damage":0.0,"enemies":"Chosen and Byrds","floor":27.0,"turns":3.0},{"damage":0.0,"enemies":"Masked Bandits","floor":30.0,"turns":2.0},{"damage":17.0,"enemies":"Shelled Parasite and Fungi","floor":31.0,"turns":3.0},{"damage":52.0,"enemies":"Champ","floor":33.0,"turns":7.0},{"damage":10.0,"enemies":"3 Shapes","floor":35.0,"turns":3.0},{"damage":1.0,"enemies":"Orb Walker","floor":38.0,"turns":2.0},{"damage":8.0,"enemies":"Reptomancer","floor":40.0,"turns":3.0},{"damage":25.0,"enemies":"Giant Head","floor":42.0,"turns":6.0},{"damage":1.0,"enemies":"3 Darklings","floor":44.0,"turns":2.0},{"damage":7.0,"enemies":"2 Orb Walkers","floor":45.0,"turns":3.0},{"damage":0.0,"enemies":"Jaw Worm Horde","floor":46.0,"turns":2.0},{"damage":0.0,"enemies":"Mind Bloom Boss Battle","floor":48.0,"turns":4.0},{"damage":35,"enemies":"Time Eater","floor":50,"turns":6}],"seed_played":"1461445711286341720","potions_obtained":[{"floor":8.0,"key":"Weak Potion"},{"floor":24.0,"key":"Regen Potion"},{"floor":27.0,"key":"SkillPotion"},{"floor":31.0,"key":"SteroidPotion"},{"floor":33.0,"key":"Explosive Potion"},{"floor":38.0,"key":"Ancient Potion"},{"floor":42.0,"key":"Ancient Potion"},{"floor":45.0,"key":"Ancient Potion"},{"floor":46.0,"key":"PowerPotion"}],"is_trial":false,"path_per_floor":["M","$","?","?","M","E","$","E","T","T","R","M","?","?","R","B",null,"M","M","?","?","?","R","E","M","T","M","R","$","?","M","R","B",null,"M","?","$","M","?","E","?","E","T","M","?","M","$","?","R","B",null],"character_chosen":"THE_SILENT","items_purchased":["TwistedFunnel","Juzu Bracelet","HornCleat","Strange Spoon","Bag of Marbles","AttackPotion","SkillPotion"],"campfire_rested":4,"item_purchase_floors":[7,29,37,37,47,47,47],"current_hp_per_floor":[70,70,59,42,42,42,42,28,28,28,58,58,58,44,53,34,70,60,48,48,32,55,64,13,1,1,13,46,46,46,29,62,10,70,60,60,60,59,59,51,51,26,26,25,18,18,33,33,66,31],"gold":135,"neow_bonus":"THREE_ENEMY_KILL","is_daily":false,"chose_seed":false,"campfire_upgraded":2,"win_rate":0.0,"timestamp":1610177840,"path_taken":["M","$","?","?","M","E","?","E","T","?","R","?","?","?","R","BOSS","M","M","?","?","?","R","E","M","T","M","R","$","?","M","R","BOSS","M","?","$","M","?","E","?","E","T","M","?","M","$","?","R","BOSS"],"items_purchased_type":["Relic","Relic","Relic","Relic","Relic","Potion","Potion"],"build_version":"2020-12-22","purchased_purges":1,"victory":true,"max_hp_per_floor":[70,70,70,70,70,70,70,70,70,70,70,70,70,70,70,70,70,70,70,70,70,70,70,70,70,70,70,70,70,70,70,70,70,70,70,70,70,70,70,70,70,70,70,70,70,70,70,70,70,70],"card_choices":[{"not_picked":["Quick Slash","PiercingWail"],"picked":"Dagger Spray","floor":1.0},{"not_picked":["Eviscerate","Infinite Blades"],"picked":"Backstab","floor":5.0},{"not_picked":["Outmaneuver","Bane"],"picked":"Dagger Throw","floor":6.0},{"not_picked":["Tools of the Trade","Deadly Poison"],"picked":"A Thousand Cuts","floor":8.0},{"not_picked":["Acrobatics","Dodge and Roll"],"picked":"Slice","floor":12.0},{"not_picked":["Corpse Explosion","Grand Finale"],"picked":"Adrenaline","floor":16.0},{"not_picked":["Flying Knee","Outmaneuver"],"picked":"Deflect","floor":18.0},{"not_picked":["Dagger Spray","Underhanded Strike"],"picked":"Noxious Fumes","floor":19.0},{"not_picked":["Blur","Blade Dance"],"picked":"Cloak And Dagger","floor":24.0},{"not_picked":["Tactician","Backflip"],"picked":"Poisoned Stab+1","floor":25.0},{"not_picked":["A Thousand Cuts","Leg Sweep+1"],"picked":"Backflip+1","floor":27.0},{"not_picked":["Poisoned Stab","Backflip"],"picked":"All Out Attack+1","floor":30.0},{"not_picked":["Bane+1","Tactician"],"picked":"Backstab","floor":31.0},{"not_picked":["All Out Attack+1","Bane+1","Setup+1"],"picked":"SKIP","floor":35.0},{"not_picked":["Dodge and Roll","Backflip"],"picked":"Slice","floor":38.0},{"not_picked":["Adrenaline","Heel Hook"],"picked":"Deadly Poison","floor":40.0},{"not_picked":["Deep Breath","Metamorphosis"],"picked":"Apotheosis","floor":41.0},{"not_picked":["Dagger Throw+1","Infinite Blades+1"],"picked":"Slice+1","floor":42.0},{"not_picked":["Slice+1","Quick Slash","Endless Agony+1"],"picked":"SKIP","floor":44.0},{"not_picked":["Flechettes+1","Prepared","A Thousand Cuts"],"picked":"SKIP","floor":46.0}],"player_experience":155382,"relics_obtained":[{"floor":6.0,"key":"Eternal Feather"},{"floor":8.0,"key":"Ninja Scroll"},{"floor":9.0,"key":"Matryoshka"},{"floor":10.0,"key":"Ancient Tea Set"},{"floor":10.0,"key":"Kunai"},{"floor":21.0,"key":"Enchiridion"},{"floor":24.0,"key":"Bag of Preparation"},{"floor":26.0,"key":"Pen Nib"},{"floor":26.0,"key":"Orichalcum"},{"floor":30.0,"key":"Red Mask"},{"floor":40.0,"key":"Gremlin Horn"},{"floor":42.0,"key":"Bronze Scales"},{"floor":43.0,"key":"MealTicket"},{"floor":45.0,"key":"TungstenRod"},{"floor":48.0,"key":"Pocketwatch"}],"event_choices":[{"damage_healed":0.0,"max_hp_gain":0.0,"max_hp_loss":0.0,"gold_gain":75.0,"event_name":"World of Goop","player_choice":"Gather Gold","floor":3.0,"gold_loss":0.0,"damage_taken":11.0},{"damage_healed":0.0,"max_hp_gain":0.0,"max_hp_loss":0.0,"gold_gain":0.0,"event_name":"Golden Idol","player_choice":"Take Damage","floor":4.0,"gold_loss":0.0,"damage_taken":17.0,"relics_obtained":["Golden Idol"]},{"cards_removed":["Strike_G"],"damage_healed":0.0,"max_hp_gain":0.0,"max_hp_loss":0.0,"gold_gain":0.0,"event_name":"The Cleric","player_choice":"Card Removal","floor":13.0,"gold_loss":50.0,"damage_taken":0.0},{"damage_healed":0.0,"max_hp_gain":0.0,"max_hp_loss":0.0,"gold_gain":0.0,"event_name":"Shining Light","player_choice":"Entered Light","floor":14.0,"gold_loss":0.0,"damage_taken":14.0,"cards_upgraded":["Strike_G","Backstab"]},{"cards_removed":["Choke"],"damage_healed":0.0,"max_hp_gain":0.0,"max_hp_loss":0.0,"gold_gain":0.0,"event_name":"Beggar","player_choice":"Gave Gold","floor":20.0,"gold_loss":75.0,"damage_taken":0.0},{"damage_healed":0.0,"max_hp_gain":0.0,"max_hp_loss":0.0,"gold_gain":0.0,"event_name":"Cursed Tome","player_choice":"Obtained Book","floor":21.0,"gold_loss":0.0,"damage_taken":16.0},{"damage_healed":23.0,"max_hp_gain":0.0,"max_hp_loss":0.0,"gold_gain":0.0,"event_name":"The Library","player_choice":"Heal","floor":22.0,"gold_loss":0.0,"damage_taken":0.0},{"damage_healed":0.0,"max_hp_gain":0.0,"max_hp_loss":0.0,"gold_gain":0.0,"event_name":"Masked Bandits","player_choice":"Fought Bandits","floor":30.0,"gold_loss":0.0,"damage_taken":0.0},{"damage_healed":0.0,"max_hp_gain":0.0,"max_hp_loss":0.0,"gold_gain":333.0,"event_name":"The Moai Head","player_choice":"Gave Idol","floor":36.0,"relics_lost":["Golden Idol"],"gold_loss":0.0,"damage_taken":0.0},{"cards_removed":["Survivor"],"damage_healed":0.0,"max_hp_gain":0.0,"max_hp_loss":0.0,"gold_gain":0.0,"event_name":"Falling","player_choice":"Removed Skill","floor":39.0,"gold_loss":0.0,"damage_taken":0.0},{"damage_healed":0.0,"max_hp_gain":0.0,"max_hp_loss":0.0,"gold_gain":0.0,"event_name":"SensoryStone","player_choice":"Memory 1","floor":41.0,"gold_loss":0.0,"damage_taken":0.0},{"damage_healed":0.0,"max_hp_gain":0.0,"max_hp_loss":0.0,"gold_gain":0.0,"event_name":"Mysterious Sphere","player_choice":"Fight","floor":45.0,"gold_loss":0.0,"damage_taken":0.0},{"damage_healed":0.0,"max_hp_gain":0.0,"max_hp_loss":0.0,"gold_gain":0.0,"event_name":"MindBloom","player_choice":"Fight","floor":48.0,"gold_loss":0.0,"damage_taken":0.0}],"is_beta":false,"boss_relics":[{"not_picked":["Runic Pyramid","Cursed Key"],"picked":"Pandora\u0027s Box"},{"not_picked":["Ring of the Serpent","Velvet Choker"],"picked":"Empty Cage"}],"items_purged_floors":[29],"is_endless":false,"potions_floor_spawned":[8,24,27,31,33,38,42,45,46],"ascension_level":1}}