{"host":"cu","time":1610209612,"event":{"mods":["BaseMod","Colored Map","Gremlin Mod","Hubris","Infinite Spire","Minty Spire (QoL Compilation)","Replay The Spire","StSLib","The Cursed"],"gold_per_floor":[118,129,129,142,157,157,167,167,167,167,195,0,12,42,42,141,141,154,154,169,169,187,187,221,221,245,297,297,297,335,374,374,499,499,531,591,131,165,165,165,193,236,261,261,321,361,361,361,361,379],"floor_reached":51,"playtime":3451,"items_purged":["Strike_R"],"score":852,"play_id":"ec42cf91-1c7d-407a-9db1-efb64400edc4","local_time":"20210109132652","is_ascension_mode":false,"campfire_choices":[{"data":"Shrug It Off","floor":6,"key":"SMITH"},{"data":"Barricade","floor":8,"key":"SMITH"},{"data":"Metallicize","floor":15,"key":"SMITH"},{"data":"Dual Wield","floor":23,"key":"SMITH"},{"data":"Offering","floor":25,"key":"SMITH"},{"floor":28,"key":"REST"},{"floor":32,"key":"REST"},{"floor":40,"key":"REST"},{"data":"Jack Of All Trades","floor":44,"key":"SMITH"},{"data":"Double Tap","floor":47,"key":"SMITH"},{"data":"Warcry","floor":49,"key":"SMITH"}],"circlet_count":0,"master_deck":["Strike_R","Strike_R","Strike_R","Defend_R","Defend_R","Defend_R","Defend_R","Bash+1","Power Through","Shrug It Off+1","Clash","Anger","Anger","Barricade+1","Infernal Blade+1","Replay:Undeath\u0027s Touch","hubris:ReadiedAction","Jack Of All Trades+1","Warcry+1","Metallicize+1","Offering+1","Dual Wield+1","ReplayTheSpireMod:Stacked+1","Shrug It Off","Flex","Double Tap+1","hubris:ReadiedAction","Rampage","Impervious","Armaments+1","Dark Shackles","Pommel Strike+1","Clash","Entrench","Dropkick+1","Defy Death"],"relics":["Burning Blood","Pen Nib","HornCleat","Thread and Needle","Philosopher\u0027s Stone","White Beast Statue","Replay:Bandana","Replay:Rubber Ducky","Replay:Lucky Slots","SlaversCollar","Incense Burner","ClockworkSouvenir","Lantern","infinitespire:Satchel","Replay:PocketPolymizer"],"acts_visited":["Exordium","TheCity","TheBeyond"],"potions_floor_usage":[14,33,33,33,36,36,50],"damage_taken":[{"damage":10,"enemies":"Jaw Worm","floor":1,"turns":4},{"damage":1,"enemies":"Cultist","floor":2,"turns":3},{"damage":2,"enemies":"Small Slimes","floor":4,"turns":3},{"damage":0,"enemies":"2 Fungi Beasts","floor":5,"turns":4},{"damage":0,"enemies":"Looter","floor":7,"turns":3},{"damage":0,"enemies":"Lagavulin","floor":11,"turns":7},{"damage":0,"enemies":"Red Slaver","floor":13,"turns":4},{"damage":4,"enemies":"3 Sentries","floor":14,"turns":11},{"damage":25,"enemies":"Hexaghost","floor":16,"turns":14},{"damage":6,"enemies":"2 Thieves","floor":18,"turns":5},{"damage":9,"enemies":"Spheric Guardian","floor":20,"turns":4},{"damage":6,"enemies":"Snecko","floor":22,"turns":6},{"damage":6,"enemies":"Book of Stabbing","floor":24,"turns":8},{"damage":37,"enemies":"Slavers","floor":27,"turns":7},{"damage":12,"enemies":"Centurion and Healer","floor":30,"turns":5},{"damage":6,"enemies":"Shelled Parasite and Fungi","floor":31,"turns":7},{"damage":20,"enemies":"Champ","floor":33,"turns":11},{"damage":6,"enemies":"3 Darklings","floor":35,"turns":9},{"damage":14,"enemies":"Mind Bloom Boss Battle","floor":36,"turns":12},{"damage":14,"enemies":"3 Shapes","floor":38,"turns":7},{"damage":6,"enemies":"Transient","floor":41,"turns":5},{"damage":2,"enemies":"4 Shapes","floor":42,"turns":11},{"damage":6,"enemies":"Nemesis","floor":45,"turns":9},{"damage":8,"enemies":"Jaw Worm Horde","floor":46,"turns":7},{"damage":12,"enemies":"Awakened One","floor":50,"turns":18}],"seed_played":"-2478199866594222881","potions_obtained":[{"floor":5,"key":"SteroidPotion"},{"floor":7,"key":"Adrenaline Potion"},{"floor":13,"key":"FearPotion"},{"floor":16,"key":"LiquidBronze"},{"floor":33,"key":"BlessingOfTheForge"},{"floor":35,"key":"SkillPotion"},{"floor":39,"key":"Doom Potion"},{"floor":41,"key":"Flashbang"}],"is_trial":false,"path_per_floor":["M","M","?","M","M","R","M","R","T","?","E","$","M","E","R","B",null,"M","?","M","?","M","R","E","R","T","E","R","AVR","M","M","R","B",null,"M","?","$","M","?","R","M","M","T","R","E","M","R","?","R","B",null],"character_chosen":"IRONCLAD","items_purchased":["Replay:Undeath\u0027s Touch","hubris:ReadiedAction","Jack Of All Trades","Dark Shackles","ClockworkSouvenir","Lantern"],"campfire_rested":3,"item_purchase_floors":[12,12,12,37,37,37],"current_hp_per_floor":[76,80,80,80,80,80,80,80,80,80,80,80,80,80,80,61,80,80,80,77,77,77,77,77,77,77,46,70,70,64,64,80,66,80,80,72,72,64,64,80,80,80,80,80,80,78,78,78,78,72],"gold":379,"neow_bonus":"RANDOM_EVENT","is_daily":false,"chose_seed":false,"campfire_upgraded":8,"win_rate":0.0,"timestamp":1610209612,"path_taken":["M","M","?","M","?","R","M","R","T","?","E","$","M","E","R","BOSS","M","?","M","?","M","R","E","R","T","E","R","AVR","?","M","R","BOSS","M","?","$","M","?","R","M","M","T","R","E","?","R","?","R","BOSS"],"items_purchased_type":["Card","Card","Card","Card","Relic","Relic"],"build_version":"2020-11-17","purchased_purges":1,"victory":true,"max_hp_per_floor":[80,80,80,80,80,80,80,80,80,80,80,80,80,80,80,80,80,80,80,80,80,80,80,80,80,80,80,80,80,80,80,80,80,80,80,80,80,80,80,80,80,80,80,80,80,80,80,80,80,80],"card_choices":[{"not_picked":["Inflame","Body Slam"],"picked":"Power Through","floor":1},{"not_picked":["ReplayTheSpireMod:LeadingStrike","Flex"],"picked":"Shrug It Off","floor":2},{"not_picked":["Warcry","Armaments"],"picked":"Anger","floor":4},{"not_picked":["Flex","Perfected Strike"],"picked":"Anger","floor":5},{"not_picked":["Bloodletting","Body Slam"],"picked":"Barricade","floor":7},{"not_picked":["Cleave","Run Through"],"picked":"Infernal Blade","floor":11},{"not_picked":["Perfected Strike","Feel No Pain"],"picked":"Warcry","floor":13},{"not_picked":["Intimidate","hubris:ReadiedAction"],"picked":"Metallicize","floor":14},{"not_picked":["Juggernaut","Brutality"],"picked":"Offering","floor":16},{"not_picked":["Flex","hubris:SharpeningStone+1"],"picked":"Dual Wield","floor":18},{"not_picked":["Dropkick","Spot Weakness"],"picked":"ReplayTheSpireMod:Stacked+1","floor":20},{"not_picked":["Thunderclap+1","Perfected Strike"],"picked":"Shrug It Off","floor":22},{"not_picked":["Replay:Undeath\u0027s Touch","Heavy Blade"],"picked":"Flex","floor":24},{"not_picked":["ReplayTheSpireMod:Strike From Hell","Ghostly Armor"],"picked":"Double Tap","floor":27},{"not_picked":["Searing Blow+1","Perfected Strike+1"],"picked":"hubris:ReadiedAction","floor":30},{"not_picked":["Shockwave","Uppercut+1"],"picked":"Rampage","floor":31},{"not_picked":["Bludgeon","Eclipse"],"picked":"Impervious","floor":33},{"not_picked":["Clothesline","Sword Boomerang+1","ReplayTheSpireMod:Corrosion Curse+1"],"picked":"SKIP","floor":35},{"not_picked":["Run Through","Twin Strike+1"],"picked":"Armaments+1","floor":36},{"not_picked":["Perfected Strike+1","ReplayTheSpireMod:Muscle Training+1"],"picked":"Pommel Strike+1","floor":38},{"not_picked":["Clothesline+1","Cleave"],"picked":"Clash","floor":41},{"not_picked":["Headbutt+1","Reaper"],"picked":"Entrench","floor":42},{"not_picked":["Combust","Shockwave+1"],"picked":"Dropkick+1","floor":45},{"not_picked":["Perfected Strike","Shrug It Off+1"],"picked":"Defy Death","floor":46}],"player_experience":11744,"relics_obtained":[{"floor":9,"key":"Pen Nib"},{"floor":11,"key":"HornCleat"},{"floor":14,"key":"Thread and Needle"},{"floor":24,"key":"White Beast Statue"},{"floor":26,"key":"Replay:Bandana"},{"floor":27,"key":"Replay:Rubber Ducky"},{"floor":36,"key":"Incense Burner"},{"floor":43,"key":"infinitespire:Satchel"},{"floor":45,"key":"Replay:PocketPolymizer"}],"event_choices":[{"damage_healed":0,"gold_gain":0,"player_choice":"Grow","damage_taken":0,"max_hp_gain":0,"max_hp_loss":0,"event_name":"Living Wall","floor":0,"gold_loss":0,"cards_upgraded":["Bash"]},{"damage_healed":0,"gold_gain":0,"cards_transformed":["Strike_R"],"player_choice":"Transformed","damage_taken":0,"max_hp_gain":0,"max_hp_loss":0,"event_name":"Transmorgrifier","floor":3,"gold_loss":0,"cards_obtained":["Clash"]},{"damage_healed":0,"gold_gain":0,"player_choice":"Ignored","damage_taken":0,"max_hp_gain":0,"max_hp_loss":0,"event_name":"Liars Game","floor":10,"gold_loss":0},{"damage_healed":26,"gold_gain":0,"player_choice":"Heal","damage_taken":0,"max_hp_gain":0,"max_hp_loss":0,"event_name":"The Library","floor":19,"gold_loss":0},{"damage_healed":0,"gold_gain":0,"player_choice":"Forge","damage_taken":0,"max_hp_gain":0,"max_hp_loss":0,"event_name":"Accursed Blacksmith","floor":21,"gold_loss":0,"cards_upgraded":["Infernal Blade"]},{"damage_healed":0,"gold_gain":0,"player_choice":"Fight","damage_taken":0,"max_hp_gain":0,"max_hp_loss":0,"event_name":"MindBloom","floor":36,"gold_loss":0},{"damage_healed":0,"gold_gain":0,"player_choice":"Got Potions","damage_taken":0,"max_hp_gain":0,"max_hp_loss":0,"event_name":"Lab","floor":39,"gold_loss":0},{"damage_healed":0,"gold_gain":0,"player_choice":"Ignored","damage_taken":0,"max_hp_gain":0,"max_hp_loss":0,"event_name":"Mysterious Sphere","floor":48,"gold_loss":0}],"is_beta":true,"boss_relics":[{"not_picked":["Velvet Choker","Coffee Dripper"],"picked":"Philosopher\u0027s Stone"},{"not_picked":["Cursed Key","Electric Blood"],"picked":"SlaversCollar"}],"items_purged_floors":[37],"is_endless":false,"potions_floor_spawned":[5,7,13,16,22,27,30,31,33,35,36,38,41,42,45,46],"ascension_level":0}}