{"host":"h0xw20cia6ppa69g","time":1610172706,"event":{"mods":["AchievementEnabler","BaseMod","Colored Map","Filter the Spire","Googly Eyes","Minty Spire (QoL Compilation)","Relic Stats","StSLib","The Awakened One except there are too many feathers","everything is the same but u backflip on backflip"],"gold_per_floor":[109,184,203,219,229,263,263,298,298,332,346,33,44,44,44,44,44],"floor_reached":16,"playtime":955,"items_purged":[],"score":128,"play_id":"6857bfc3-4b9e-427a-a1fd-b75f22de840a","local_time":"20210109001146","is_ascension_mode":true,"campfire_choices":[{"data":"Beam Cell","floor":7,"key":"SMITH"},{"data":"Sunder","floor":15,"key":"SMITH"}],"circlet_count":0,"master_deck":["Zap","Dualcast","Skim","Skim","Double Energy","Machine Learning","Consume","Sunder+1","Chaos","Thunder Strike","Rip and Tear","Coolheaded","Hologram","Beam Cell+1","FTL","Meteor Strike","Reinforced Body","Auto Shields","Capacitor","Biased Cognition","Hologram","Go for the Eyes","Self Repair","Coolheaded","Reinforced Body","Leap"],"relics":["Pandora\u0027s Box","Smiling Mask","Juzu Bracelet","MealTicket","Shuriken","Orrery","Tiny Chest"],"acts_visited":["Exordium"],"potions_floor_usage":[11],"damage_taken":[{"damage":11,"enemies":"Jaw Worm","floor":1,"turns":3},{"damage":0,"enemies":"Cultist","floor":3,"turns":4},{"damage":0,"enemies":"Small Slimes","floor":4,"turns":3},{"damage":0,"enemies":"2 Fungi Beasts","floor":5,"turns":1},{"damage":4,"enemies":"Lagavulin","floor":6,"turns":7},{"damage":29,"enemies":"3 Sentries","floor":8,"turns":8},{"damage":11,"enemies":"Lagavulin","floor":10,"turns":5},{"damage":9,"enemies":"Blue Slaver","floor":11,"turns":2},{"damage":11,"enemies":"Large Slime","floor":13,"turns":8},{"damage":22,"enemies":"Slime Boss","floor":16,"turns":6}],"seed_played":"6606116136907324182","potions_obtained":[{"floor":1,"key":"Fruit Juice"},{"floor":4,"key":"FearPotion"},{"floor":6,"key":"DuplicationPotion"},{"floor":13,"key":"PotionOfCapacity"}],"is_trial":false,"path_per_floor":["M","?","M","M","M","E","R","E","T","E","M","$","M","?","R","B"],"character_chosen":"DEFECT","items_purchased":["Orrery","Self Repair","Coolheaded","Reinforced Body"],"campfire_rested":0,"item_purchase_floors":[12,12,12,12],"current_hp_per_floor":[64,53,53,53,53,49,49,20,20,9,5,20,16,16,16,0,0],"gold":44,"neow_bonus":"BOSS_RELIC","is_daily":false,"chose_seed":false,"campfire_upgraded":2,"win_rate":0.0,"timestamp":1610172706,"path_taken":["M","?","M","M","M","E","R","E","T","E","M","$","M","?","R","BOSS"],"items_purchased_type":["Relic","Card","Card","Card"],"build_version":"2020-12-22","purchased_purges":0,"victory":false,"max_hp_per_floor":[75,75,75,75,75,75,75,75,75,75,80,80,80,80,80,80,80],"relic_stats":{"counters":[10,47],"Shuriken":[2],"Pandora\u0027s Box":["Skim","Skim","Double Energy","Machine Learning","Consume","Sunder","Chaos","Thunder Strike"],"MealTicket":15,"Tiny Chest":0,"Juzu Bracelet":0,"Smiling Mask":0,"obtain_stats":[{"Shuriken":10,"Orrery":12,"Pandora\u0027s Box":0,"MealTicket":9,"Tiny Chest":14,"Juzu Bracelet":8,"Cracked Core":0,"Smiling Mask":6},{"Shuriken":7,"Orrery":8,"Pandora\u0027s Box":0,"MealTicket":6,"Tiny Chest":9,"Juzu Bracelet":6,"Cracked Core":0,"Smiling Mask":5},{"Shuriken":31,"Orrery":33,"Pandora\u0027s Box":0,"MealTicket":26,"Tiny Chest":41,"Juzu Bracelet":26,"Cracked Core":0,"Smiling Mask":18}]},"card_choices":[{"not_picked":["Reprogram","Barrage"],"picked":"Rip and Tear","floor":1},{"not_picked":["Redo","Gash"],"picked":"Coolheaded","floor":3},{"not_picked":["Ball Lightning","Beam Cell"],"picked":"Hologram","floor":4},{"not_picked":["Scrape","Darkness"],"picked":"Beam Cell","floor":5},{"not_picked":["Ball Lightning","Aggregate"],"picked":"FTL","floor":6},{"not_picked":["Barrage","Melter"],"picked":"Meteor Strike","floor":8},{"not_picked":["Scrape","Redo","Aggregate"],"picked":"SKIP","floor":10},{"not_picked":["Conserve Battery","Stack"],"picked":"Reinforced Body","floor":11},{"not_picked":["Sunder","Sweeping Beam"],"picked":"Auto Shields","floor":12},{"not_picked":["Beam Cell","Rebound"],"picked":"Capacitor","floor":12},{"not_picked":["Redo","Rebound"],"picked":"Biased Cognition","floor":12},{"not_picked":["Sunder","Stack"],"picked":"Hologram","floor":12},{"not_picked":["Meteor Strike","Beam Cell"],"picked":"Go for the Eyes","floor":12},{"not_picked":["Reinforced Body","Hologram"],"picked":"Leap","floor":13}],"player_experience":3668918,"relics_obtained":[{"floor":6,"key":"Smiling Mask"},{"floor":8,"key":"Juzu Bracelet"},{"floor":9,"key":"MealTicket"},{"floor":10,"key":"Shuriken"}],"event_choices":[{"damage_healed":0,"gold_gain":75,"player_choice":"Gather Gold","damage_taken":11,"max_hp_gain":0,"max_hp_loss":0,"event_name":"World of Goop","floor":2,"gold_loss":0},{"damage_healed":0,"gold_gain":0,"player_choice":"Gave Potion","damage_taken":0,"relics_obtained":["Tiny Chest"],"max_hp_gain":0,"max_hp_loss":0,"event_name":"WeMeetAgain","floor":14,"gold_loss":0}],"is_beta":false,"boss_relics":[],"items_purged_floors":[],"is_endless":false,"potions_floor_spawned":[1,4,6,13],"killed_by":"Slime Boss","ascension_level":1}}