{"host":"vrsxkkch9ccrec7k","time":1610225058,"event":{"mods":["Act Like it!","BaseMod","Bestiary","Better Third Choice","Better Vampires","JesterMod","Minty Spire (QoL Compilation)","Permanent Neow","Relic Stats","Spicy Shops","StSLib"],"gold_per_floor":[210,230,241,241,66,66,76,76,123,135,167,117,147,162,162,257,257,269,194,106,126,126,126,162,176,258,289,289,289,299,309,309,412,412,427,427,444,444,464,495,64,77,77,77,96,96,147,247,247,247],"floor_reached":51,"playtime":6799,"items_purged":["jesterMod:Strike","jesterMod:Strike"],"score":777,"play_id":"bc8b2ab0-eb10-4167-b5d6-3b6e417245ec","local_time":"20210109154418","is_ascension_mode":false,"campfire_choices":[{"data":"jesterMod:Sickle","floor":6,"key":"SMITH"},{"data":"jesterMod:QuickStrike","floor":8,"key":"SMITH"},{"data":"jesterMod:Tinker","floor":15,"key":"SMITH"},{"data":"jesterMod:Illness","floor":23,"key":"SMITH"},{"floor":28,"key":"REST"},{"floor":32,"key":"REST"},{"floor":44,"key":"REST"},{"floor":46,"key":"RECALL"},{"floor":49,"key":"REST"}],"circlet_count":0,"master_deck":["jesterMod:Sickle+1","jesterMod:Defend","jesterMod:Defend","jesterMod:Defend","jesterMod:Defend","jesterMod:Dodge","jesterMod:Contradiction","jesterMod:QuickStrike+1","jesterMod:Tinker+1","jesterMod:Prankster","jesterMod:RecklessStrike+1","jesterMod:Illness+1","jesterMod:ButterflyDance","Dark Shackles","jesterMod:BoilDown+1","jesterMod:SwiftDodge+1","jesterMod:Disposophobia+1","jesterMod:Contradiction","jesterMod:TrickyDodge+1","jesterMod:Frenzy","Enlightenment+1","jesterMod:Swiftness+1","jesterMod:DancingMad+1"],"relics":["jesterMod:JesterCap","Orichalcum","Toy Ornithopter","Molten Egg 2","jesterMod:LoadedDice","MutagenicStrength","Nunchaku","Bottled Lightning","Toxic Egg 2","Busted Crown","jesterMod:MirrorMask","Orrery","Mango","Tingsha"],"acts_visited":["Exordium","TheCity","TheBeyond"],"potions_floor_usage":[10,21,33,35,37,45,47,50,50,50,50],"damage_taken":[{"damage":0,"enemies":"2 Louse","floor":1,"turns":2},{"damage":5,"enemies":"Small Slimes","floor":2,"turns":4},{"damage":1,"enemies":"Jaw Worm","floor":3,"turns":6},{"damage":14,"enemies":"Exordium Thugs","floor":7,"turns":7},{"damage":0,"enemies":"2 Fungi Beasts","floor":10,"turns":6},{"damage":19,"enemies":"Lagavulin","floor":11,"turns":7},{"damage":15,"enemies":"Gremlin Nob","floor":13,"turns":4},{"damage":1,"enemies":"Large Slime","floor":14,"turns":5},{"damage":0,"enemies":"The Guardian","floor":16,"turns":11},{"damage":1,"enemies":"Shell Parasite","floor":18,"turns":7},{"damage":0,"enemies":"3 Byrds","floor":21,"turns":7},{"damage":23,"enemies":"Book of Stabbing","floor":24,"turns":7},{"damage":4,"enemies":"3 Cultists","floor":25,"turns":4},{"damage":9,"enemies":"Gremlin Leader","floor":27,"turns":8},{"damage":6,"enemies":"Snake Plant","floor":30,"turns":5},{"damage":7,"enemies":"Centurion and Healer","floor":31,"turns":8},{"damage":33,"enemies":"Automaton","floor":33,"turns":9},{"damage":4,"enemies":"3 Shapes","floor":35,"turns":7},{"damage":29,"enemies":"3 Darklings","floor":37,"turns":7},{"damage":3,"enemies":"Spire Growth","floor":39,"turns":7},{"damage":0,"enemies":"Giant Head","floor":40,"turns":8},{"damage":1,"enemies":"Maw","floor":42,"turns":6},{"damage":14,"enemies":"3 Darklings","floor":45,"turns":5},{"damage":63,"enemies":"2 Orb Walkers","floor":47,"turns":8},{"damage":57,"enemies":"Awakened One","floor":50,"turns":18}],"seed_played":"8634862403368208181","potions_obtained":[{"floor":1,"key":"SneckoOil"},{"floor":2,"key":"Regen Potion"},{"floor":7,"key":"Weak Potion"},{"floor":13,"key":"Ancient Potion"},{"floor":25,"key":"LiquidBronze"},{"floor":30,"key":"Fire Potion"},{"floor":33,"key":"AttackPotion"},{"floor":37,"key":"DistilledChaos"},{"floor":40,"key":"Ancient Potion"},{"floor":47,"key":"ColorlessPotion"}],"is_trial":false,"path_per_floor":["M","M","M","?","$","R","M","R","T","M","E","?","E","M","R","B",null,"M","?","$","M","?","R","E","M","T","E","R","?","M","M","R","B",null,"M","?","M","?","M","E","$","M","T","R","M","R","?","?","R","B",null],"character_chosen":"THE_JESTER","items_purchased":["Dark Shackles","jesterMod:MirrorMask","Enlightenment+1","Orrery"],"campfire_rested":4,"item_purchase_floors":[20,41,41,41],"current_hp_per_floor":[70,65,64,69,69,69,55,55,55,70,51,51,36,35,35,35,75,74,74,74,75,75,75,52,48,48,39,61,61,55,48,70,42,75,75,75,51,46,43,43,43,42,56,82,73,73,15,15,41,4],"gold":247,"neow_bonus":"HUNDRED_GOLD","is_daily":false,"chose_seed":false,"campfire_upgraded":4,"win_rate":0.0,"timestamp":1610225058,"path_taken":["M","M","M","?","$","R","M","R","T","M","E","?","E","M","R","BOSS","M","?","$","M","?","R","E","M","T","E","R","?","?","M","R","BOSS","M","?","M","?","M","E","$","M","T","R","M","R","?","?","R","BOSS"],"items_purchased_type":["Card","Relic","Card","Relic"],"build_version":"2020-12-22","purchased_purges":2,"victory":true,"max_hp_per_floor":[70,70,70,75,75,75,75,75,75,75,75,75,75,75,75,75,75,75,75,75,75,75,75,75,75,75,75,75,75,75,75,75,75,75,75,75,75,75,75,75,75,75,89,89,89,89,89,89,89,89],"relic_stats":{"Nunchaku":[17],"Busted Crown":28,"counters":[25,173],"Tingsha":[157],"Orichalcum":[162],"obtain_stats":[{"jesterMod:LoadedDice":17,"Mango":43,"Tingsha":47,"jesterMod:JesterCap":0,"Orichalcum":9,"jesterMod:MirrorMask":41,"Nunchaku":24,"Busted Crown":34,"MutagenicStrength":22,"Orrery":41,"Molten Egg 2":13,"Bottled Lightning":26,"Toxic Egg 2":27,"Toy Ornithopter":11},{"jesterMod:LoadedDice":9,"Mango":22,"Tingsha":24,"jesterMod:JesterCap":0,"Orichalcum":4,"jesterMod:MirrorMask":21,"Nunchaku":12,"Busted Crown":17,"MutagenicStrength":11,"Orrery":21,"Molten Egg 2":7,"Bottled Lightning":13,"Toxic Egg 2":14,"Toy Ornithopter":6},{"jesterMod:LoadedDice":52,"Mango":142,"Tingsha":155,"jesterMod:JesterCap":0,"Orichalcum":19,"jesterMod:MirrorMask":136,"Nunchaku":73,"Busted Crown":107,"MutagenicStrength":66,"Orrery":136,"Molten Egg 2":36,"Bottled Lightning":77,"Toxic Egg 2":85,"Toy Ornithopter":32}],"Toy Ornithopter":45},"card_choices":[{"not_picked":["jesterMod:Mending","jesterMod:Anticipation"],"picked":"jesterMod:Contradiction","floor":1},{"not_picked":["jesterMod:Swiftness","jesterMod:Unleash"],"picked":"jesterMod:QuickStrike","floor":2},{"not_picked":["jesterMod:Anticipation","jesterMod:QuickStrike","jesterMod:Taunt"],"picked":"SKIP","floor":3},{"not_picked":["jesterMod:DancingMad","jesterMod:Flee","jesterMod:JackInTheBox"],"picked":"SKIP","floor":7},{"not_picked":["jesterMod:Schizophrenia","jesterMod:LightTheWick"],"picked":"jesterMod:Tinker","floor":10},{"not_picked":["jesterMod:LaughingGas","jesterMod:Feint"],"picked":"jesterMod:Prankster","floor":11},{"not_picked":["jesterMod:DancingMad","jesterMod:Flee"],"picked":"jesterMod:RecklessStrike+1","floor":13},{"not_picked":["jesterMod:Rebuff+1","jesterMod:Prankster"],"picked":"jesterMod:Illness","floor":14},{"not_picked":["jesterMod:ExperimentalTreatment","jesterMod:Juggle"],"picked":"jesterMod:ButterflyDance","floor":16},{"not_picked":["jesterMod:Swiftness+1","jesterMod:Prankster","jesterMod:Feint+1"],"picked":"SKIP","floor":18},{"not_picked":["jesterMod:Precipitation","jesterMod:SelfMockery"],"picked":"jesterMod:BoilDown+1","floor":21},{"not_picked":["jesterMod:Hide","jesterMod:Disposophobia","jesterMod:Precipitation+1"],"picked":"SKIP","floor":24},{"not_picked":["jesterMod:Feint+1","jesterMod:JugglerBlade+1"],"picked":"jesterMod:SwiftDodge+1","floor":25},{"not_picked":["jesterMod:Patience+1","jesterMod:Illness+1"],"picked":"jesterMod:Disposophobia+1","floor":27},{"not_picked":["jesterMod:Precipitation","jesterMod:JackInTheBox+1"],"picked":"jesterMod:TrickyDodge+1","floor":30},{"not_picked":["jesterMod:Hide+1","jesterMod:Anticipation+1","jesterMod:RecklessStrike+1"],"picked":"SKIP","floor":31},{"not_picked":["jesterMod:JackInTheBox+1"],"picked":"SKIP","floor":35},{"not_picked":[],"picked":"jesterMod:Frenzy","floor":37},{"not_picked":["jesterMod:Patience+1"],"picked":"SKIP","floor":39},{"not_picked":["jesterMod:FlameDance+1"],"picked":"SKIP","floor":40},{"not_picked":[],"picked":"jesterMod:Swiftness+1","floor":41},{"not_picked":["jesterMod:LightTheWick+1"],"picked":"SKIP","floor":42},{"not_picked":[],"picked":"jesterMod:DancingMad+1","floor":45}],"player_experience":1343745,"relics_obtained":[{"floor":9,"key":"Orichalcum"},{"floor":11,"key":"Toy Ornithopter"},{"floor":13,"key":"Molten Egg 2"},{"floor":24,"key":"Nunchaku"},{"floor":26,"key":"Bottled Lightning"},{"floor":27,"key":"Toxic Egg 2"},{"floor":43,"key":"Mango"},{"floor":47,"key":"Tingsha"}],"event_choices":[{"damage_healed":0,"gold_gain":0,"player_choice":"Donut","damage_taken":0,"max_hp_gain":5,"max_hp_loss":0,"event_name":"Big Fish","floor":4,"gold_loss":0},{"cards_removed":["jesterMod:Strike"],"damage_healed":0,"gold_gain":0,"player_choice":"Card Removal","damage_taken":0,"max_hp_gain":0,"max_hp_loss":0,"event_name":"The Cleric","floor":12,"gold_loss":50},{"cards_removed":["jesterMod:Strike"],"damage_healed":0,"gold_gain":0,"player_choice":"Gave Gold","damage_taken":0,"max_hp_gain":0,"max_hp_loss":0,"event_name":"Beggar","floor":19,"gold_loss":75},{"damage_healed":0,"gold_gain":0,"player_choice":"Inject Mutagens","damage_taken":0,"relics_obtained":["MutagenicStrength"],"max_hp_gain":0,"max_hp_loss":0,"event_name":"Drug Dealer","floor":22,"gold_loss":0},{"damage_healed":0,"gold_gain":0,"player_choice":"Read","damage_taken":0,"max_hp_gain":0,"max_hp_loss":0,"event_name":"The Library","floor":29,"gold_loss":0,"cards_obtained":["jesterMod:Contradiction"]},{"damage_healed":0,"gold_gain":0,"player_choice":"Ignored","damage_taken":0,"max_hp_gain":0,"max_hp_loss":0,"event_name":"Tomb of Lord Red Mask","floor":36,"gold_loss":0},{"damage_healed":0,"gold_gain":0,"player_choice":"Memory 2","damage_taken":5,"max_hp_gain":0,"max_hp_loss":0,"event_name":"SensoryStone","floor":38,"gold_loss":0},{"damage_healed":0,"gold_gain":0,"player_choice":"Fight","damage_taken":0,"max_hp_gain":0,"max_hp_loss":0,"event_name":"Mysterious Sphere","floor":47,"gold_loss":0},{"damage_healed":0,"gold_gain":100,"player_choice":"Pray","damage_taken":0,"max_hp_gain":0,"max_hp_loss":0,"event_name":"Golden Shrine","floor":48,"gold_loss":0}],"is_beta":false,"boss_relics":[{"not_picked":["Runic Dome","Astrolabe"],"picked":"jesterMod:LoadedDice"},{"not_picked":["Philosopher\u0027s Stone","Pandora\u0027s Box"],"picked":"Busted Crown"}],"items_purged_floors":[5,5],"is_endless":false,"potions_floor_spawned":[1,2,7,13,25,30,33,37,40,47],"ascension_level":0}}