{"host":"gqcohn9v5baj3dmw","time":1610163302,"event":{"mods":["BaseMod","Better Note","Better Sensory Stone","Better Skull","Colored Map","Downfall","Marked Mod","Minty Spire (QoL Compilation)","Rare Cards Sparkle","Relic Stats","StSLib"],"gold_per_floor":[99,114,114,130,130,142,196,33,33,61,71,84,102,112,127,228,228,228,228,228,228,37,37,37,37,37,37,37,22,22,22,22,22,22,22,22,22,22,22,22,22,22,22,22,22,22,22,22,22,22],"floor_reached":51,"playtime":3506,"items_purged":["champ:Strike","champ:DefensiveShout"],"score":713,"play_id":"a78149b6-5e37-4086-b54a-7c3123630566","local_time":"20210109043502","is_ascension_mode":true,"campfire_choices":[{"data":"champ:Defend","floor":1,"key":"SMITH"},{"data":"champ:FanOfKnives","floor":9,"key":"SMITH"},{"data":"champ:PreciseThrust","floor":18,"key":"SMITH"},{"data":"champ:Aggression","floor":27,"key":"SMITH"},{"floor":30,"key":"REST"},{"data":"champ:CheapShot","floor":35,"key":"SMITH"},{"data":"champ:SteelEdge","floor":40,"key":"SMITH"},{"data":"champ:StrikeOfGenius","floor":44,"key":"SMITH"},{"data":"champ:GladiatorsShout","floor":46,"key":"SMITH"}],"circlet_count":0,"master_deck":["champ:Strike","champ:Strike","champ:Strike","champ:Defend","champ:Defend","champ:Defend+1","champ:Execute","champ:Taunt+1","champ:GladiatorsShout+1","Flash of Steel","champ:TornadoPunch","champ:CheapShot+1","champ:FlashCut","champ:FanOfKnives+1","champ:PreciseThrust+1","champ:Aggression+1","champ:Haymaker","champ:PreciseThrust","champ:IronFortress","champ:SteelEdge+1","champ:Balance+1","champ:AdrenalArmor+1","champ:ViciousMockery+1","champ:StanceDance+1","champ:Devastate","champ:CheapShot","champ:RisingSlash+1","champ:BladeFlurry+1","champ:StrikeOfGenius+1","Parasite","champ:BringItOn"],"relics":["champ:ChampionCrown","Happy Flower","Ornamental Fan","downfall:Hecktoplasm","Blue Candle","Pear","MutagenicStrength","Sozu","Boot","Akabeko"],"acts_visited":["Exordium","TheCity","TheBeyond"],"potions_floor_usage":[14,16,16,23,25,39],"damage_taken":[{"damage":5,"enemies":"Jaw Worm","floor":2,"turns":5},{"damage":5,"enemies":"Small Slimes","floor":4,"turns":3},{"damage":0,"enemies":"2 Louse","floor":6,"turns":2},{"damage":5,"enemies":"downfall:FleeingMerchant","floor":8,"turns":5},{"damage":28,"enemies":"3 Sentries","floor":10,"turns":5},{"damage":10,"enemies":"Gremlin Gang","floor":11,"turns":3},{"damage":0,"enemies":"Lots of Slimes","floor":12,"turns":1},{"damage":0,"enemies":"2 Fungi Beasts","floor":13,"turns":2},{"damage":12,"enemies":"Exordium Thugs","floor":14,"turns":2},{"damage":5,"enemies":"Large Slime","floor":15,"turns":4},{"damage":40,"enemies":"downfall:Silent","floor":16,"turns":15},{"damage":10,"enemies":"Shell Parasite","floor":19,"turns":5},{"damage":8,"enemies":"3 Byrds","floor":20,"turns":4},{"damage":0,"enemies":"3 Cultists","floor":21,"turns":4},{"damage":0,"enemies":"downfall:FleeingMerchant","floor":22,"turns":5},{"damage":21,"enemies":"Snecko","floor":23,"turns":6},{"damage":6,"enemies":"Slavers","floor":25,"turns":4},{"damage":7,"enemies":"downfall:Augmenter","floor":26,"turns":7},{"damage":23,"enemies":"Centurion and Healer","floor":28,"turns":6},{"damage":12,"enemies":"downfall:FleeingMerchant","floor":29,"turns":5},{"damage":3,"enemies":"Sentry and Sphere","floor":32,"turns":3},{"damage":16,"enemies":"downfall:Defect","floor":33,"turns":9},{"damage":3,"enemies":"downfall:FleeingMerchant","floor":37,"turns":4},{"damage":0,"enemies":"Orb Walker","floor":38,"turns":4},{"damage":17,"enemies":"3 Darklings","floor":39,"turns":5},{"damage":15,"enemies":"Jaw Worm Horde","floor":42,"turns":3},{"damage":32,"enemies":"Giant Head","floor":43,"turns":9},{"damage":13,"enemies":"Writhing Mass","floor":45,"turns":5},{"damage":15,"enemies":"3 Darklings","floor":48,"turns":2},{"damage":11,"enemies":"Spire Growth","floor":49,"turns":4},{"damage":33,"enemies":"downfall:Ironclad","floor":50,"turns":11}],"seed_played":"-3520303372624092053","potions_obtained":[{"floor":6,"key":"Guardian:BlockOnCardUsePotion"},{"floor":10,"key":"Fire Potion"},{"floor":12,"key":"Weak Potion"},{"floor":23,"key":"Strength Potion"},{"floor":25,"key":"SneckoOil"},{"floor":26,"key":"SpeedPotion"},{"floor":28,"key":"Weak Potion"}],"is_trial":false,"path_per_floor":["R","M","?","M","?","M","T","$","R","E","M","M","M","M","M","B",null,"R","M","M","M","$","M","T","E","?","R","M","$","R","?","M","B",null,"R","?","$","M","M","R","T","M","E","R","M","R","?","M","M","B",null],"character_chosen":"THE_CHAMP","items_purchased":["champ:FlashCut","champ:FanOfKnives","LiquidMemories"],"campfire_rested":1,"item_purchase_floors":[8,8,22],"current_hp_per_floor":[90,90,90,90,90,90,90,90,90,67,57,57,57,48,46,12,90,90,88,83,83,83,69,69,77,74,74,54,54,84,84,84,74,100,100,99,99,99,90,90,90,75,71,71,71,71,71,56,50,30],"gold":22,"neow_bonus":"UPGRADE_CARD","is_daily":false,"chose_seed":false,"campfire_upgraded":8,"win_rate":0.0,"timestamp":1610163302,"path_taken":["R","M","?","M","?","M","T","$","R","E","M","M","?","M","M","BOSS","R","M","M","?","$","M","T","E","?","R","M","?","R","?","M","BOSS","R","?","$","?","M","R","T","M","E","R","M","R","?","M","M","BOSS"],"items_purchased_type":["Card","Card","Potion"],"build_version":"2020-12-22","purchased_purges":2,"victory":true,"max_hp_per_floor":[90,90,90,90,90,90,90,90,90,90,90,90,90,90,90,90,90,90,90,90,90,90,90,90,100,100,100,100,100,100,100,100,100,100,100,100,100,100,100,100,100,100,100,100,100,100,100,100,100,100],"relic_stats":{"Sozu":3,"Happy Flower":[47],"counters":[31,152],"Ornamental Fan":[348],"Blue Candle":[1],"Boot":[29],"obtain_stats":[{"Sozu":34,"Pear":25,"Happy Flower":7,"Ornamental Fan":10,"Blue Candle":24,"MutagenicStrength":26,"champ:ChampionCrown":0,"downfall:Hecktoplasm":17,"Boot":41,"Akabeko":43},{"Sozu":22,"Pear":17,"Happy Flower":3,"Ornamental Fan":5,"Blue Candle":16,"MutagenicStrength":18,"champ:ChampionCrown":0,"downfall:Hecktoplasm":11,"Boot":25,"Akabeko":27},{"Sozu":105,"Pear":75,"Happy Flower":10,"Ornamental Fan":20,"Blue Candle":71,"MutagenicStrength":82,"champ:ChampionCrown":0,"downfall:Hecktoplasm":47,"Boot":118,"Akabeko":130}]},"card_choices":[{"not_picked":["champ:Backstep","champ:StanceDance"],"picked":"champ:GladiatorsShout","floor":2},{"not_picked":["Swift Strike","Impatience"],"picked":"Flash of Steel","floor":3},{"not_picked":["champ:Haymaker","champ:Backstep"],"picked":"champ:TornadoPunch","floor":4},{"not_picked":["champ:TornadoPunch","champ:Circumvent"],"picked":"champ:CheapShot","floor":6},{"not_picked":["champ:BerserkersShout","champ:TornadoPunch"],"picked":"champ:FanOfKnives","floor":8},{"not_picked":["champ:DefensiveStyle","champ:FightOn"],"picked":"champ:DefensiveShout","floor":10},{"not_picked":["champ:FlashCut","champ:Backstep"],"picked":"champ:PreciseThrust","floor":11},{"not_picked":["champ:HeartStrike","champ:FanOfKnives"],"picked":"champ:Aggression","floor":12},{"not_picked":["champ:BringItOn","champ:FocusedGladiator"],"picked":"champ:Haymaker","floor":13},{"not_picked":["champ:PreciseThrust","champ:RapidStrikes","champ:RecklessLeap"],"picked":"SKIP","floor":14},{"not_picked":["champ:RapidStrikes","champ:RecklessLeap"],"picked":"champ:PreciseThrust","floor":14},{"not_picked":["champ:PreciseThrust","champ:Balance"],"picked":"champ:IronFortress","floor":15},{"not_picked":["champ:SwordThrow","champ:MurderStrike"],"picked":"champ:SteelEdge","floor":16},{"not_picked":["champ:CalledShot","champ:CrookedStrike"],"picked":"champ:Balance+1","floor":19},{"not_picked":["champ:EndlessRage","champ:Circumvent"],"picked":"champ:AdrenalArmor+1","floor":20},{"not_picked":["champ:FocusedDefense","champ:CrookedStrike","champ:AdrenalArmor"],"picked":"SKIP","floor":21},{"not_picked":["champ:FalseCounter","champ:Haymaker+1"],"picked":"champ:ViciousMockery+1","floor":22},{"not_picked":["champ:BerserkersShout","champ:TornadoPunch"],"picked":"champ:StanceDance+1","floor":23},{"not_picked":["champ:GutPunch","champ:GladiatorsShout","champ:IronFortress"],"picked":"SKIP","floor":25},{"not_picked":["champ:ViciousMockery","champ:Lariat","champ:RapidStrikes"],"picked":"SKIP","floor":28},{"not_picked":["champ:StanceDance+1","champ:FocusedGladiator+1","champ:DefensiveStyle"],"picked":"SKIP","floor":29},{"not_picked":["champ:ShieldWall+1","champ:TornadoPunch","champ:GutPunch"],"picked":"SKIP","floor":32},{"not_picked":["champ:PerfectForm","champ:VampiricStrike"],"picked":"champ:CheapShot","floor":33},{"not_picked":["champ:FanOfKnives+1","champ:Riposte","champ:DefensiveShout"],"picked":"SKIP","floor":37},{"not_picked":["champ:HeartStrike","champ:FanOfKnives+1"],"picked":"champ:RisingSlash+1","floor":38},{"not_picked":["champ:StanceDance+1","champ:ArenaPreparation"],"picked":"champ:BladeFlurry+1","floor":39},{"not_picked":["champ:AdrenalArmor","champ:Haymaker"],"picked":"champ:StrikeOfGenius","floor":42},{"not_picked":["champ:Aggression","champ:FlashCut+1","champ:Haymaker+1"],"picked":"SKIP","floor":43},{"not_picked":["champ:Lariat+1","champ:CalledShot+1","champ:TornadoPunch"],"picked":"SKIP","floor":45},{"not_picked":["champ:PreciseThrust","champ:Circumvent"],"picked":"champ:BringItOn","floor":48},{"not_picked":["champ:CalledShot","champ:ArenaPreparation","champ:StanceDance"],"picked":"SKIP","floor":49}],"player_experience":476753,"relics_obtained":[{"floor":7,"key":"Happy Flower"},{"floor":10,"key":"Ornamental Fan"},{"floor":24,"key":"Blue Candle"},{"floor":25,"key":"Pear"},{"floor":26,"key":"MutagenicStrength"},{"floor":41,"key":"Boot"},{"floor":43,"key":"Akabeko"}],"event_choices":[{"damage_healed":0,"gold_gain":1,"player_choice":"1","damage_taken":0,"max_hp_gain":0,"max_hp_loss":0,"event_name":"betterStone:BetterStone","floor":3,"gold_loss":0},{"cards_removed":["champ:Defend"],"damage_healed":0,"gold_gain":0,"player_choice":"Purged","damage_taken":0,"max_hp_gain":0,"max_hp_loss":0,"event_name":"Purifier","floor":5,"gold_loss":0},{"damage_healed":0,"gold_gain":0,"player_choice":"","damage_taken":1,"relics_obtained":[],"max_hp_gain":0,"max_hp_loss":0,"event_name":"betterSkull:BetterSkull","floor":36,"gold_loss":0,"cards_upgraded":[]}],"is_beta":false,"boss_relics":[{"not_picked":["Astrolabe","Coffee Dripper"],"picked":"downfall:Hecktoplasm"},{"not_picked":["Black Star","Empty Cage"],"picked":"Sozu"}],"items_purged_floors":[8,22],"is_endless":false,"potions_floor_spawned":[6,10,12,13,23,25,26,28,32,33,39,42,43],"ascension_level":1}}