{"host":"sav7uxregyirlf69","time":1610203719,"event":{"mods":["AchievementEnabler","BaseMod","Colored Map","DeckTracker","Keyboard Shortcuts","Minty Spire (QoL Compilation)","READ ME - Guardian Mod","StSLib","SuperFastMode"],"gold_per_floor":[363,374,374,374,87,97,97,107,107,19,53,53,53,66,66,66,66],"floor_reached":16,"playtime":401,"items_purged":["Pain"],"score":200,"play_id":"3b9ba0a5-f284-4af4-b3e4-3bbbef329f38","local_time":"20210109234839","is_ascension_mode":true,"campfire_choices":[{"data":"Concentrate","floor":7,"key":"SMITH"},{"floor":13,"key":"REST"},{"data":"Reflex","floor":15,"key":"SMITH"}],"circlet_count":0,"master_deck":["AscendersBane","Strike_G","Strike_G","Strike_G","Strike_G","Defend_G","Defend_G","Defend_G","Defend_G","Defend_G","Survivor","Neutralize","Reflex+1","Acrobatics","Concentrate+1","PiercingWail"],"relics":["Ring of the Snake","WarpedTongs","Art of War","Tiny Chest","Question Card","Pear"],"acts_visited":["Exordium"],"potions_floor_usage":[11,11],"damage_taken":[{"damage":4,"enemies":"Small Slimes","floor":1,"turns":4},{"damage":3,"enemies":"Cultist","floor":2,"turns":4},{"damage":0,"enemies":"2 Louse","floor":6,"turns":4},{"damage":15,"enemies":"Exordium Thugs","floor":8,"turns":10},{"damage":9,"enemies":"Lagavulin","floor":11,"turns":8},{"damage":7,"enemies":"2 Fungi Beasts","floor":14,"turns":4},{"damage":31,"enemies":"Hexaghost","floor":16,"turns":12}],"seed_played":"-5488762200127220892","potions_obtained":[{"floor":2,"key":"Poison Potion"},{"floor":14,"key":"DistilledChaos"}],"is_trial":false,"path_per_floor":["M","M","?","?","$","M","R","M","T","?","E","$","R","M","R","B"],"character_chosen":"THE_SILENT","items_purchased":["Art of War","PowerPotion"],"campfire_rested":1,"item_purchase_floors":[5,5],"current_hp_per_floor":[40,37,30,30,30,30,30,15,15,15,16,16,38,31,31,0,0],"gold":66,"neow_bonus":"TWO_FIFTY_GOLD","is_daily":false,"chose_seed":false,"campfire_upgraded":2,"win_rate":0.0,"timestamp":1610203719,"path_taken":["M","M","?","?","$","?","R","M","T","?","E","$","R","M","R","BOSS"],"items_purchased_type":["Relic","Potion"],"build_version":"2020-12-22","purchased_purges":1,"victory":false,"max_hp_per_floor":[66,66,66,66,66,66,66,66,66,66,76,76,76,76,76,76,76],"card_choices":[{"not_picked":["Dagger Spray","Acrobatics"],"picked":"Reflex","floor":1},{"not_picked":["Dagger Spray","Poisoned Stab"],"picked":"Acrobatics","floor":2},{"not_picked":["Bane","Skewer"],"picked":"Concentrate","floor":6},{"not_picked":["Terror","Predator","Finisher"],"picked":"SKIP","floor":8},{"not_picked":["Heel Hook","Masterful Stab","Dodge and Roll","Blade Dance"],"picked":"SKIP","floor":11},{"not_picked":["Storm of Steel","Backflip","Footwork"],"picked":"PiercingWail","floor":14}],"player_experience":1217232,"relics_obtained":[{"floor":9,"key":"Tiny Chest"},{"floor":11,"key":"Pear"}],"event_choices":[{"cards_removed":["Strike_G"],"damage_healed":0,"gold_gain":0,"player_choice":"Card Removal","damage_taken":7,"max_hp_gain":0,"max_hp_loss":0,"event_name":"Golden Wing","floor":3,"gold_loss":0},{"damage_healed":0,"gold_gain":0,"player_choice":"Rummage","damage_taken":0,"relics_obtained":["WarpedTongs"],"max_hp_gain":0,"max_hp_loss":0,"event_name":"Accursed Blacksmith","floor":4,"gold_loss":0,"cards_obtained":["Pain"]},{"damage_healed":0,"gold_gain":0,"player_choice":"Paid Gold","damage_taken":0,"relics_obtained":["Question Card"],"max_hp_gain":0,"max_hp_loss":0,"event_name":"WeMeetAgain","floor":10,"gold_loss":88}],"is_beta":false,"boss_relics":[],"items_purged_floors":[5],"is_endless":false,"potions_floor_spawned":[2,14],"killed_by":"Hexaghost","ascension_level":20}}