{"host":"k4t1rqzyfa1bjnq8","time":1610201581,"event":{"mods":["BaseMod","Colored Powertips","Downfall","Minty Spire (QoL Compilation)","StSLib","The Cursed","The Jungle","The Servant 0.9.4"],"gold_per_floor":[117,127,127,138,154,180,180,199,199,211,245,54,87,117,117,219,219,235,253,272,291,310,310,339,351,351],"floor_reached":25,"playtime":7762,"items_purged":[],"score":286,"play_id":"7b12680f-abff-44f4-892a-fa71d3cc6c5b","local_time":"20210109161301","is_ascension_mode":true,"campfire_choices":[{"floor":7,"key":"REST"},{"floor":15,"key":"REST"},{"floor":23,"key":"REST"}],"circlet_count":0,"master_deck":["TheCursedMod:Strike_TheCursed","TheCursedMod:Strike_TheCursed","TheCursedMod:Defend_TheCursed+1","TheCursedMod:Defend_TheCursed+1","TheCursedMod:Defend_TheCursed","TheCursedMod:CursedWand","TheCursedMod:CleanUpWorkshop","TheCursedMod:Dregs","TheCursedMod:CircleOfFlame","TheCursedMod:WearCloak","TheCursedMod:StingEye","TheCursedMod:SpitefulStrike","TheCursedMod:CursedBoomerang","TheCursedMod:SpreadPlague","TheCursedMod:CircleOfCorruption","TheCursedMod:Wield","TheCursedMod:ShockAndAwe","TheCursedMod:TroublousMinions","TheCursedMod:Evocation","TheCursedMod:LuckyCharm","TheCursedMod:CollectTribute","TheCursedMod:CircleOfBlood+1","TheCursedMod:ParallelWorld+1","TheCursedMod:FleshFromBone+1","TheCursedMod:AshesToAshes+1","TheCursedMod:ReleasedStrength","TheCursedMod:AbyssShockwave","TheCursedMod:CircleOfAbyss","TheCursedMod:CursedSpellbook","TheCursedMod:CircleOfAbyss"],"relics":["TheCursedMod:BlackMagic101","War Paint","Mercury Hourglass","Ornamental Fan","StrikeDummy","Bottled Lightning","Odd Mushroom","Astrolabe","MawBank"],"acts_visited":["Exordium","TheCity"],"potions_floor_usage":[6,16,18,24,25],"damage_taken":[{"damage":2,"enemies":"Small Slimes","floor":1,"turns":5},{"damage":0,"enemies":"2 Louse","floor":2,"turns":2},{"damage":0,"enemies":"Jaw Worm","floor":4,"turns":3},{"damage":0,"enemies":"Looter","floor":5,"turns":3},{"damage":39,"enemies":"Gremlin Nob","floor":6,"turns":5},{"damage":6,"enemies":"Exordium Wildlife","floor":8,"turns":3},{"damage":2,"enemies":"Large Slime","floor":10,"turns":4},{"damage":21,"enemies":"Lagavulin","floor":11,"turns":5},{"damage":3,"enemies":"3 Sentries","floor":13,"turns":4},{"damage":7,"enemies":"The Mushroom Lair","floor":14,"turns":2},{"damage":6,"enemies":"Hexaghost","floor":16,"turns":9},{"damage":12,"enemies":"2 Thieves","floor":18,"turns":3},{"damage":14,"enemies":"Spheric Guardian","floor":19,"turns":5},{"damage":14,"enemies":"Centurion and Healer","floor":20,"turns":5},{"damage":17,"enemies":"Cultist and Chosen","floor":21,"turns":7},{"damage":17,"enemies":"Shelled Parasite and Fungi","floor":22,"turns":7},{"damage":44,"enemies":"Slavers","floor":24,"turns":4},{"damage":24,"enemies":"Masked Bandits","floor":25,"turns":3}],"seed_played":"935784714553505096","potions_obtained":[{"floor":2,"key":"DistilledChaos"},{"floor":5,"key":"PowerPotion"},{"floor":11,"key":"Explosive Potion"},{"floor":13,"key":"PowerPotion"},{"floor":19,"key":"LiquidMemories"},{"floor":22,"key":"FearPotion"}],"is_trial":false,"path_per_floor":["M","M","?","M","M","E","R","M","T","M","E","$","E","?","R","B",null,"M","M","M","M","M","R","E","?"],"character_chosen":"THE_CURSED","items_purchased":["TheCursedMod:ShockAndAwe","TheCursedMod:TroublousMinions"],"campfire_rested":3,"item_purchase_floors":[12,12],"current_hp_per_floor":[80,80,68,68,68,29,53,47,47,45,24,24,21,14,38,32,82,74,64,50,33,24,48,12,0,0],"gold":351,"neow_bonus":"TEN_PERCENT_HP_BONUS","is_daily":false,"chose_seed":false,"campfire_upgraded":0,"win_rate":0.0,"timestamp":1610201581,"path_taken":["M","M","?","M","M","E","R","M","T","M","E","$","E","?","R","BOSS","M","M","M","M","M","R","E","?"],"items_purchased_type":["Card","Card"],"build_version":"2020-12-22","purchased_purges":0,"victory":false,"max_hp_per_floor":[82,82,82,82,82,82,82,82,82,82,82,82,82,82,82,82,82,82,82,82,82,82,82,82,82,82],"card_choices":[{"not_picked":["TheCursedMod:Wield","TheCursedMod:RapidMovement"],"picked":"TheCursedMod:CircleOfFlame","floor":1},{"not_picked":["TheCursedMod:CircleOfFlame","TheCursedMod:CursedShiv"],"picked":"TheCursedMod:WearCloak","floor":2},{"not_picked":["TheCursedMod:CursedMace","TheCursedMod:Stigma"],"picked":"TheCursedMod:StingEye","floor":4},{"not_picked":["TheCursedMod:WearCloak","TheCursedMod:ManaCirculation"],"picked":"TheCursedMod:SpitefulStrike","floor":5},{"not_picked":["TheCursedMod:FleshFromBone","TheCursedMod:PrepareRite"],"picked":"TheCursedMod:CursedBoomerang","floor":6},{"not_picked":["TheCursedMod:RapidMovement","TheCursedMod:StingEye"],"picked":"TheCursedMod:SpreadPlague","floor":8},{"not_picked":["TheCursedMod:CursedBlade","TheCursedMod:FleshFromBone"],"picked":"TheCursedMod:CircleOfCorruption","floor":10},{"not_picked":["TheCursedMod:Evocation","TheCursedMod:VitalStrike"],"picked":"TheCursedMod:Wield","floor":11},{"not_picked":["TheCursedMod:Wield","TheCursedMod:CursedMace"],"picked":"TheCursedMod:Evocation","floor":13},{"not_picked":["TheCursedMod:TroublousMinions","TheCursedMod:DoubleShield"],"picked":"TheCursedMod:LuckyCharm","floor":14},{"not_picked":["TheCursedMod:ManaCirculation","TheCursedMod:DemonSword"],"picked":"TheCursedMod:CollectTribute","floor":16},{"not_picked":["TheCursedMod:CursedShiv","TheCursedMod:SmokeScreen"],"picked":"TheCursedMod:AshesToAshes+1","floor":18},{"not_picked":["TheCursedMod:RapidMovement+1","TheCursedMod:HellsGateOpen"],"picked":"TheCursedMod:ReleasedStrength","floor":19},{"not_picked":["TheCursedMod:Mangle","TheCursedMod:FuryStrike+1"],"picked":"TheCursedMod:AbyssShockwave","floor":20},{"not_picked":["TheCursedMod:Stigma","TheCursedMod:AbyssShockwave"],"picked":"TheCursedMod:CircleOfAbyss","floor":21},{"not_picked":["TheCursedMod:Wield","TheCursedMod:SpitefulPlan"],"picked":"TheCursedMod:CursedSpellbook","floor":22},{"not_picked":["TheCursedMod:SurpriseAttack","TheCursedMod:Obscuration"],"picked":"TheCursedMod:CircleOfAbyss","floor":24}],"player_experience":1085425,"relics_obtained":[{"floor":6,"key":"Mercury Hourglass"},{"floor":9,"key":"Ornamental Fan"},{"floor":11,"key":"StrikeDummy"},{"floor":13,"key":"Bottled Lightning"},{"floor":14,"key":"Odd Mushroom"},{"floor":24,"key":"MawBank"}],"event_choices":[{"damage_healed":0,"gold_gain":0,"player_choice":"Success","damage_taken":12,"relics_obtained":["War Paint"],"max_hp_gain":0,"max_hp_loss":0,"event_name":"Scrap Ooze","floor":3,"gold_loss":0},{"damage_healed":0,"gold_gain":0,"player_choice":"Fought Mushrooms","damage_taken":0,"max_hp_gain":0,"max_hp_loss":0,"event_name":"Mushrooms","floor":14,"gold_loss":0},{"damage_healed":0,"gold_gain":0,"player_choice":"Fought Bandits","damage_taken":0,"max_hp_gain":0,"max_hp_loss":0,"event_name":"Masked Bandits","floor":25,"gold_loss":0}],"is_beta":false,"boss_relics":[{"not_picked":["Snecko Eye","Velvet Choker"],"picked":"Astrolabe"}],"items_purged_floors":[],"is_endless":false,"potions_floor_spawned":[2,5,11,13,19,22],"killed_by":"Masked Bandits","ascension_level":1}}