{"host":"oeh4wb93hhtrshvk","time":1610218094,"event":{"mods":["2.2 Compatiblity","AchievementEnabler","Act Like it!","Aspiration","BaseMod","Better Skull","Better Third Choice","Block Reminder","Card Filter","Colored Powertips","Conspire","Curses Come First","Dark Map","Defuse TimeMaze Blight","Displayed Cursed Tome","Downfall","Energized Spire","Fox Events","GifTheSpireLib","Hermit","Hubris","Infinite Spire","Marisa????????","Minty Spire (QoL Compilation)","Pale of the Ancients","Poor People Problems","Quick Restart","Rare Cards Sparkle","Relic Filter","Replay The Spire","Shop Mod","Spicy Shops","StSLib","The Blue Laboratory","The Cursed","The Disciple","Transform Curses","Wandering Minibosses","vexMod"],"gold_per_floor":[111,186,161,174,174,210,230,230,230,3,43,96,117,133,133,256,256,279,279,293,25,70,70,108,108,108,108,108,139,139,179,179,317,317,360,360,138,507,30,82,82,190,190,190,190,190,42,89,89,188,302,569,609,108,108,243,243,98,98,637],"floor_reached":61,"playtime":2294,"items_purged":["Injury","hermit:Strike_Hermit","hermit:Strike_Hermit","hermit:Strike_Hermit","hermit:Gambit+1"],"score":1791,"play_id":"6e01b589-c7ba-4ad7-a123-ec90c732caa8","local_time":"20210109194814","daily_mods":["Heirloom","DeadlyEvents"],"is_ascension_mode":false,"campfire_choices":[{"data":"hermit:Gambit","floor":8.0,"key":"SMITH"},{"data":"hermit:Headshot","floor":8.0,"key":"SMITH"},{"floor":15.0,"key":"DIG"},{"data":"hermit:Magnum+1","floor":23.0,"key":"SMITH"},{"data":"hermit:Scavenge","floor":23.0,"key":"SMITH"},{"data":"hermit:Scavenge+1","floor":25.0,"key":"SMITH"},{"data":"hermit:Scavenge+2","floor":25.0,"key":"SMITH"},{"data":"hermit:Scavenge+3","floor":27.0,"key":"SMITH"},{"data":"hermit:Scavenge+4","floor":27.0,"key":"SMITH"},{"data":"hermit:Scavenge+5","floor":30,"key":"SMITH"},{"data":"hermit:Scavenge+6","floor":30,"key":"SMITH"},{"data":"hermit:EyeOfTheStorm","floor":32,"key":"SMITH"},{"data":"hermit:Magnum+2","floor":32,"key":"SMITH"},{"data":"Robbery","floor":41,"key":"SMITH"},{"data":"Robbery+1","floor":41,"key":"SMITH"},{"data":"Robbery+2","floor":44,"key":"SMITH"},{"data":"Robbery+3","floor":44,"key":"SMITH"},{"data":"Robbery+4","floor":46,"key":"SMITH"},{"data":"Robbery+5","floor":46,"key":"SMITH"},{"data":"Robbery+6","floor":55,"key":"SMITH"},{"data":"Robbery+7","floor":55,"key":"SMITH"},{"data":"Robbery+8","floor":57,"key":"SMITH"},{"data":"Robbery+9","floor":57,"key":"SMITH"}],"circlet_count":0,"master_deck":["hermit:Strike_Hermit","hermit:Defend_Hermit","hermit:Defend_Hermit","hermit:Defend_Hermit","hermit:Defend_Hermit","hermit:Snapshot","hermit:Covet","hermit:Headshot+1","hermit:Headshot+1","hermit:Magnum+3","hermit:Scavenge+7","Panache","hermit:EyeOfTheStorm+1","infinitespire:Collect","Master of Strategy","Robbery+10","infinitespire:Gouge"],"relics":["hermit:Momento","Replay:Arrowhead","Golden Idol","aspiration:AnachronicSnailShell","conspire:InfiniteJournal","Replay:Wax Seal","aspiration:Nostalgia","Ring of the Snake","Singing Bowl","infinitespire:Lucky Rock","Replay:Ringing Soul","aspiration:MarisaSkillbook","infinitespire:FocusingShard","Centennial Puzzle","ReplayFunnel","vexMod:Cooldron","vexMod:BarristanHead","aspiration:Lifesprig","ReplayTheSpireMod:ShopPack","Old Coin","conspire:TreasureMap","infinitespire:WardingShard","Replay:Mystery Machine","Ancient Tea Set","hermit:RedScarf","Anchor","Pen Nib","conspire:SpecialSausage","Lantern","paleoftheancients:Timepiece","Oddly Smooth Stone","Ice Cream","Gremlin Horn","paleoftheancients:SoulOfTheWatcher","wanderingMiniBosses:Inkheart","Akabeko","vexMod:TimeEaterHat","Pen Nib","Bag of Preparation","hubris:TenFootPole"],"acts_visited":["Exordium","TheCity","TheBeyond","paleoftheancients:PaleOfTheAncients"],"potions_floor_usage":[42,42,42,51,51,51,51,51,51],"damage_taken":[{"damage":6.0,"enemies":"Jaw Worm","floor":1.0,"turns":3.0},{"damage":2.0,"enemies":"Small Slimes","floor":4.0,"turns":3.0},{"damage":14.0,"enemies":"Gremlin Nob","floor":6.0,"turns":4.0},{"damage":0.0,"enemies":"2 Louse","floor":7.0,"turns":2.0},{"damage":16.0,"enemies":"Lagavulin","floor":11.0,"turns":7.0},{"damage":6.0,"enemies":"Large Slime","floor":13.0,"turns":3.0},{"damage":2.0,"enemies":"Gremlin Gang","floor":14.0,"turns":6.0},{"damage":0.0,"enemies":"Slime Boss","floor":16.0,"turns":3.0},{"damage":5.0,"enemies":"Chosen","floor":18.0,"turns":3.0},{"damage":39.0,"enemies":"conspire:FuzzyDice","floor":20.0,"turns":5.0},{"damage":6.0,"enemies":"Replay:Snechameleon","floor":22.0,"turns":5.0},{"damage":0.0,"enemies":"conspire:Head Lice","floor":24.0,"turns":4.0},{"damage":0,"enemies":"Shelled Parasite and Fungi","floor":29,"turns":2},{"damage":0,"enemies":"conspire:SneckoGhost","floor":31,"turns":3},{"damage":2,"enemies":"conspire:MysteriousRune","floor":33,"turns":3},{"damage":5,"enemies":"3 Darklings","floor":35,"turns":4},{"damage":4,"enemies":"2 Orb Walkers","floor":38,"turns":3},{"damage":0,"enemies":"Giant Head","floor":40,"turns":4},{"damage":1,"enemies":"Reptomancer","floor":42,"turns":3},{"damage":0,"enemies":"Orb Walker","floor":48,"turns":2},{"damage":0,"enemies":"hubris:GrandSnecko","floor":50,"turns":2},{"damage":87,"enemies":"hubris:GrandSnecko","floor":51,"turns":5},{"damage":0,"enemies":"hubris:GrandSnecko","floor":52,"turns":2},{"damage":0,"enemies":"conspire:MimicChest","floor":53,"turns":1},{"damage":0,"enemies":"conspire:MimicChest","floor":56,"turns":2},{"damage":0,"enemies":"paleoftheancients:N","floor":60,"turns":2}],"seed_played":"3516671443200699768","potions_obtained":[{"floor":4.0,"key":"blueLaboratory:SavagePotion"},{"floor":11.0,"key":"Energy Potion"},{"floor":14.0,"key":"blueLaboratory:HorrorPotion"},{"floor":22.0,"key":"blueLaboratory:BottledHope"},{"floor":24.0,"key":"PowerPotion"},{"floor":31,"key":"EntropicBrew"},{"floor":38,"key":"EntropicBrew"},{"floor":48,"key":"EntropicBrew"},{"floor":51,"key":"EntropicBrew"}],"is_trial":true,"path_per_floor":["M","?","?","M","?","E","M","R","T","$","E","T","M","M","R","B",null,"M","?","M","$","E","R","E","R","T","R","AVR","M","R","E","R","B",null,"M","?","$","?","$","E","R","E","T","R","AVR","R","$","M","R","B","M","M","?","$","R","M","R","$","?","B",null],"character_chosen":"HERMIT","items_purchased":["Replay:Wax Seal","aspiration:Nostalgia","Panache","aspiration:Lifesprig","ReplayTheSpireMod:ShopPack","conspire:TreasureMap","infinitespire:WardingShard","Replay:Mystery Machine","Lantern","vexMod:TimeEaterHat","Pen Nib","Bag of Preparation","hubris:TenFootPole"],"campfire_rested":0,"item_purchase_floors":[10,10,21,37,37,39,39,39,47,54,54,54,58],"current_hp_per_floor":[69,69,69,67,67,53,53,53,53,53,39,39,35,33,33,36,82,79,79,43,46,43,43,45,45,45,45,48,50,50,52,52,52,104,101,101,108,107,107,109,109,110,110,110,113,113,113,115,125,125,84,108,121,121,121,128,128,128,128,131],"gold":637,"neow_bonus":"","is_daily":false,"chose_seed":false,"campfire_upgraded":22,"win_rate":0.0,"timestamp":1610218094,"path_taken":["M","?","?","M","?","E","?","R","T","$","?","?","M","M","R","BOSS","M","?","M","$","?","R","E","R","T","R","AVR","?","R","E","R","BOSS","M","?","$","?","?","E","R","E","T","R","AVR","R","$","M","R","BOSS","M","M","?","$","R","M","R","$","?","BOSS"],"items_purchased_type":["Relic","Relic","Card","Relic","Relic","Relic","Relic","Relic","Relic","Relic","Relic","Relic","Relic"],"build_version":"2020-12-22","purchased_purges":5,"victory":true,"max_hp_per_floor":[75,75,75,75,75,75,75,75,75,75,77,77,79,79,79,82,82,84,84,87,90,93,93,95,95,95,95,98,100,100,102,102,104,104,106,106,113,116,116,118,118,120,120,120,123,123,123,125,125,125,127,129,131,131,131,133,133,133,133,133],"card_choices":[{"not_picked":["hermit:Snipe","hermit:TakeCover","hermit:Coalescence"],"picked":"SKIP","floor":1.0},{"not_picked":["hermit:BodyArmor","hermit:HoleUp"],"picked":"hermit:Headshot","floor":4.0},{"not_picked":["hermit:NoHoldsBarred","hermit:DeadMansHand","hermit:Snipe"],"picked":"SKIP","floor":6.0},{"not_picked":["hermit:Quickdraw","hermit:TakeCover"],"picked":"hermit:Gambit","floor":7.0},{"not_picked":["hermit:Desperado","hermit:Quickdraw","hermit:NoHoldsBarred"],"picked":"Singing Bowl","floor":11.0},{"not_picked":["hermit:Cheat","hermit:Headshot","hermit:Coalescence"],"picked":"Singing Bowl","floor":13.0},{"not_picked":["hermit:Glare","hermit:NoHoldsBarred"],"picked":"hermit:Headshot","floor":14.0},{"not_picked":["hermit:Purgatory","hermit:Adapt"],"picked":"hermit:Magnum","floor":16.0},{"not_picked":["EventHorizon+1","DC","EnergyRecoil","WitchOfGreed"],"picked":"Singing Bowl","floor":18.0},{"not_picked":["DarkSpark","MysteriousBeam","hermit:BigShot"],"picked":"hermit:Scavenge","floor":20.0},{"not_picked":["MaximisePower","hermit:FinalCanter","hermit:ShadowCloak"],"picked":"hermit:EyeOfTheStorm","floor":22.0},{"not_picked":["StarlightTyphoon","hermit:Gambit","hermit:TakeAim","Robbery"],"picked":"Singing Bowl","floor":24.0},{"not_picked":["StarBarrage","hermit:FullyLoaded+1","DC+1","DoubleSpark"],"picked":"Singing Bowl","floor":29},{"not_picked":["BlazeAway","EarthLightRay","hermit:Glare+1","GrandCross"],"picked":"Singing Bowl","floor":31},{"not_picked":["hermit:Gambit","SatelliteIllusion","hermit:Magnum","hermit:Dissolve"],"picked":"Singing Bowl","floor":33},{"not_picked":["MysteriousBeam","hermit:Midnight+1","DarkSpark","DeepEcoloBomb+1"],"picked":"Singing Bowl","floor":35},{"not_picked":["expansioncontent:StudyTheSpire","Transmutation","Magnetism"],"picked":"Master of Strategy","floor":37},{"not_picked":["expansioncontent:BronzeBeam","Replay:SS_hec_2","expansioncontent:Flail","Jack Of All Trades"],"picked":"Singing Bowl","floor":37},{"not_picked":["expansioncontent:Torchfire","Secret Weapon","expansioncontent:DecasProtection","expansioncontent:ChargeUp"],"picked":"Singing Bowl","floor":37},{"not_picked":["hermit:TrackingShot","hermit:Feint+1","hermit:Vantage"],"picked":"Robbery","floor":38},{"not_picked":["GravityBeat+1","hermit:Roulette+1","ShootingEcho","hermit:Dive"],"picked":"Singing Bowl","floor":40},{"not_picked":["hermit:Brawl","hermit:HighCaliber+1","6A","hermit:Headshot"],"picked":"Singing Bowl","floor":42},{"not_picked":["hermit:Shortfuse+1","hermit:WideOpen+1","MilkyWay","UltimateShortwave"],"picked":"Singing Bowl","floor":48},{"not_picked":["OneTimeOff","hermit:Snipe","hermit:ItchyTrigger+1","MagicAbsorber"],"picked":"Singing Bowl","floor":51},{"not_picked":["hermit:BodyArmor","LuminesStrike","hermit:Malice+1","hermit:Dive+1"],"picked":"Singing Bowl","floor":52},{"not_picked":["LuminesStrike","hermit:GhostlyPresence","hermit:Headshot+1","hermit:TakeCover"],"picked":"Singing Bowl","floor":53},{"not_picked":["GravityBeat","hermit:HighNoon","hermit:Midnight+1","hermit:Roulette+1"],"picked":"Singing Bowl","floor":56}],"player_experience":643395,"relics_obtained":[{"floor":6.0,"key":"aspiration:AnachronicSnailShell"},{"floor":9.0,"key":"conspire:InfiniteJournal"},{"floor":11.0,"key":"Singing Bowl"},{"floor":12.0,"key":"infinitespire:Lucky Rock"},{"floor":15.0,"key":"Replay:Ringing Soul"},{"floor":22.0,"key":"infinitespire:FocusingShard"},{"floor":24.0,"key":"Centennial Puzzle"},{"floor":26.0,"key":"ReplayFunnel"},{"floor":31,"key":"vexMod:BarristanHead"},{"floor":38,"key":"Old Coin"},{"floor":40,"key":"Ancient Tea Set"},{"floor":42,"key":"hermit:RedScarf"},{"floor":43,"key":"Anchor"},{"floor":51,"key":"paleoftheancients:SoulOfTheWatcher"},{"floor":51,"key":"wanderingMiniBosses:Inkheart"},{"floor":52,"key":"paleoftheancients:SoulOfTheIroncluck"},{"floor":53,"key":"Akabeko"}],"event_choices":[{"damage_healed":0.0,"max_hp_gain":0.0,"max_hp_loss":0.0,"gold_gain":75.0,"event_name":"Golden Wing","player_choice":"Gained Gold","floor":2.0,"gold_loss":0.0,"damage_taken":0.0},{"damage_healed":0.0,"max_hp_gain":0.0,"max_hp_loss":0.0,"gold_gain":0.0,"event_name":"Golden Idol","player_choice":"Take Wound","floor":5.0,"gold_loss":0.0,"damage_taken":0.0,"relics_obtained":["Golden Idol"],"cards_obtained":["Injury"]},{"damage_healed":0.0,"max_hp_gain":0.0,"max_hp_loss":0.0,"gold_gain":0.0,"event_name":"Upgrade Shrine","player_choice":"Upgraded","floor":19.0,"gold_loss":0.0,"damage_taken":0.0,"cards_upgraded":["hermit:Magnum"]},{"damage_healed":0,"gold_gain":0,"player_choice":"Fight","damage_taken":0,"max_hp_gain":0,"max_hp_loss":0,"event_name":"Mysterious Sphere","floor":38,"gold_loss":0}],"is_beta":false,"boss_relics":[{"not_picked":["infinitespire:Cupcake","energizedSpire:SpiderWeb"],"picked":"aspiration:MarisaSkillbook"},{"not_picked":["conspire:RoyalGoblet","vexMod:CursedCompass","hubris:BlackHole"]}],"items_purged_floors":[10,21,28,45,54],"is_endless":false,"potions_floor_spawned":[4,11,14,22,24,29,31,38,40,48,51,53],"ascension_level":0}}