{"host":"6jrnojxwearbrjzo","time":1610226542,"event":{"mods":["BaseMod","Colored Map","Conspire","Downfall","Highlight Path","Marisa（F雨　魔理沙）","Minty Spire (QoL Compilation)","Quick Restart","Replay The Spire","Shop Mod","Spicy Shops","StSLib","SuperFastMode","TestMod","The Construct","The Cursed","The Servant 0.9.4","Yuyuko","vexMod"],"gold_per_floor":[110,110,127,51,51,83,99,99,150,97,97,97,144,184,250,377,377,417,417,124,170,210,283,332,332,332,332,370,370,444,486,486,610,610,649,50,82,123,123,123,123,173,173,220,220,220,220,256,256,294,294],"floor_reached":50,"playtime":1872,"items_purged":[],"score":643,"play_id":"cacc6b72-dee9-459e-974a-6beac7246ab6","local_time":"20210110050902","is_ascension_mode":false,"campfire_choices":[{"data":"Neutralize","floor":8.0,"key":"SMITH"},{"data":"Dagger Spray","floor":11.0,"key":"SMITH"},{"floor":25,"key":"REST"},{"floor":29,"key":"REST"},{"floor":32,"key":"REST"},{"floor":40,"key":"DIG"},{"floor":47,"key":"REST"},{"floor":49,"key":"REST"}],"circlet_count":0,"master_deck":["conspire:GhostlyStrike","conspire:GhostlyStrike+1","conspire:GhostlyStrike","conspire:GhostlyStrike","conspire:GhostlyDefend","conspire:GhostlyDefend","Survivor+1","Neutralize+1","Dagger Throw","ReplayTheSpireMod:The Works","Dagger Spray+1","Blade Dance","Unload+1","expansioncontent:Hexaburn+1","Replay:SS_hec_1+1","Acrobatics+1","conspire:DoublingDagger","Expertise","Bash","Venomology","Calculated Gamble","Phantasmal Killer","Cloak And Dagger+1","Jack Of All Trades+1"],"relics":["Ring of the Snake","NeowsBlessing","testmod-IncinerationGenerator","vexMod:BarristanHead","Snake Skull","Replay:Bandana","vexMod:ScavengeHelm","Nloth\u0027s Gift","Sling","Incense Burner","Blue Doll","ReplayFunnel","Gremlin Food","WristBlade","Juzu Bracelet","Membership Card","PreservedInsect","Onion Ring","Replay:Multitool","Ice Cream","Potion Belt","Happy Flower","Toxic Egg 2"],"acts_visited":["Exordium","TheCity","TheBeyond"],"potions_floor_usage":[18,23,30,31,35,42,42,50,50,50,50,50],"damage_taken":[{"damage":0.0,"enemies":"Small Slimes","floor":1.0,"turns":1.0},{"damage":0.0,"enemies":"Cultist","floor":3.0,"turns":1.0},{"damage":0.0,"enemies":"3 Sentries","floor":6.0,"turns":1.0},{"damage":0.0,"enemies":"Jaw Worm","floor":7.0,"turns":3.0},{"damage":18.0,"enemies":"Lagavulin","floor":13.0,"turns":5.0},{"damage":7.0,"enemies":"Exordium Thugs","floor":14.0,"turns":3.0},{"damage":31.0,"enemies":"Slime Boss","floor":16.0,"turns":12.0},{"damage":10,"enemies":"2 Thieves","floor":18,"turns":2},{"damage":10,"enemies":"Spheric Guardian","floor":21,"turns":3},{"damage":16,"enemies":"Snecko","floor":22,"turns":4},{"damage":21,"enemies":"Slavers","floor":23,"turns":4},{"damage":5,"enemies":"Cultist and Chosen","floor":24,"turns":5},{"damage":15,"enemies":"Snake Plant","floor":28,"turns":5},{"damage":0,"enemies":"conspire:Head Lice","floor":30,"turns":3},{"damage":17,"enemies":"Snecko","floor":31,"turns":4},{"damage":56,"enemies":"Champ","floor":33,"turns":11},{"damage":9,"enemies":"3 Shapes","floor":35,"turns":2},{"damage":1,"enemies":"Orb Walker","floor":37,"turns":2},{"damage":1,"enemies":"Giant Head","floor":42,"turns":5},{"damage":44,"enemies":"4 Shapes","floor":44,"turns":3},{"damage":0,"enemies":"Jaw Worm Horde","floor":48,"turns":1},{"damage":59,"enemies":"Awakened One","floor":50,"turns":6}],"seed_played":"6354231648348526611","potions_obtained":[{"floor":1.0,"key":"Toxic Potion"},{"floor":6.0,"key":"Guardian:BlockOnCardUsePotion"},{"floor":14.0,"key":"testmod-SpacePotion"},{"floor":16.0,"key":"AttackPotion"},{"floor":24,"key":"construct:ShiftPotion"},{"floor":28,"key":"CunningPotion"},{"floor":33,"key":"Weak Potion"},{"floor":35,"key":"Swift Potion"},{"floor":37,"key":"SkillPotion"},{"floor":39,"key":"FairyPotion"}],"is_trial":false,"path_per_floor":["M","?","M","$","?","E","M","R","T","$","R","$","E","M","R_BF","B",null,"M","?","$","M","M","E","M","R","T","?","M","R","E","M","R","B",null,"M","$","M","?","?","R","?","E","T","M","?","?","R","M","R","B"],"character_chosen":"THE_SILENT","items_purchased":["vexMod:BarristanHead","Dagger Spray","Sling","Incense Burner","Juzu Bracelet","Membership Card","PreservedInsect","Onion Ring","PowerPotion","SteroidPotion"],"campfire_rested":5,"item_purchase_floors":[4,10,20,20,36,36,36,36,36,36],"current_hp_per_floor":[70,70,70,70,70,70,70,70,70,70,70,70,52,45,45,14,70,60,60,60,50,34,13,8,29,29,29,14,35,35,18,39,4,70,61,61,60,32,32,32,32,31,31,14,14,21,42,42,63,12,12],"gold":294,"neow_bonus":"THREE_ENEMY_KILL","is_daily":false,"chose_seed":false,"campfire_upgraded":2,"win_rate":0.0,"timestamp":1610226542,"path_taken":["M","?","?","?","?","E","M","R","T","$","R","$","E","M","R_BF","BOSS","M","?","?","M","M","E","M","R","T","?","M","R","E","?","R","BOSS","M","$","M","?","?","R","?","E","T","M","?","?","R","M","R","BOSS"],"items_purchased_type":["Relic","Card","Relic","Relic","Relic","Relic","Relic","Relic","Potion","Potion"],"build_version":"2020-12-22","purchased_purges":0,"victory":false,"max_hp_per_floor":[70,70,70,70,70,70,70,70,70,70,70,70,70,70,70,70,70,70,70,70,70,70,70,70,70,70,70,70,70,70,70,70,70,70,70,70,70,70,70,70,70,70,70,70,70,70,70,70,70,70,70],"card_choices":[{"not_picked":["Prepared","Acrobatics"],"picked":"Dagger Throw","floor":1.0},{"not_picked":["Deflect","Riddle With Holes"],"picked":"ReplayTheSpireMod:The Works","floor":3.0},{"not_picked":["Deflect","Poisoned Stab","Underhanded Strike"],"picked":"SKIP","floor":6.0},{"not_picked":["Slice","Deflect","A Thousand Cuts"],"picked":"SKIP","floor":7.0},{"not_picked":["Quick Slash","Deflect"],"picked":"Blade Dance","floor":13.0},{"not_picked":["Draining Mist","Flying Knee","Catalyst"],"picked":"SKIP","floor":14.0},{"not_picked":["Envenom","Glass Knife"],"picked":"Unload","floor":16.0},{"not_picked":["Cloak And Dagger","Dagger Throw+1"],"picked":"Acrobatics+1","floor":18},{"not_picked":["Outmaneuver","Escape Plan"],"picked":"conspire:DoublingDagger","floor":21},{"not_picked":["Outmaneuver+1","ReplayTheSpireMod:Tripwire","Well Laid Plans+1"],"picked":"SKIP","floor":22},{"not_picked":["Bullet Time","Infinite Blades","Distraction"],"picked":"SKIP","floor":23},{"not_picked":["Deadly Poison","Acrobatics"],"picked":"Expertise","floor":24},{"not_picked":["Flechettes","Draining Mist"],"picked":"Venomology","floor":28},{"not_picked":["Outmaneuver+1","Infinite Blades"],"picked":"Calculated Gamble","floor":30},{"not_picked":["Blade Dance+1","Toxin Wave","Predator"],"picked":"SKIP","floor":31},{"not_picked":["Tools of the Trade","Atom Bomb"],"picked":"Phantasmal Killer","floor":33},{"not_picked":["All Out Attack+1","Deadly Poison","ReplayTheSpireMod:Exploit Weakness+1"],"picked":"SKIP","floor":35},{"not_picked":["Poisoned Stab","PiercingWail+1","Acrobatics"],"picked":"SKIP","floor":37},{"not_picked":["Malaise","Setup+1","Calculated Gamble"],"picked":"SKIP","floor":42},{"not_picked":["conspire:DoublingDagger+1","Bane+1"],"picked":"Cloak And Dagger+1","floor":44},{"not_picked":["Caltrops+1","Noxious Fumes","Sucker Punch"],"picked":"SKIP","floor":48}],"player_experience":52053,"relics_obtained":[{"floor":6.0,"key":"Snake Skull"},{"floor":9.0,"key":"Replay:Bandana"},{"floor":13.0,"key":"vexMod:ScavengeHelm"},{"floor":23,"key":"Blue Doll"},{"floor":26,"key":"ReplayFunnel"},{"floor":30,"key":"Gremlin Food"},{"floor":38,"key":"Replay:Multitool"},{"floor":40,"key":"Ice Cream"},{"floor":42,"key":"Happy Flower"},{"floor":43,"key":"Toxic Egg 2"}],"event_choices":[{"cards_removed":["Defend_G"],"damage_healed":0.0,"max_hp_gain":0.0,"max_hp_loss":0.0,"gold_gain":0.0,"event_name":"Bonfire Elementals","player_choice":"Offered Basic","floor":2.0,"gold_loss":0.0,"damage_taken":0.0},{"damage_healed":0.0,"max_hp_gain":0.0,"max_hp_loss":0.0,"gold_gain":0.0,"event_name":"conspire:LoneGhost","player_choice":"Agree","floor":5.0,"gold_loss":0.0,"damage_taken":0.0},{"damage_healed":0,"gold_gain":0,"player_choice":"Traded Relic","damage_taken":0,"relics_obtained":["Nloth\u0027s Gift"],"max_hp_gain":0,"max_hp_loss":0,"event_name":"N\u0027loth","floor":19,"relics_lost":["testmod-TestBox"],"gold_loss":0},{"cards_removed":["expansioncontent:StudyTheSpire"],"damage_healed":0,"gold_gain":0,"player_choice":"Took Card","damage_taken":0,"max_hp_gain":0,"max_hp_loss":0,"event_name":"NoteForYourself","floor":27,"gold_loss":0,"cards_obtained":["Bash"]},{"damage_healed":0,"gold_gain":0,"player_choice":"Got Potions","damage_taken":0,"max_hp_gain":0,"max_hp_loss":0,"event_name":"Lab","floor":39,"gold_loss":0},{"damage_healed":0,"gold_gain":0,"player_choice":"Swap Relic","damage_taken":0,"relics_obtained":["Potion Belt"],"max_hp_gain":0,"max_hp_loss":0,"event_name":"给自己的盒子","floor":41,"relics_lost":["Astrolabe"],"gold_loss":0},{"damage_healed":0,"gold_gain":0,"player_choice":"1 cards matched","damage_taken":0,"max_hp_gain":0,"max_hp_loss":0,"event_name":"Match and Keep!","floor":45,"gold_loss":0,"cards_obtained":["Jack Of All Trades"]}],"is_beta":false,"boss_relics":[{"not_picked":["testmod-BloodSacrificeSpiritualization","Ring of the Serpent"],"picked":"Astrolabe"},{"not_picked":["Honey Jar","testmod-Nine"],"picked":"WristBlade"}],"items_purged_floors":[],"is_endless":false,"potions_floor_spawned":[1,6,14,16,24,28,33,35,37],"killed_by":"Awakened One","ascension_level":0}}