{"host":"3o6vp6vwg41o825i","time":1610208409,"event":{"mods":["AchievementEnabler","Act Like it!","Ascension Reborn","Aspiration","BaseMod","Better Altar","Better Match","Better Note","Better Sensory Stone","Better Skull","Better Third Choice","BetterRewards","CCEM","Clawfect","Colored Map","Conspire","GifTheSpireLib","Halation","Hallownest","Highlight Path","Hubris","Infinite Spire","Jorbs\u0027s Wanderer Trilogy","Mimic Mod","Minty Spire (QoL Compilation)","Replay The Spire","Shop Mod","StSLib","Stuff the Spire","The Bug Knight","The Cursed","The Jungle","Unceasing Turn Reminder","everything is the same but u backflip on backflip"],"gold_per_floor":[123,123,142,164,188,188,188],"floor_reached":6,"playtime":261,"items_purged":[],"score":11,"play_id":"14d72869-91fc-4b91-9e1b-ec49708326da","local_time":"20210109170649","is_ascension_mode":true,"campfire_choices":[],"circlet_count":0,"master_deck":["Strike_R","Strike_R","Strike_R","Strike_R","Strike_R","Defend_R","Defend_R","Defend_R","Bash","StuffTheSpire:Incineration+1","infinitespire:OneForAll+1","Flex","Clothesline"],"relics":["Burning Blood","aspiration:Nostalgia","Clawfect:DRClaw"],"acts_visited":["Exordium"],"potions_floor_usage":[],"damage_taken":[{"damage":2,"enemies":"2 Louse","floor":1,"turns":5},{"damage":5,"enemies":"Cultist","floor":3,"turns":3},{"damage":14,"enemies":"conspire:RoseBush","floor":4,"turns":3},{"damage":16,"enemies":"Looter","floor":5,"turns":3},{"damage":81,"enemies":"Lagavulin","floor":6,"turns":9}],"seed_played":"-6784153134506333271","potions_obtained":[{"floor":4,"key":"ColorlessPotion"}],"is_trial":false,"path_per_floor":["M","?","M","M","M","E"],"character_chosen":"IRONCLAD","items_purchased":[],"campfire_rested":0,"item_purchase_floors":[],"current_hp_per_floor":[85,85,85,79,71,0,0],"gold":188,"neow_bonus":"NOSTALGIA","is_daily":false,"chose_seed":false,"campfire_upgraded":0,"win_rate":0.0,"timestamp":1610208409,"path_taken":["M","?","M","?","M","E"],"items_purchased_type":[],"build_version":"2020-12-22","purchased_purges":0,"victory":false,"max_hp_per_floor":[85,85,85,85,85,85,85],"card_choices":[{"not_picked":["Wild Strike+1","Iron Wave+1"],"picked":"StuffTheSpire:Incineration+1","floor":1},{"not_picked":["Burning Pact+1","hubris:ReadiedAction"],"picked":"infinitespire:OneForAll+1","floor":3},{"not_picked":["Run Through","Twin Strike"],"picked":"Flex","floor":4},{"not_picked":["hubris:ReadiedAction","Sword Boomerang"],"picked":"Clothesline","floor":5}],"player_experience":233774,"relics_obtained":[],"event_choices":[{"cards_removed":["Defend_R"],"damage_healed":0,"gold_gain":0,"player_choice":"Offered Basic","damage_taken":0,"max_hp_gain":0,"max_hp_loss":0,"event_name":"Bonfire Elementals","floor":2,"gold_loss":0}],"is_beta":false,"boss_relics":[],"items_purged_floors":[],"is_endless":false,"potions_floor_spawned":[4],"killed_by":"Lagavulin","ascension_level":-14}}