{"host":"0jile2yd1dg679g0","time":1610230349,"event":{"mods":["AchievementEnabler","Act Like it!","BaseMod","Better Third Choice","Colored Map","Colored Powertips","Gensokyo","Hermit","Luminous","Marisa????????","Minty Spire (QoL Compilation)","Random Character Button","Spicy Shops","StSLib","The Servant 0.9.4","Transform Curses","Waifu the Spire"],"gold_per_floor":[117,117,134,309,31,31,47,47,71,84,118,138,138,158,158,257,257,276,287,287,306,324,324,342,342,342,342,87,103,26,43,43,144,144,163,163,216,65,65,92,92,104,104,104,104,155,24,41,41,41],"floor_reached":51,"playtime":3147,"items_purged":["Regret","Doubt","Pain"],"score":930,"play_id":"bdcfba9f-4236-4498-8d86-4347d5dc8d20","local_time":"20210109171229","is_ascension_mode":true,"campfire_choices":[{"data":"1","floor":6,"key":"LIFT"},{"data":"2","floor":8,"key":"LIFT"},{"data":"3","floor":13,"key":"LIFT"},{"data":"Heavy Blade","floor":15,"key":"SMITH"},{"floor":23,"key":"REST"},{"data":"Immolate","floor":25,"key":"SMITH"},{"data":"Reaper","floor":27,"key":"SMITH"},{"data":"Heavy Blade","floor":32,"key":"SMITH"},{"floor":41,"key":"REST"},{"floor":45,"key":"REST"},{"floor":49,"key":"RECALL"}],"circlet_count":0,"master_deck":["Strike_R","Strike_R","Strike_R","Strike_R","Strike_R","Defend_R","Defend_R","Defend_R","Defend_R","Bash","Carnage","Headbutt","Pummel","Flex","Heavy Blade+1","Anger","Reaper+1","Heavy Blade+1","Flex","Immolate+1","Intimidate","Armaments+1","Spot Weakness","Double Tap","Shrug It Off+1","Madness","Madness","Intimidate+1","Heavy Blade+1","Shockwave","Mind Blast","Battle Trance+1","Spot Weakness","Swift Strike","Anger"],"relics":["Burning Blood","Art of War","Girya","MealTicket","HornCleat","Runic Pyramid","WarpedTongs","Mercury Hourglass","Meat on the Bone","Red Skull","Fusion Hammer","CatCart","PreservedInsect","Happy Flower","Centennial Puzzle","Singing Bowl","Pocketwatch"],"acts_visited":["Exordium","TheCity","TheBeyond"],"potions_floor_usage":[18,22,31,46,50],"damage_taken":[{"damage":4,"enemies":"Small Slimes","floor":1,"turns":4},{"damage":10,"enemies":"Jaw Worm","floor":3,"turns":3},{"damage":1,"enemies":"Cultist","floor":7,"turns":3},{"damage":7,"enemies":"3 Louse","floor":10,"turns":3},{"damage":30,"enemies":"Lagavulin","floor":11,"turns":4},{"damage":6,"enemies":"Exordium Wildlife","floor":12,"turns":2},{"damage":14,"enemies":"Red Slaver","floor":14,"turns":2},{"damage":47,"enemies":"The Guardian","floor":16,"turns":7},{"damage":17,"enemies":"2 Thieves","floor":18,"turns":3},{"damage":7,"enemies":"Chosen","floor":19,"turns":3},{"damage":22,"enemies":"Shelled Parasite and Fungi","floor":21,"turns":4},{"damage":2,"enemies":"Snecko","floor":22,"turns":2},{"damage":15,"enemies":"3 Cultists","floor":24,"turns":4},{"damage":23,"enemies":"Snake Plant","floor":29,"turns":3},{"damage":18,"enemies":"Centurion and Healer","floor":31,"turns":3},{"damage":30,"enemies":"Automaton","floor":33,"turns":6},{"damage":7,"enemies":"3 Darklings","floor":35,"turns":3},{"damage":5,"enemies":"Orin","floor":37,"turns":5},{"damage":14,"enemies":"Giant Head","floor":40,"turns":5},{"damage":11,"enemies":"Orb Walker","floor":42,"turns":2},{"damage":10,"enemies":"2 Orb Walkers","floor":46,"turns":3},{"damage":0,"enemies":"Transient","floor":48,"turns":5},{"damage":47,"enemies":"Awakened One","floor":50,"turns":6}],"seed_played":"7986426682845667965","potions_obtained":[{"floor":1,"key":"ElixirPotion"},{"floor":7,"key":"Ancient Potion"},{"floor":14,"key":"FearPotion"},{"floor":16,"key":"ColorlessPotion"},{"floor":18,"key":"Energy Potion"},{"floor":29,"key":"Block Potion"},{"floor":37,"key":"Energy Potion"},{"floor":46,"key":"Energy Potion"}],"is_trial":false,"path_per_floor":["M","?","M","?","$","R","M","R","T","M","E","M","R","M","R","B",null,"M","M","?","M","M","R","M","R","T","R","$","M","$","M","R","B",null,"M","?","?","$","T","E","R","M","T","?","R","?","$","M","R","B",null],"character_chosen":"IRONCLAD","items_purchased":["Pummel","Flex","Meat on the Bone","Red Skull","PreservedInsect","Spot Weakness","Swift Strike"],"campfire_rested":3,"item_purchase_floors":[5,5,28,30,38,47,47],"current_hp_per_floor":[74,74,70,70,70,70,75,75,75,74,50,50,50,49,49,21,65,68,67,67,51,55,79,72,72,72,72,80,69,80,68,68,56,74,79,69,70,80,80,72,80,75,75,75,80,80,80,80,80,56],"gold":41,"neow_bonus":"RANDOM_COMMON_RELIC","is_daily":false,"chose_seed":false,"campfire_upgraded":4,"win_rate":0.0,"timestamp":1610230349,"path_taken":["M","?","M","?","$","R","M","R","T","M","E","M","R","M","R","BOSS","M","M","?","M","M","R","M","R","T","R","$","M","$","M","R","BOSS","M","?","?","$","?","E","R","?","T","?","R","?","$","M","R","BOSS"],"items_purchased_type":["Card","Card","Relic","Relic","Relic","Card","Card"],"build_version":"2020-12-22","purchased_purges":3,"victory":true,"max_hp_per_floor":[80,80,80,80,80,80,80,80,80,80,80,80,80,80,80,80,80,80,80,80,80,80,80,80,80,80,80,80,80,80,80,80,80,80,80,80,80,80,80,80,80,80,80,80,80,80,80,80,80,80],"card_choices":[{"not_picked":["Dark Embrace","Flame Barrier"],"picked":"Carnage","floor":1},{"not_picked":["Hemokinesis","Clothesline"],"picked":"Headbutt","floor":3},{"not_picked":["Battle Trance","Anger"],"picked":"Heavy Blade","floor":7},{"not_picked":["Warcry","Clothesline"],"picked":"Anger","floor":10},{"not_picked":["Clothesline","Twin Strike"],"picked":"Reaper","floor":11},{"not_picked":["Clash","Thunderclap"],"picked":"Heavy Blade","floor":12},{"not_picked":["Perfected Strike","Body Slam"],"picked":"Flex","floor":14},{"not_picked":["Feed","Juggernaut"],"picked":"Immolate","floor":16},{"not_picked":["Armaments","Twin Strike"],"picked":"Intimidate","floor":18},{"not_picked":["Searing Blow","Clash","Clothesline"],"picked":"SKIP","floor":19},{"not_picked":["Power Through","Thunderclap"],"picked":"Armaments+1","floor":21},{"not_picked":["Body Slam+1","Dropkick","Armaments"],"picked":"SKIP","floor":22},{"not_picked":["Pommel Strike","Body Slam","Uppercut"],"picked":"SKIP","floor":24},{"not_picked":["Warcry","Reckless Charge+1"],"picked":"Spot Weakness","floor":29},{"not_picked":["Hemokinesis","Armaments","Body Slam"],"picked":"SKIP","floor":31},{"not_picked":["Exhume","Bludgeon"],"picked":"Double Tap","floor":33},{"not_picked":["Warcry","Havoc"],"picked":"Shrug It Off+1","floor":35},{"not_picked":["Perfected Strike+1","Carnage"],"picked":"Intimidate+1","floor":37},{"not_picked":["Second Wind+1","Clothesline"],"picked":"Heavy Blade+1","floor":40},{"not_picked":["True Grit","Perfected Strike+1"],"picked":"Shockwave","floor":42},{"not_picked":["Dramatic Entrance","Madness"],"picked":"Mind Blast","floor":44},{"not_picked":["Blood for Blood","Havoc"],"picked":"Battle Trance+1","floor":46},{"not_picked":["Dropkick+1","Burning Pact+1"],"picked":"Anger","floor":48}],"player_experience":263191,"relics_obtained":[{"floor":9,"key":"MealTicket"},{"floor":11,"key":"HornCleat"},{"floor":26,"key":"Mercury Hourglass"},{"floor":37,"key":"CatCart"},{"floor":39,"key":"Happy Flower"},{"floor":40,"key":"Centennial Puzzle"},{"floor":43,"key":"Singing Bowl"},{"floor":46,"key":"Pocketwatch"}],"event_choices":[{"damage_healed":0,"gold_gain":0,"player_choice":"Box","damage_taken":0,"relics_obtained":["Girya"],"max_hp_gain":0,"max_hp_loss":0,"event_name":"Big Fish","floor":2,"gold_loss":0,"cards_obtained":["Regret"]},{"damage_healed":0,"gold_gain":175,"player_choice":"AGREE","damage_taken":134,"max_hp_gain":0,"max_hp_loss":0,"event_name":"betterThird:BetterSerpent","floor":4,"gold_loss":0},{"damage_healed":0,"gold_gain":0,"player_choice":"Rummage","damage_taken":0,"relics_obtained":["WarpedTongs"],"max_hp_gain":0,"max_hp_loss":0,"event_name":"Accursed Blacksmith","floor":20,"gold_loss":0,"cards_obtained":["Pain"]},{"damage_healed":0,"gold_gain":0,"player_choice":"Embrace Madness","damage_taken":10,"max_hp_gain":0,"max_hp_loss":0,"event_name":"Winding Halls","floor":36,"gold_loss":0,"cards_obtained":["Madness","Madness"]},{"damage_healed":0,"gold_gain":0,"player_choice":"Fight","damage_taken":0,"max_hp_gain":0,"max_hp_loss":0,"event_name":"OrinTheCat","floor":37,"gold_loss":0},{"damage_healed":0,"gold_gain":0,"player_choice":"Memory 1","damage_taken":0,"max_hp_gain":0,"max_hp_loss":0,"event_name":"SensoryStone","floor":44,"gold_loss":0},{"damage_healed":0,"gold_gain":0,"player_choice":"Fight","damage_taken":0,"max_hp_gain":0,"max_hp_loss":0,"event_name":"Mysterious Sphere","floor":46,"gold_loss":0}],"is_beta":false,"boss_relics":[{"not_picked":["SlaversCollar","Sozu"],"picked":"Runic Pyramid"},{"not_picked":["Astrolabe","Coffee Dripper"],"picked":"Fusion Hammer"}],"items_purged_floors":[5,5,28],"is_endless":false,"potions_floor_spawned":[1,7,14,16,18,29,37,46],"ascension_level":7}}