{"host":"iy58fyt9wsbv4cf1","time":1610174041,"event":{"mods":["BaseMod","Better Altar","Better Match","Better Skull","Better Third Choice","BetterRewards","Conspire","Custom Start","Defuse TimeMaze Blight","Hubris","Infinite Spire","Minty Spire (QoL Compilation)","Permanent Neow","Quick Restart","Spicy Shops","StSLib"],"gold_per_floor":[110,128,303,303,303,333,408,426,426,67,80,80,80,114,114,215,215,231,231,231,231,249,276,276,191,191,41,53,53,53,53,53,155,155,170,189,206,222,222,222,236,268,268,11,11,11,11,28,28,32,32,32,14,53,75,75],"floor_reached":55,"playtime":1276,"items_purged":["Doubt","Strike_B","Strike_B"],"score":971,"play_id":"008f779d-aa6e-45bc-9c42-6c94a49f8694","local_time":"20210109013401","is_ascension_mode":false,"campfire_choices":[{"data":"Dualcast","floor":13,"key":"SMITH"},{"data":"Defragment","floor":15,"key":"SMITH"},{"data":"hubris:DuctTapeCard","floor":24,"key":"SMITH"},{"floor":29,"key":"REST"},{"data":"Capacitor","floor":32,"key":"SMITH"},{"data":"Reboot","floor":40,"key":"SMITH"},{"data":"Fusion","floor":45,"key":"SMITH"},{"floor":49,"key":"RECALL"},{"data":"conspire:SharedLibrary","floor":52,"key":"SMITH"}],"circlet_count":0,"master_deck":["Defend_B","Defend_B","Defend_B","Defend_B","Zap","Dualcast+1","Defragment+1","Storm+1","BootSequence","White Noise+1","hubris:DuctTapeCard+2","hubris:PowerSurge+1","hubris:Ukulele+1","Capacitor+1","Rainbow","conspire:SharedLibrary+1","Reboot+1","BootSequence+1","Consume+1","Conserve Battery","Fusion+1","Storm","Turbo+1"],"relics":["Cracked Core","DataDisk","Lee\u0027s Waffle","Runic Capacitor","hubris:Zylophone","Lantern","Boot","hubris:DuctTape","Strange Spoon","Blue Candle","conspire:BottledYoYo","Ornamental Fan","Black Star","hubris:Metronome","conspire:IceCreamScoop","infinitespire:Golems Mask","Centennial Puzzle","Bag of Marbles","Mummified Hand","infinitespire:Cupcake","Busted Crown","infinitespire:Midas Blood","Dream Catcher","Sundial","Membership Card","Gremlin Horn","hubris:BundleOfHerbs","Du-Vu Doll"],"acts_visited":["Exordium","TheCity","TheBeyond","TheEnding"],"potions_floor_usage":[14,16,54,55,55,55],"damage_taken":[{"damage":2,"enemies":"2 Louse","floor":1,"turns":2},{"damage":0,"enemies":"Small Slimes","floor":2,"turns":2},{"damage":13,"enemies":"3 Sentries","floor":6,"turns":5},{"damage":0,"enemies":"conspire:RoseBush","floor":8,"turns":3},{"damage":1,"enemies":"conspire:2 RoseBushes","floor":11,"turns":4},{"damage":2,"enemies":"Gremlin Nob","floor":14,"turns":3},{"damage":17,"enemies":"Slime Boss","floor":16,"turns":6},{"damage":10,"enemies":"Chosen","floor":18,"turns":4},{"damage":5,"enemies":"Spheric Guardian","floor":22,"turns":3},{"damage":0,"enemies":"Book of Stabbing","floor":23,"turns":3},{"damage":27,"enemies":"Snake Plant","floor":28,"turns":3},{"damage":10,"enemies":"conspire:MysteriousRune","floor":33,"turns":4},{"damage":0,"enemies":"3 Shapes","floor":35,"turns":3},{"damage":0,"enemies":"3 Darklings","floor":36,"turns":3},{"damage":2,"enemies":"4 Shapes","floor":37,"turns":3},{"damage":5,"enemies":"Sphere and 2 Shapes","floor":38,"turns":3},{"damage":8,"enemies":"3 Darklings","floor":41,"turns":4},{"damage":0,"enemies":"Nemesis","floor":42,"turns":2},{"damage":11,"enemies":"4 Shapes","floor":48,"turns":4},{"damage":14,"enemies":"Donu and Deca","floor":50,"turns":4},{"damage":37,"enemies":"Shield and Spear","floor":54,"turns":4},{"damage":46,"enemies":"The Heart","floor":55,"turns":2}],"seed_played":"8719282455244317816","potions_obtained":[{"floor":8,"key":"Energy Potion"},{"floor":14,"key":"Swift Potion"},{"floor":23,"key":"BlessingOfTheForge"},{"floor":28,"key":"infinitespire:BlackPotion"},{"floor":36,"key":"Block Potion"},{"floor":54,"key":"FocusPotion"}],"is_trial":false,"path_per_floor":["M","M","?","?","?","E","?","M","T","$","M","T","R","E","R","B",null,"M","AVR","?","?","M","E","R","?","T","$","M","R","?","?","R","B",null,"M","M","M","M","AVR","R","M","E","T","$","R","$","?","M","R","B",null,"R","$","E","B"],"character_chosen":"DEFECT","items_purchased":["DataDisk","Lee\u0027s Waffle","Runic Capacitor","Defragment","hubris:Zylophone","Lantern","Turbo","Storm","Turbo","Strange Spoon","Blue Candle","Capacitor","Membership Card","Gremlin Horn","Fusion","Storm"],"campfire_rested":1,"item_purchase_floors":[0,0,0,0,0,0,0,0,0,10,10,27,44,44,44,53],"current_hp_per_floor":[80,80,80,60,60,47,36,36,36,36,35,35,35,33,33,16,82,72,72,72,56,51,51,51,51,51,51,24,48,48,48,48,38,82,82,82,80,75,75,75,67,67,67,67,67,67,67,56,56,42,78,78,78,41,0,0],"gold":75,"neow_bonus":"","is_daily":false,"chose_seed":false,"campfire_upgraded":7,"win_rate":0.0,"timestamp":1610174041,"path_taken":["M","M","?","?","?","E","?","?","T","?","M","?","R","E","R","BOSS","M","AVR","?","?","M","E","R","?","T","$","M","R","?","?","R","BOSS","M","?","M","M","AVR","R","M","E","T","$","R","$","?","M","R","BOSS","R","$","E","BOSS"],"items_purchased_type":["Relic","Relic","Relic","Card","Relic","Relic","Card","Card","Card","Relic","Relic","Card","Relic","Relic","Card","Card"],"build_version":"2020-12-22","purchased_purges":3,"victory":false,"max_hp_per_floor":[82,82,82,82,82,82,82,82,82,82,82,82,82,82,82,82,82,82,82,82,82,82,82,82,82,82,82,82,82,82,82,82,82,82,82,82,82,82,82,82,82,82,82,82,82,82,78,78,78,78,78,78,78,78,78,78],"card_choices":[{"not_picked":["FTL","Leap","Go for the Eyes"],"picked":"SKIP","floor":1},{"not_picked":["Undo","Consume"],"picked":"BootSequence","floor":2},{"not_picked":["Turbo","Force Field","Sweeping Beam"],"picked":"SKIP","floor":6},{"not_picked":["Hologram","Coolheaded"],"picked":"White Noise","floor":8},{"not_picked":["Cold Snap","Scrape","Coolheaded"],"picked":"SKIP","floor":11},{"not_picked":["Compile Driver","Streamline","Go for the Eyes"],"picked":"SKIP","floor":14},{"not_picked":["conspire:Rain","Steam Power","Heatsinks"],"picked":"SKIP","floor":18},{"not_picked":["FTL","Conserve Battery"],"picked":"hubris:PowerSurge+1","floor":22},{"not_picked":["conspire:SharedLibrary","Rebound"],"picked":"hubris:Ukulele+1","floor":23},{"not_picked":["Hologram","Sweeping Beam","Glacier"],"picked":"SKIP","floor":28},{"not_picked":["hubris:DoWhile","Meteor Strike"],"picked":"Reboot","floor":33},{"not_picked":["Ball Lightning+1","BootSequence+1","Streamline+1"],"picked":"SKIP","floor":35},{"not_picked":["Ball Lightning+1","Streamline+1"],"picked":"BootSequence+1","floor":35},{"not_picked":["Turbo","Ball Lightning","Stack"],"picked":"SKIP","floor":36},{"not_picked":["Ball Lightning+1","Cold Snap+1","BootSequence"],"picked":"SKIP","floor":37},{"not_picked":["Leap+1","Cold Snap+1"],"picked":"Consume+1","floor":38},{"not_picked":[],"picked":"Conserve Battery","floor":41},{"not_picked":["Leap+1"],"picked":"SKIP","floor":42},{"not_picked":["Aggregate"],"picked":"SKIP","floor":48},{"not_picked":[],"picked":"Turbo+1","floor":54}],"player_experience":48803,"relics_obtained":[{"floor":6,"key":"Boot"},{"floor":9,"key":"hubris:DuctTape"},{"floor":12,"key":"conspire:BottledYoYo"},{"floor":14,"key":"Ornamental Fan"},{"floor":23,"key":"infinitespire:Golems Mask"},{"floor":23,"key":"Centennial Puzzle"},{"floor":26,"key":"Mummified Hand"},{"floor":42,"key":"Dream Catcher"},{"floor":42,"key":"Sundial"},{"floor":54,"key":"hubris:BundleOfHerbs"},{"floor":54,"key":"Du-Vu Doll"}],"event_choices":[{"damage_healed":0,"gold_gain":175,"player_choice":"AGREE","damage_taken":128,"max_hp_gain":0,"max_hp_loss":0,"event_name":"betterThird:BetterSerpent","floor":3,"gold_loss":0},{"damage_healed":0,"gold_gain":75,"player_choice":"Gold","damage_taken":11,"max_hp_gain":0,"max_hp_loss":0,"event_name":"betterThird:BetterGoop","floor":7,"gold_loss":0},{"damage_healed":0,"gold_gain":0,"player_choice":"Opened","damage_taken":0,"relics_obtained":["conspire:IceCreamScoop"],"max_hp_gain":0,"max_hp_loss":0,"event_name":"The Mausoleum","floor":20,"gold_loss":0},{"damage_healed":0,"gold_gain":0,"player_choice":"Obtained Book","damage_taken":16,"max_hp_gain":0,"max_hp_loss":0,"event_name":"Cursed Tome","floor":21,"gold_loss":0},{"damage_healed":0,"gold_gain":0,"player_choice":"Obtained Relic","damage_taken":0,"relics_obtained":["Bag of Marbles"],"max_hp_gain":0,"max_hp_loss":0,"event_name":"Addict","floor":25,"gold_loss":85},{"damage_healed":0,"gold_gain":0,"cards_transformed":["Strike_B","Strike_B"],"player_choice":"Became Test Subject","damage_taken":0,"max_hp_gain":0,"max_hp_loss":0,"event_name":"Drug Dealer","floor":30,"gold_loss":0,"cards_obtained":["Rainbow","conspire:SharedLibrary"]},{"damage_healed":0,"gold_gain":0,"player_choice":"Forge","damage_taken":0,"max_hp_gain":0,"max_hp_loss":0,"event_name":"Accursed Blacksmith","floor":31,"gold_loss":0,"cards_upgraded":["White Noise"]},{"damage_healed":0,"gold_gain":0,"player_choice":"Max HP","damage_taken":0,"max_hp_gain":0,"max_hp_loss":4,"event_name":"Winding Halls","floor":47,"gold_loss":0}],"is_beta":false,"boss_relics":[{"not_picked":["Calling Bell","hubris:RunicObelisk"],"picked":"Black Star"},{"not_picked":["Pandora\u0027s Box","Astrolabe"],"picked":"infinitespire:Cupcake"}],"items_purged_floors":[10,19,39],"is_endless":false,"potions_floor_spawned":[8,14,23,28,36,38,41,54],"killed_by":"The Heart","ascension_level":0}}