{"host":"Connor","time":1610235427,"event":{"mods":["Aspiration","BaseMod","Downfall","Hubris","Marisa????????","Minty Spire (QoL Compilation)","Replay The Spire","StSLib","The Cursed","The Jungle","The Servant 0.9.4"],"gold_per_floor":[110,110,80,100,110,110,110,143,168,168,182,211,39,49,49,123,123,138,48,48,68,86,86,101,111,134,74,102,102,132,132,132,205,205,220,234,249,294,34,66,78,112,112,112,132,82,82,95,95,95,95],"floor_reached":50,"playtime":2090,"items_purged":["Armaments"],"score":1104,"play_id":"d05e93ed-d704-4252-87b8-bc184e0482e9","local_time":"20210109153707","is_ascension_mode":true,"campfire_choices":[{"floor":6,"key":"RECALL"},{"data":"Juggernaut","floor":10,"key":"SMITH"},{"floor":15,"key":"REST"},{"data":"Armaments","floor":23,"key":"SMITH"},{"floor":29,"key":"REST"},{"floor":44,"key":"REST"},{"floor":49,"key":"REST"}],"circlet_count":0,"master_deck":["AscendersBane","Strike_R","Strike_R","Strike_R","Defend_R","Defend_R","Defend_R","Defend_R","Run Through","Survivor","Neutralize","Rampage","ReplayReversal","Juggernaut+1","Battle Trance","Barricade","Eclipse+1","Metallicize+1","Iron Wave","Juggernaut","AbeCurse","Armaments+1","expansioncontent:DefensiveStance","Rampage","Armaments","Bloodletting","Pommel Strike","Metallicize","Metallicize","Battle Trance","Exhume","Demonic Infusion","Defy Death","ReplayTheSpireMod:Strike From Hell","Iron Wave+1","Pommel Strike","Armaments+1","Armaments+1"],"relics":["Burning Blood","NeowsBlessing","Charon\u0027s Ashes","Blood Vial","Abe\u0027s Treasure","hubris:SlimyHat","Smiling Mask","Replay:Mystery Machine","ChewingGum","CatCart","Frozen Egg 2","aspiration:HiddenCompartment","Golden Egg","Gremlin Horn"],"acts_visited":["Exordium","TheCity","TheBeyond"],"potions_floor_usage":[8,8,16,22,28,33,33,38,38,41,42],"damage_taken":[{"damage":0,"enemies":"2 Louse","floor":1,"turns":1},{"damage":0,"enemies":"Small Slimes","floor":4,"turns":1},{"damage":0,"enemies":"Cultist","floor":5,"turns":1},{"damage":39,"enemies":"Gremlin Nob","floor":8,"turns":7},{"damage":12,"enemies":"3 Louse","floor":11,"turns":4},{"damage":17,"enemies":"3 Sentries","floor":12,"turns":5},{"damage":8,"enemies":"Red Slaver","floor":14,"turns":4},{"damage":0,"enemies":"Hexaghost","floor":16,"turns":8},{"damage":5,"enemies":"Shell Parasite","floor":18,"turns":3},{"damage":1,"enemies":"Spheric Guardian","floor":21,"turns":4},{"damage":0,"enemies":"Cultist and Chosen","floor":22,"turns":4},{"damage":14,"enemies":"Centurion and Healer","floor":24,"turns":9},{"damage":10,"enemies":"Snake Plant","floor":25,"turns":4},{"damage":61,"enemies":"Book of Stabbing","floor":28,"turns":8},{"damage":10,"enemies":"Replay:Snechameleon","floor":30,"turns":7},{"damage":30,"enemies":"Automaton","floor":33,"turns":13},{"damage":9,"enemies":"Orb Walker","floor":35,"turns":4},{"damage":13,"enemies":"3 Shapes","floor":36,"turns":4},{"damage":11,"enemies":"Maw","floor":37,"turns":8},{"damage":43,"enemies":"Orin","floor":38,"turns":12},{"damage":9,"enemies":"Nemesis","floor":40,"turns":9},{"damage":11,"enemies":"Spire Growth","floor":41,"turns":6},{"damage":55,"enemies":"Reptomancer","floor":42,"turns":6},{"damage":39,"enemies":"Sphere and 2 Shapes","floor":45,"turns":7},{"damage":76,"enemies":"Transient","floor":48,"turns":5},{"damage":43,"enemies":"Time Eater","floor":50,"turns":8}],"seed_played":"-297022831799138260","potions_obtained":[{"floor":3,"key":"Adrenaline Potion"},{"floor":3,"key":"HeartOfIron"},{"floor":12,"key":"Block Potion"},{"floor":14,"key":"BlessingOfTheForge"},{"floor":21,"key":"BloodPotion"},{"floor":24,"key":"FearPotion"},{"floor":30,"key":"DistilledChaos"},{"floor":33,"key":"BlessingOfTheForge"},{"floor":36,"key":"SteroidPotion"},{"floor":37,"key":"Regen Potion"},{"floor":40,"key":"Swift Potion"},{"floor":41,"key":"BloodPotion"}],"is_trial":false,"path_per_floor":["M","?","?","M","M","R","?","E","T","R","M","E","$","M","R","B",null,"M","$","?","M","M","R","M","M","T","$","E","R","E","?","R","B",null,"M","M","M","?","$","E","M","E","T","R","M","$","?","M","R","B"],"character_chosen":"IRONCLAD","items_purchased":["Eclipse+1","Metallicize","expansioncontent:DefensiveStance","Metallicize","Frozen Egg 2"],"campfire_rested":4,"item_purchase_floors":[13,13,19,27,39],"current_hp_per_floor":[74,74,74,75,75,75,75,42,42,42,36,25,25,25,47,55,70,73,73,73,75,75,75,67,65,65,65,27,49,47,26,50,28,67,66,61,58,38,38,37,34,22,22,46,15,15,15,7,31,0,0],"gold":95,"neow_bonus":"THREE_ENEMY_KILL","is_daily":false,"chose_seed":false,"campfire_upgraded":2,"win_rate":0.0,"timestamp":1610235427,"path_taken":["M","?","?","?","M","R","?","E","T","R","M","E","$","M","R","BOSS","M","?","?","M","?","R","?","M","T","$","E","R","E","?","R","BOSS","M","M","M","?","$","E","M","E","T","R","M","$","?","M","R","BOSS"],"items_purchased_type":["Card","Card","Card","Card","Relic"],"build_version":"2020-12-18","purchased_purges":1,"victory":false,"max_hp_per_floor":[75,75,75,75,75,75,75,75,75,75,75,75,75,75,75,75,75,75,75,75,75,75,75,75,75,75,75,75,75,75,80,80,80,80,80,80,80,80,80,80,80,80,80,80,80,80,80,80,80,80,80],"card_choices":[{"not_picked":["Heavy Blade","hubris:ReadiedAction"],"picked":"Run Through","floor":1},{"not_picked":["Flex","Headbutt","Perfected Strike"],"picked":"SKIP","floor":4},{"not_picked":["Rage","hubris:ReadiedAction"],"picked":"Rampage","floor":5},{"not_picked":["Massacre","Anger"],"picked":"Juggernaut","floor":8},{"not_picked":["Abandon","Life Link"],"picked":"Battle Trance","floor":11},{"not_picked":["Spot Weakness","ReplayTheSpireMod:Strike From Hell"],"picked":"Barricade","floor":12},{"not_picked":["Sword Boomerang","Dual Wield"],"picked":"Iron Wave","floor":14},{"not_picked":["Hemogenesis","Limit Break"],"picked":"Juggernaut","floor":16},{"not_picked":["Dark Embrace","Twin Strike"],"picked":"Armaments","floor":18},{"not_picked":["Battle Trance","True Grit"],"picked":"Rampage","floor":21},{"not_picked":["Perfected Strike","Disarm"],"picked":"Armaments","floor":22},{"not_picked":["Clash","hubris:ReadiedAction"],"picked":"Bloodletting","floor":24},{"not_picked":["hubris:ReadiedAction","Anger"],"picked":"Pommel Strike","floor":25},{"not_picked":["Immolate","Spot Weakness+1"],"picked":"Battle Trance","floor":28},{"not_picked":["Pommel Strike","Life Link"],"picked":"Exhume","floor":30},{"not_picked":["Reaper","Feed"],"picked":"Demonic Infusion","floor":33},{"not_picked":["Rupture","hubris:ReadiedAction"],"picked":"Defy Death","floor":35},{"not_picked":["ReplayTheSpireMod:Limb From Limb","Pommel Strike"],"picked":"ReplayTheSpireMod:Strike From Hell","floor":36},{"not_picked":["Clash","Sentinel"],"picked":"Iron Wave+1","floor":37},{"not_picked":["Twin Strike","Flex+1"],"picked":"Armaments","floor":38},{"not_picked":["Rage","Run Through"],"picked":"Pommel Strike","floor":40},{"not_picked":["Heavy Blade","Headbutt+1"],"picked":"Armaments+1","floor":41},{"not_picked":["True Grit","Perfected Strike+1"],"picked":"Armaments+1","floor":42},{"not_picked":["Heavy Blade","Perfected Strike","Clash"],"picked":"SKIP","floor":45},{"not_picked":["Pommel Strike","Dropkick","Run Through"],"picked":"SKIP","floor":48}],"player_experience":572655,"relics_obtained":[{"floor":8,"key":"Charon\u0027s Ashes"},{"floor":12,"key":"Blood Vial"},{"floor":26,"key":"hubris:SlimyHat"},{"floor":28,"key":"Smiling Mask"},{"floor":30,"key":"Replay:Mystery Machine"},{"floor":38,"key":"CatCart"},{"floor":40,"key":"aspiration:HiddenCompartment"},{"floor":42,"key":"Golden Egg"},{"floor":43,"key":"Gremlin Horn"}],"event_choices":[{"damage_healed":0,"gold_gain":0,"player_choice":"Bought 2 Potions","damage_taken":0,"max_hp_gain":0,"max_hp_loss":0,"event_name":"The Woman in Blue","floor":3,"gold_loss":0},{"damage_healed":0,"gold_gain":0,"cards_transformed":["Strike_R"],"player_choice":"Transformed","damage_taken":0,"max_hp_gain":0,"max_hp_loss":0,"event_name":"Transmorgrifier","floor":7,"gold_loss":0,"cards_obtained":["ReplayReversal"]},{"cards_removed":["Strike_R"],"damage_healed":0,"gold_gain":0,"player_choice":"Purged","damage_taken":0,"max_hp_gain":0,"max_hp_loss":0,"event_name":"Purifier","floor":20,"gold_loss":0},{"damage_healed":0,"gold_gain":0,"player_choice":"Shed Blood","damage_taken":26,"max_hp_gain":5,"max_hp_loss":0,"event_name":"Forgotten Altar","floor":31,"gold_loss":0},{"damage_healed":0,"gold_gain":0,"player_choice":"Fight","damage_taken":0,"max_hp_gain":0,"max_hp_loss":0,"event_name":"OrinTheCat","floor":38,"gold_loss":0},{"damage_healed":0,"gold_gain":0,"player_choice":"Ignored","damage_taken":0,"max_hp_gain":0,"max_hp_loss":0,"event_name":"SecretPortal","floor":47,"gold_loss":0}],"is_beta":true,"boss_relics":[{"not_picked":["Pandora\u0027s Box","aspiration:SilentSkillbook"],"picked":"Abe\u0027s Treasure"},{"not_picked":["Replay:Drink Me","Ring of Chaos"],"picked":"ChewingGum"}],"items_purged_floors":[46],"is_endless":false,"potions_floor_spawned":[5,12,14,21,24,30,33,36,37,40,41],"killed_by":"Time Eater","ascension_level":15}}