{"host":"6qo42zgaknezulyg","time":1610206687,"event":{"mods":["2.2 Compatiblity","BaseMod","Downfall","Keyboard Shortcuts","Minty Spire (QoL Compilation)","Permanent Neow","Quick Restart","StSLib","SuperFastMode"],"gold_per_floor":[99,117,137,153,169,79,103,138,149,166,192,192,117,117,127,240,240,240,249,269,84,98,111,111,111,148,177,177,177,177,191,206,303,303,303,320,320,344,355,355,355,355,365,423,273,283,283,337,356,356,356,383,101,101,101],"floor_reached":56,"playtime":2826,"items_purged":["Shame","Slimebound:Strike_Slimebound","Slimebound:Equalize"],"score":1148,"play_id":"45c0b65d-32fa-409c-9d30-7041134d3cb2","local_time":"20210110003807","is_ascension_mode":false,"campfire_choices":[{"data":"Slimebound:OozeBath","floor":1.0,"key":"SMITH"},{"data":"Slimebound:Split","floor":13.0,"key":"SMITH"},{"data":"Slimebound:RallyTheTroops","floor":18.0,"key":"SMITH"},{"floor":25.0,"key":"REST"},{"floor":29.0,"key":"REST"},{"floor":35.0,"key":"RECALL"},{"data":"Slimebound:LevelUp","floor":45.0,"key":"SMITH"},{"floor":54.0,"key":"REST"}],"circlet_count":0,"master_deck":["Slimebound:Tackle","Slimebound:Defend_Slimebound","Slimebound:Defend_Slimebound","Slimebound:Defend_Slimebound","Slimebound:Defend_Slimebound+1","Slimebound:Split+1","Slimebound:OozeBath+1","Slimebound:HungryTackle","Slimebound:SplitMire","Slimebound:LivingWall","Slimebound:Recollect","Slimebound:RallyTheTroops+1","Slimebound:SplitSpecialist+1","Slimebound:LevelUp+1","Slimebound:Prepare+1","Slimebound:Prepare","Slimebound:RallyTheTroops","Slimebound:SamplingLick+1","Slimebound:RainOfGoop+1","Slimebound:ForwardTackle+1","Slimebound:LevelUp+1"],"relics":["Slimebound:AbsorbEndCombat","Bag of Preparation","downfall:HeartBlessingGreen","Philosopher\u0027s Stone","Tiny Chest","Blue Candle","Nilry\u0027s Codex","downfall:RedIOU","expansioncontent:StudyCardRelic","Letter Opener","champ:Barbells","downfall:HeartBlessingRed","downfall:HeartBlessingBlue","Ornamental Fan","champ:DuelingGlove","Toy Ornithopter","Kunai"],"acts_visited":["Exordium","TheCity","TheBeyond","TheEnding"],"potions_floor_usage":[55,55,55],"damage_taken":[{"damage":7.0,"enemies":"Cultist","floor":2.0,"turns":3.0},{"damage":4.0,"enemies":"2 Louse","floor":3.0,"turns":3.0},{"damage":8.0,"enemies":"Small Slimes","floor":4.0,"turns":3.0},{"damage":20.0,"enemies":"3 Louse","floor":5.0,"turns":3.0},{"damage":19.0,"enemies":"downfall:FleeingMerchant","floor":6.0,"turns":4.0},{"damage":45.0,"enemies":"3 Sentries","floor":8.0,"turns":7.0},{"damage":5.0,"enemies":"Exordium Thugs","floor":9.0,"turns":4.0},{"damage":12.0,"enemies":"Large Slime","floor":10.0,"turns":4.0},{"damage":8.0,"enemies":"3 Louse","floor":11.0,"turns":2.0},{"damage":18.0,"enemies":"Blue Slaver","floor":15.0,"turns":3.0},{"damage":51.0,"enemies":"downfall:Defect","floor":16.0,"turns":6.0},{"damage":0.0,"enemies":"Chosen","floor":19.0,"turns":1.0},{"damage":33.0,"enemies":"Snecko","floor":20.0,"turns":4.0},{"damage":26.0,"enemies":"downfall:FleeingMerchant","floor":21.0,"turns":4.0},{"damage":39.0,"enemies":"Centurion and Healer","floor":22.0,"turns":6.0},{"damage":47.0,"enemies":"3 Cultists","floor":23.0,"turns":5.0},{"damage":54.0,"enemies":"Book of Stabbing","floor":26.0,"turns":4.0},{"damage":20.0,"enemies":"Snecko","floor":27.0,"turns":4.0},{"damage":21.0,"enemies":"Centurion and Healer","floor":31.0,"turns":6.0},{"damage":36.0,"enemies":"Snake Plant","floor":32.0,"turns":3.0},{"damage":24.0,"enemies":"downfall:Watcher","floor":33.0,"turns":8.0},{"damage":14.0,"enemies":"Orb Walker","floor":36.0,"turns":3.0},{"damage":12.0,"enemies":"3 Shapes","floor":39.0,"turns":4.0},{"damage":18.0,"enemies":"3 Shapes","floor":42.0,"turns":3.0},{"damage":20.0,"enemies":"Sphere and 2 Shapes","floor":43.0,"turns":4.0},{"damage":27.0,"enemies":"downfall:FleeingMerchant","floor":44.0,"turns":4.0},{"damage":20.0,"enemies":"3 Darklings","floor":46.0,"turns":2.0},{"damage":9.0,"enemies":"2 Orb Walkers","floor":48.0,"turns":2.0},{"damage":8.0,"enemies":"Maw","floor":49.0,"turns":4.0},{"damage":36.0,"enemies":"downfall:Ironclad","floor":50.0,"turns":4.0},{"damage":40.0,"enemies":"downfall:CharBossMerchant","floor":52.0,"turns":6.0},{"damage":77,"enemies":"downfall:NeowBoss","floor":55,"turns":15}],"seed_played":"-4995988421005338519","potions_obtained":[{"floor":3.0,"key":"SkillPotion"},{"floor":4.0,"key":"Fire Potion"},{"floor":8.0,"key":"Strength Potion"},{"floor":9.0,"key":"Slimebound:SlimedPotion"},{"floor":10.0,"key":"DistilledChaos"},{"floor":16.0,"key":"LiquidBronze"},{"floor":22.0,"key":"Block Potion"},{"floor":23.0,"key":"SpeedPotion"},{"floor":26.0,"key":"Strength Potion"},{"floor":31.0,"key":"PowerPotion"},{"floor":39.0,"key":"hexamod:EctoCoolerPotion"}],"is_trial":false,"path_per_floor":["R","M","M","M","M","$","T","E","M","M","M","?","R","?","M","B",null,"R","M","M","$","M","M","T","R","E","M","?","R","?","M","M","B",null,"R","M","?","T","M","?","T","?","M","$","R","M","T","?","M","B",null,"E","$","R","B",null],"character_chosen":"SLIMEBOUND","items_purchased":["Slimebound:LevelUp","champ:Barbells","Kunai","Slimebound:LevelUp"],"campfire_rested":3,"item_purchase_floors":[21,44,53,53],"current_hp_per_floor":[60,59,60,60,52,51,51,22,33,39,41,41,41,41,41,22,60,60,60,57,52,57,40,40,58,32,38,22,40,40,49,29,39,60,60,60,60,60,60,60,60,60,60,55,65,66,66,70,70,58,70,46,46,67,67],"gold":101,"neow_bonus":"TRANSFORM_TWO_CARDS","is_daily":false,"chose_seed":false,"campfire_upgraded":4,"win_rate":0.0,"timestamp":1610206687,"path_taken":["R","M","M","M","M","$","T","E","M","M","?","?","R","?","M","BOSS","R","M","M","$","M","M","T","R","E","M","?","R","?","M","M","BOSS","R","M","?","?","M","?","T","?","?","$","R","M","?","?","M","BOSS","E","$","R","BOSS"],"items_purchased_type":["Card","Relic","Relic","Card"],"build_version":"2020-12-22","purchased_purges":3,"victory":true,"max_hp_per_floor":[60,60,60,60,60,60,60,60,60,60,60,60,60,60,60,60,60,60,60,60,60,60,60,60,60,60,60,60,60,60,60,60,60,60,60,60,60,60,60,60,60,60,60,60,70,70,70,70,70,70,70,70,70,70,70],"card_choices":[{"not_picked":["Slimebound:RollThrough","Slimebound:SlimeBarrage","Slimebound:BestDefense"],"picked":"SKIP","floor":2.0},{"not_picked":["Slimebound:Schlurp","Slimebound:GoopSpray","Slimebound:PressTheAttack"],"picked":"SKIP","floor":3.0},{"not_picked":["Slimebound:LeechEnergy","Slimebound:Repurpose"],"picked":"Slimebound:SplitMire","floor":4.0},{"not_picked":["Slimebound:HauntingLick","Slimebound:SplitMire","Slimebound:GoopSpray"],"picked":"SKIP","floor":5.0},{"not_picked":["Slimebound:FinishingTackle","Slimebound:Dissolve","Slimebound:LeechEnergy"],"picked":"SKIP","floor":6.0},{"not_picked":["Slimebound:DivideAndConquer","Slimebound:DouseInSlime"],"picked":"Slimebound:LivingWall","floor":8.0},{"not_picked":["Slimebound:SplitLeeching","Slimebound:ServeAndProtect","Slimebound:SamplingLick"],"picked":"SKIP","floor":9.0},{"not_picked":["Slimebound:GoopTackle","Slimebound:Repurpose","Slimebound:Schlurp"],"picked":"SKIP","floor":10.0},{"not_picked":["Slimebound:SplitLeeching","Slimebound:SlimeTap"],"picked":"Slimebound:Recollect","floor":11.0},{"not_picked":["Slimebound:SplitMire","Slimebound:SamplingLick","Slimebound:LeechingTouch"],"picked":"SKIP","floor":15.0},{"not_picked":["Slimebound:MassFeed","Slimebound:OozeBath"],"picked":"Slimebound:RallyTheTroops","floor":16.0},{"not_picked":["Slimebound:RollThrough+1","Slimebound:BestDefense"],"picked":"Slimebound:SplitSpecialist+1","floor":19.0},{"not_picked":["Slimebound:ComboTackle","Slimebound:LeechEnergy","Slimebound:AcidTongue"],"picked":"SKIP","floor":20.0},{"not_picked":["Slimebound:AcidTongue","Slimebound:DisruptingSlam","Slimebound:SplitMire"],"picked":"SKIP","floor":21.0},{"not_picked":["Slimebound:GoopSpray","Slimebound:Gluttony+1","Slimebound:Recollect"],"picked":"SKIP","floor":22.0},{"not_picked":["Slimebound:SplitAcid","Slimebound:FinishingTackle","Slimebound:Schlurp"],"picked":"SKIP","floor":23.0},{"not_picked":["Slimebound:LeechingTouch","Slimebound:Schlurp"],"picked":"Slimebound:Equalize","floor":26.0},{"not_picked":["Slimebound:LeechingTouch","Slimebound:SamplingLick"],"picked":"Slimebound:Prepare+1","floor":27.0},{"not_picked":["Slimebound:SplitLeeching","Slimebound:BestDefense"],"picked":"Slimebound:Prepare","floor":31.0},{"not_picked":["Slimebound:FirmFortitude","Slimebound:BestDefense","Slimebound:SpikyOuterGoop"],"picked":"SKIP","floor":32.0},{"not_picked":["Slimebound:DuplicatedForm","Slimebound:MassFeed"],"picked":"Slimebound:RallyTheTroops","floor":33.0},{"not_picked":["Slimebound:Nibble","Slimebound:Equalize"],"picked":"Slimebound:SamplingLick+1","floor":36.0},{"not_picked":["Slimebound:RollThrough+1","Slimebound:FinishingTackle"],"picked":"Slimebound:RainOfGoop+1","floor":39.0},{"not_picked":["Slimebound:FinishingTackle+1","Slimebound:SplitLeeching+1","Slimebound:SplitAcid"],"picked":"SKIP","floor":43.0},{"not_picked":["Slimebound:LeechingTouch","Slimebound:DisruptingSlam","Slimebound:ViciousTackle"],"picked":"SKIP","floor":44.0},{"not_picked":["Slimebound:Gluttony+1","Slimebound:PressTheAttack","Slimebound:FinishingTackle"],"picked":"SKIP","floor":46.0},{"not_picked":["Slimebound:MassFeed","Slimebound:GrowthPunch+1"],"picked":"Slimebound:ForwardTackle+1","floor":48.0},{"not_picked":["Slimebound:FlameTackle","Slimebound:LeechEnergy","Slimebound:PressTheAttack"],"picked":"SKIP","floor":49.0},{"not_picked":["Slimebound:ViciousTackle+1","Slimebound:Repurpose","Slimebound:ComboTackle+1"],"picked":"SKIP","floor":52.0}],"player_experience":1092812,"relics_obtained":[{"floor":7.0,"key":"CeramicFish"},{"floor":8.0,"key":"Bag of Preparation"},{"floor":24.0,"key":"Tiny Chest"},{"floor":26.0,"key":"Blue Candle"},{"floor":28.0,"key":"Nilry\u0027s Codex"},{"floor":41.0,"key":"Letter Opener"},{"floor":47.0,"key":"Ornamental Fan"},{"floor":48.0,"key":"champ:DuelingGlove"},{"floor":52.0,"key":"Toy Ornithopter"}],"event_choices":[{"cards_removed":["Slimebound:CorrosiveSpit"],"damage_healed":0.0,"max_hp_gain":0.0,"max_hp_loss":0.0,"gold_gain":0.0,"event_name":"Bonfire Elementals","player_choice":"Offered Basic","floor":37.0,"gold_loss":0.0,"damage_taken":0.0},{"damage_healed":0.0,"max_hp_gain":0.0,"max_hp_loss":0.0,"gold_gain":0.0,"event_name":"Mysterious Sphere","player_choice":"Fight","floor":48.0,"gold_loss":0.0,"damage_taken":0.0}],"is_beta":false,"boss_relics":[{"not_picked":["Coffee Dripper","SacredBark"],"picked":"Philosopher\u0027s Stone"},{"not_picked":["Pandora\u0027s Box","Empty Cage"],"picked":"expansioncontent:StudyCardRelic"}],"items_purged_floors":[6,21,44],"is_endless":false,"potions_floor_spawned":[3,4,8,9,10,16,22,23,26,31,32,39,43,48,49,52],"ascension_level":0}}