{"host":"kh6fvhxn285ncg0o","time":1610220380,"event":{"mods":["Act Like it!","BaseMod","Colored Map","Friendly Minions","Keyboard Shortcuts","Minty Spire (QoL Compilation)","Quick Restart","Relic Stats","StSLib","SuperFastMode"],"gold_per_floor":[20,20,34,34,34,69,69,104,158,188,225,248,248,271,271,352,352,369,392,22,49,49,86,86,125,125,150,168,168,188,217,217,296,296,319,319,319,319,348,379,404,447,470,497,497,512,555,565,565,565,565,565,565,181,209,209],"floor_reached":57,"playtime":2081,"items_purged":["Strike_R","Bludgeon+1"],"score":3607,"play_id":"27d4f504-74a8-4215-b913-27ffa3a8290c","local_time":"20210110042620","is_ascension_mode":true,"campfire_choices":[{"data":"Bludgeon","floor":7.0,"key":"SMITH"},{"data":"Corruption","floor":13.0,"key":"SMITH"},{"data":"Fire Breathing","floor":15.0,"key":"SMITH"},{"floor":24.0,"key":"REST"},{"data":"Feel No Pain","floor":29,"key":"SMITH"},{"data":"Feel No Pain","floor":32,"key":"SMITH"},{"floor":45,"key":"RECALL"},{"data":"Barricade","floor":49,"key":"SMITH"},{"data":"Body Slam","floor":53,"key":"SMITH"}],"circlet_count":0,"master_deck":["AscendersBane","Defend_R+1","Defend_R","Defend_R+1","Corruption+1","Sentinel","Flame Barrier+1","Armaments+1","Impervious+1","Fire Breathing+1","Shrug It Off+1","Barricade+1","Entrench+1","Feel No Pain+1","Feed","Shrug It Off+1","Body Slam+1","Disarm+1","Metallicize","Feel No Pain+1","Evolve","True Grit+1","Battle Trance+1","Disarm+1","Dark Shackles+1","Discovery+1","Dark Shackles+1","Power Through+1","Offering+1"],"relics":["Burning Blood","Potion Belt","Toxic Egg 2","Incense Burner","CeramicFish","Odd Mushroom","Art of War","Philosopher\u0027s Stone","Bag of Preparation","Letter Opener","Champion Belt","Dead Branch","Oddly Smooth Stone","Runic Dome","Ornamental Fan","StoneCalendar","War Paint","Mummified Hand","Frozen Eye","Lizard Tail"],"acts_visited":["Exordium","TheCity","TheBeyond","TheEnding"],"potions_floor_usage":[25,46,56,56,56],"damage_taken":[{"damage":10.0,"enemies":"Small Slimes","floor":1.0,"turns":4.0},{"damage":1.0,"enemies":"Cultist","floor":3.0,"turns":3.0},{"damage":25.0,"enemies":"3 Sentries","floor":6.0,"turns":6.0},{"damage":19.0,"enemies":"Gremlin Nob","floor":8.0,"turns":3.0},{"damage":0.0,"enemies":"The Mushroom Lair","floor":10.0,"turns":4.0},{"damage":24.0,"enemies":"3 Sentries","floor":11.0,"turns":8.0},{"damage":0.0,"enemies":"Jaw Worm","floor":12.0,"turns":4.0},{"damage":2.0,"enemies":"2 Fungi Beasts","floor":14.0,"turns":5.0},{"damage":0.0,"enemies":"Slime Boss","floor":16.0,"turns":7.0},{"damage":13.0,"enemies":"3 Byrds","floor":18.0,"turns":6.0},{"damage":15.0,"enemies":"Spheric Guardian","floor":19.0,"turns":6.0},{"damage":0.0,"enemies":"3 Cultists","floor":21.0,"turns":7.0},{"damage":20.0,"enemies":"Gremlin Leader","floor":23.0,"turns":10.0},{"damage":42,"enemies":"Slavers","floor":25,"turns":6},{"damage":0,"enemies":"Gremlin Leader","floor":27,"turns":5},{"damage":0,"enemies":"Snake Plant","floor":30,"turns":2},{"damage":0,"enemies":"Centurion and Healer","floor":31,"turns":8},{"damage":0,"enemies":"Champ","floor":33,"turns":4},{"damage":0,"enemies":"3 Shapes","floor":35,"turns":4},{"damage":3,"enemies":"Orb Walker","floor":39,"turns":3},{"damage":0,"enemies":"Giant Head","floor":40,"turns":5},{"damage":0,"enemies":"Mind Bloom Boss Battle","floor":41,"turns":7},{"damage":6,"enemies":"Nemesis","floor":42,"turns":5},{"damage":0,"enemies":"Writhing Mass","floor":46,"turns":2},{"damage":0,"enemies":"Giant Head","floor":47,"turns":3},{"damage":0,"enemies":"Spire Growth","floor":48,"turns":6},{"damage":2,"enemies":"Awakened One","floor":50,"turns":14},{"damage":6,"enemies":"Donu and Deca","floor":51,"turns":5},{"damage":1,"enemies":"Shield and Spear","floor":55,"turns":6},{"damage":0,"enemies":"The Heart","floor":56,"turns":8}],"seed_played":"-6477916615860682016","potions_obtained":[{"floor":1.0,"key":"Weak Potion"},{"floor":12.0,"key":"Dexterity Potion"},{"floor":14.0,"key":"Dexterity Potion"},{"floor":16.0,"key":"Energy Potion"},{"floor":18.0,"key":"PowerPotion"},{"floor":30,"key":"Block Potion"},{"floor":31,"key":"Dexterity Potion"},{"floor":41,"key":"Regen Potion"},{"floor":42,"key":"Dexterity Potion"},{"floor":47,"key":"Energy Potion"}],"is_trial":false,"path_per_floor":["M","?","M","$","?","E","R","E","T","?","E","M","R","M","R","B",null,"M","M","$","M","?","E","R","E","T","E","?","R","M","M","R","B",null,"M","?","?","?","M","E","?","E","T","?","R","M","E","M","R","B","B",null,"R","$","E","B",null],"character_chosen":"IRONCLAD","items_purchased":["Bag of Preparation","Feel No Pain","Feed","Frozen Eye","Offering+1","Block Potion"],"campfire_rested":1,"item_purchase_floors":[20,20,20,54,54,54],"current_hp_per_floor":[64,64,69,69,62,43,43,30,30,36,18,24,24,28,28,34,65,58,49,49,58,36,22,46,10,10,19,19,19,25,39,39,48,85,94,94,94,94,98,102,105,108,108,98,98,107,111,115,115,115,119,119,119,119,119,119],"gold":209,"neow_bonus":"TRANSFORM_TWO_CARDS","is_daily":false,"chose_seed":false,"campfire_upgraded":7,"win_rate":0.0,"timestamp":1610220380,"path_taken":["M","?","M","?","?","E","R","E","T","?","E","M","R","?","R","BOSS","M","M","$","?","?","E","R","E","T","E","?","R","?","M","R","BOSS","M","?","?","?","M","E","?","E","T","?","R","M","E","?","R","BOSS","BOSS","R","$","E","BOSS"],"items_purchased_type":["Relic","Card","Card","Relic","Card","Potion"],"build_version":"2020-12-22","purchased_purges":2,"victory":true,"max_hp_per_floor":[75,75,75,75,75,75,75,75,75,75,75,75,75,75,75,75,75,75,75,75,78,83,83,83,83,83,86,86,86,86,94,94,97,97,100,100,95,95,98,102,105,108,108,108,108,111,111,115,115,115,119,119,119,119,119,119],"relic_stats":{"counters":[30,166],"CeramicFish":198,"Dead Branch":[420],"StoneCalendar":[52],"Bag of Preparation":[38],"Letter Opener":[545],"War Paint":["Defend_R","Defend_R"],"Burning Blood":143,"Lizard Tail":0,"Ornamental Fan":[60],"Mummified Hand":[68],"Art of War":[56],"Champion Belt":[11],"obtain_stats":[{"Potion Belt":2,"CeramicFish":9,"Dead Branch":26,"Oddly Smooth Stone":27,"StoneCalendar":41,"Incense Burner":8,"Bag of Preparation":20,"Letter Opener":23,"Odd Mushroom":10,"War Paint":42,"Burning Blood":0,"Runic Dome":34,"Frozen Eye":54,"Lizard Tail":55,"Ornamental Fan":40,"Mummified Hand":47,"Philosopher\u0027s Stone":17,"Art of War":11,"Champion Belt":25,"Toxic Egg 2":6},{"Potion Belt":1,"CeramicFish":4,"Dead Branch":14,"Oddly Smooth Stone":15,"StoneCalendar":22,"Incense Burner":4,"Bag of Preparation":11,"Letter Opener":13,"Odd Mushroom":5,"War Paint":23,"Burning Blood":0,"Runic Dome":18,"Frozen Eye":28,"Lizard Tail":29,"Ornamental Fan":21,"Mummified Hand":25,"Philosopher\u0027s Stone":9,"Art of War":6,"Champion Belt":14,"Toxic Egg 2":3},{"Potion Belt":4,"CeramicFish":16,"Dead Branch":79,"Oddly Smooth Stone":84,"StoneCalendar":117,"Incense Burner":16,"Bag of Preparation":56,"Letter Opener":73,"Odd Mushroom":20,"War Paint":122,"Burning Blood":0,"Runic Dome":98,"Frozen Eye":152,"Lizard Tail":158,"Ornamental Fan":110,"Mummified Hand":127,"Philosopher\u0027s Stone":44,"Art of War":28,"Champion Belt":79,"Toxic Egg 2":13}]},"card_choices":[{"not_picked":["Infernal Blade","Heavy Blade"],"picked":"Sentinel","floor":1.0},{"not_picked":["Perfected Strike","Clothesline"],"picked":"Flame Barrier+1","floor":6.0},{"not_picked":["Rampage","Clash"],"picked":"Armaments+1","floor":10.0},{"not_picked":["Clash","Rage+1"],"picked":"Impervious+1","floor":11.0},{"not_picked":["Pommel Strike","Twin Strike"],"picked":"Fire Breathing","floor":12.0},{"not_picked":["Warcry+1","Searing Blow"],"picked":"Shrug It Off+1","floor":14.0},{"not_picked":["Limit Break+1","Impervious+1"],"picked":"Barricade","floor":16.0},{"not_picked":["Flex+1","Clothesline","Sword Boomerang"],"picked":"SKIP","floor":18.0},{"not_picked":["Reckless Charge","Whirlwind+1"],"picked":"Entrench+1","floor":19.0},{"not_picked":["True Grit+1","Dropkick"],"picked":"Shrug It Off+1","floor":21.0},{"not_picked":["Clothesline","Clash"],"picked":"Body Slam","floor":23.0},{"not_picked":["Havoc+1","Anger"],"picked":"Disarm+1","floor":25},{"not_picked":["Thunderclap","Demon Form","Wild Strike"],"picked":"SKIP","floor":27},{"not_picked":["Pommel Strike","Anger","Havoc+1"],"picked":"SKIP","floor":30},{"not_picked":["Carnage","Pommel Strike+1"],"picked":"Evolve","floor":31},{"not_picked":["Rupture","Thunderclap+1"],"picked":"True Grit+1","floor":35},{"not_picked":["Havoc+1","Bloodletting+1"],"picked":"Battle Trance+1","floor":39},{"not_picked":["Clash+1","Perfected Strike","Thunderclap"],"picked":"SKIP","floor":40},{"not_picked":["Wild Strike","Dark Embrace"],"picked":"Disarm+1","floor":42},{"not_picked":["Mayhem","Chrysalis+1"],"picked":"Dark Shackles+1","floor":44},{"not_picked":["Dramatic Entrance","Madness+1"],"picked":"Discovery+1","floor":44},{"not_picked":["PanicButton+1","Impatience+1"],"picked":"Dark Shackles+1","floor":44},{"not_picked":["Perfected Strike","Sever Soul","Flex+1"],"picked":"SKIP","floor":46},{"not_picked":["Combust+1","Metallicize+1"],"picked":"Power Through+1","floor":47},{"not_picked":["Reckless Charge","Infernal Blade+1","True Grit+1"],"picked":"SKIP","floor":48},{"not_picked":["Clash+1","Immolate","Thunderclap+1"],"picked":"SKIP","floor":55}],"player_experience":3402621,"relics_obtained":[{"floor":6.0,"key":"Toxic Egg 2"},{"floor":8.0,"key":"Incense Burner"},{"floor":9.0,"key":"CeramicFish"},{"floor":10.0,"key":"Odd Mushroom"},{"floor":11.0,"key":"Art of War"},{"floor":23.0,"key":"Letter Opener"},{"floor":25,"key":"Champion Belt"},{"floor":26,"key":"Dead Branch"},{"floor":27,"key":"Oddly Smooth Stone"},{"floor":40,"key":"Ornamental Fan"},{"floor":41,"key":"StoneCalendar"},{"floor":42,"key":"War Paint"},{"floor":47,"key":"Mummified Hand"},{"floor":55,"key":"Lizard Tail"}],"event_choices":[{"damage_healed":0.0,"max_hp_gain":0.0,"max_hp_loss":0.0,"gold_gain":0.0,"event_name":"WeMeetAgain","player_choice":"Gave Potion","floor":2.0,"gold_loss":0.0,"damage_taken":0.0,"relics_obtained":["Potion Belt"]},{"cards_removed":["Strike_R"],"damage_healed":0.0,"max_hp_gain":0.0,"max_hp_loss":0.0,"gold_gain":0.0,"event_name":"Golden Wing","player_choice":"Card Removal","floor":5.0,"gold_loss":0.0,"damage_taken":7.0},{"damage_healed":0.0,"max_hp_gain":0.0,"max_hp_loss":0.0,"gold_gain":0.0,"event_name":"Mushrooms","player_choice":"Fought Mushrooms","floor":10.0,"gold_loss":0.0,"damage_taken":0.0},{"damage_healed":0.0,"max_hp_gain":5.0,"max_hp_loss":0.0,"gold_gain":0.0,"event_name":"Forgotten Altar","player_choice":"Shed Blood","floor":22.0,"gold_loss":0.0,"damage_taken":27.0},{"damage_healed":0,"gold_gain":0,"cards_transformed":["Bash","Strike_R"],"player_choice":"Became Test Subject","damage_taken":0,"max_hp_gain":0,"max_hp_loss":0,"event_name":"Drug Dealer","floor":28,"gold_loss":0,"cards_obtained":["Metallicize","Feel No Pain"]},{"damage_healed":0,"gold_gain":0,"player_choice":"Ignored","damage_taken":0,"max_hp_gain":0,"max_hp_loss":0,"event_name":"Tomb of Lord Red Mask","floor":36,"gold_loss":0},{"damage_healed":0,"gold_gain":0,"player_choice":"Max HP","damage_taken":0,"max_hp_gain":0,"max_hp_loss":5,"event_name":"Winding Halls","floor":37,"gold_loss":0},{"cards_removed":["Defend_R"],"damage_healed":0,"gold_gain":0,"player_choice":"Removed Skill","damage_taken":0,"max_hp_gain":0,"max_hp_loss":0,"event_name":"Falling","floor":38,"gold_loss":0},{"damage_healed":0,"gold_gain":0,"player_choice":"Fight","damage_taken":0,"max_hp_gain":0,"max_hp_loss":0,"event_name":"MindBloom","floor":41,"gold_loss":0},{"damage_healed":0,"gold_gain":0,"player_choice":"Memory 3","damage_taken":10,"max_hp_gain":0,"max_hp_loss":0,"event_name":"SensoryStone","floor":44,"gold_loss":0}],"is_beta":false,"boss_relics":[{"not_picked":["Black Blood","Runic Pyramid"],"picked":"Philosopher\u0027s Stone"},{"not_picked":["Velvet Choker","Calling Bell"],"picked":"Runic Dome"}],"items_purged_floors":[20,54],"is_endless":false,"potions_floor_spawned":[1,12,14,16,18,30,31,41,42,47,48],"ascension_level":20}}