{"host":"8by3m8mve9y2rhh4","time":1610154706,"event":{"mods":["BaseMod","Minty Spire (QoL Compilation)","Quick Restart"],"gold_per_floor":[117,132,147,157,168,197,45,73,99,99,61,61,61,91,91,192,192,175,175,21,35,35,35,61,73,73,73,99,113,113,147,147,251,251,268,288,288,77,88,120,120,151,198,208,223,240,273,323,323,323,323,323,4,31,31],"floor_reached":56,"playtime":5639,"items_purged":["Setup+1"],"score":1653,"play_id":"8f90de91-4007-4736-95d4-abd0962da4bc","local_time":"20210109011146","is_ascension_mode":true,"campfire_choices":[{"floor":10,"key":"REST"},{"floor":15,"key":"REST"},{"floor":23,"key":"REST"},{"floor":27,"key":"REST"},{"floor":32,"key":"REST"},{"floor":41,"key":"RECALL"},{"data":"After Image","floor":49,"key":"SMITH"},{"data":"Accuracy","floor":52,"key":"SMITH"}],"circlet_count":0,"master_deck":["Defend_G","Defend_G","Defend_G","Defend_G","Survivor","Neutralize","Slice+1","Malaise+1","Terror","Cloak And Dagger","Dagger Throw","PiercingWail","Infinite Blades","Finisher","Blade Dance","After Image+1","Dagger Spray","Accuracy+1","Blade Dance+1","Choke","Bite","Bite","Bite","Bite","Dagger Spray","Footwork","Blur","Sadistic Nature","PiercingWail"],"relics":["Astrolabe","CaptainsWheel","TheAbacus","Paper Crane","Snake Skull","Lantern","Philosopher\u0027s Stone","Nilry\u0027s Codex","Membership Card","Bottled Flame","Kunai","Calipers","Ornamental Fan","Busted Crown","Orichalcum","Anchor","ClockworkSouvenir","The Courier","Potion Belt","Bronze Scales","Vajra","TungstenRod","Ginger","Toolbox","Toy Ornithopter","Incense Burner"],"acts_visited":["Exordium","TheCity","TheBeyond","TheEnding"],"potions_floor_usage":[2,16,24,29,31,33,40,50,50,55,55,55],"damage_taken":[{"damage":0,"enemies":"2 Louse","floor":1,"turns":3},{"damage":1,"enemies":"Jaw Worm","floor":2,"turns":3},{"damage":8,"enemies":"Small Slimes","floor":3,"turns":4},{"damage":8,"enemies":"3 Louse","floor":4,"turns":5},{"damage":0,"enemies":"Looter","floor":5,"turns":4},{"damage":24,"enemies":"3 Sentries","floor":6,"turns":12},{"damage":0,"enemies":"Lagavulin","floor":8,"turns":7},{"damage":4,"enemies":"Gremlin Nob","floor":14,"turns":4},{"damage":0,"enemies":"Slime Boss","floor":16,"turns":9},{"damage":8,"enemies":"2 Thieves","floor":18,"turns":4},{"damage":3,"enemies":"Spheric Guardian","floor":21,"turns":5},{"damage":34,"enemies":"Slavers","floor":24,"turns":6},{"damage":4,"enemies":"Shelled Parasite and Fungi","floor":25,"turns":6},{"damage":7,"enemies":"Gremlin Leader","floor":28,"turns":6},{"damage":4,"enemies":"Centurion and Healer","floor":29,"turns":5},{"damage":24,"enemies":"Slavers","floor":31,"turns":4},{"damage":0,"enemies":"Champ","floor":33,"turns":13},{"damage":5,"enemies":"3 Shapes","floor":35,"turns":3},{"damage":8,"enemies":"3 Darklings","floor":36,"turns":6},{"damage":3,"enemies":"Transient","floor":39,"turns":5},{"damage":19,"enemies":"Nemesis","floor":40,"turns":9},{"damage":0,"enemies":"Reptomancer","floor":42,"turns":8},{"damage":0,"enemies":"Jaw Worm Horde","floor":44,"turns":3},{"damage":1,"enemies":"3 Darklings","floor":45,"turns":4},{"damage":2,"enemies":"4 Shapes","floor":46,"turns":6},{"damage":0,"enemies":"Nemesis","floor":47,"turns":8},{"damage":0,"enemies":"Mind Bloom Boss Battle","floor":48,"turns":6},{"damage":5,"enemies":"Awakened One","floor":50,"turns":13},{"damage":15,"enemies":"Shield and Spear","floor":54,"turns":8},{"damage":0,"enemies":"The Heart","floor":55,"turns":9}],"seed_played":"2648380997168296602","potions_obtained":[{"floor":1,"key":"CunningPotion"},{"floor":4,"key":"Explosive Potion"},{"floor":16,"key":"SpeedPotion"},{"floor":28,"key":"ColorlessPotion"},{"floor":29,"key":"SteroidPotion"},{"floor":31,"key":"Weak Potion"},{"floor":35,"key":"LiquidBronze"},{"floor":39,"key":"SkillPotion"},{"floor":40,"key":"PowerPotion"},{"floor":45,"key":"LiquidBronze"},{"floor":47,"key":"EssenceOfSteel"},{"floor":54,"key":"EssenceOfSteel"}],"is_trial":false,"path_per_floor":["M","M","M","M","M","E","$","E","T","R","?","?","?","E","R","B",null,"M","?","$","M","?","R","E","M","T","R","E","M","?","E","R","B",null,"M","M","?","$","M","E","R","E","T","M","M","M","E","?","R","B",null,"R","$","E","B",null],"character_chosen":"THE_SILENT","items_purchased":["TheAbacus","Membership Card","Anchor","Footwork","ClockworkSouvenir","Ginger","Sadistic Nature","Toolbox","Toy Ornithopter"],"campfire_rested":5,"item_purchase_floors":[7,20,38,38,38,53,53,53,53],"current_hp_per_floor":[70,69,61,53,53,29,29,29,29,50,50,50,50,46,67,67,70,62,46,46,43,30,52,18,14,14,36,29,25,25,7,22,38,52,51,50,50,50,52,41,41,52,52,52,52,50,52,52,52,52,52,52,52,45,52],"gold":31,"neow_bonus":"BOSS_RELIC","is_daily":false,"chose_seed":false,"campfire_upgraded":2,"win_rate":0.0,"timestamp":1610154706,"path_taken":["M","M","M","M","M","E","$","E","T","R","?","?","?","E","R","BOSS","M","?","$","M","?","R","E","M","T","R","E","M","?","E","R","BOSS","M","M","?","$","M","E","R","E","T","M","M","?","E","?","R","BOSS","R","$","E","BOSS"],"items_purchased_type":["Relic","Relic","Relic","Card","Relic","Relic","Card","Relic","Relic"],"build_version":"2020-12-22","purchased_purges":1,"victory":true,"max_hp_per_floor":[70,70,70,70,70,70,70,70,70,70,70,70,70,70,70,70,70,70,70,70,70,75,75,75,75,75,75,75,75,52,52,52,52,52,52,52,52,52,52,52,52,52,52,52,52,52,52,52,52,52,52,52,52,52,52],"card_choices":[{"not_picked":["Crippling Poison","Dagger Spray"],"picked":"Terror","floor":1},{"not_picked":["Blade Dance","Dodge and Roll"],"picked":"Cloak And Dagger","floor":2},{"not_picked":["Endless Agony","Outmaneuver","Poisoned Stab"],"picked":"SKIP","floor":3},{"not_picked":["Outmaneuver","Bane"],"picked":"Dagger Throw","floor":4},{"not_picked":["Sucker Punch","Prepared"],"picked":"PiercingWail","floor":5},{"not_picked":["Riddle With Holes","PiercingWail"],"picked":"Infinite Blades","floor":6},{"not_picked":["Catalyst","Slice"],"picked":"Finisher","floor":8},{"not_picked":["Dodge and Roll","Dagger Throw"],"picked":"Blade Dance","floor":14},{"not_picked":["Glass Knife","Die Die Die"],"picked":"After Image","floor":16},{"not_picked":["Acrobatics","Skewer","Well Laid Plans"],"picked":"SKIP","floor":18},{"not_picked":["PiercingWail","Outmaneuver"],"picked":"Dagger Spray","floor":21},{"not_picked":["Riddle With Holes","PiercingWail"],"picked":"Accuracy","floor":24},{"not_picked":["Heel Hook+1","Deflect"],"picked":"Blade Dance+1","floor":25},{"not_picked":["Night Terror","PiercingWail+1","Endless Agony"],"picked":"SKIP","floor":28},{"not_picked":["Setup","Deadly Poison+1","Choke"],"picked":"SKIP","floor":29},{"not_picked":["Setup","Deadly Poison+1"],"picked":"Choke","floor":29},{"not_picked":["Bane","Dagger Throw"],"picked":"Dagger Spray","floor":31},{"not_picked":["Dagger Throw+1"],"picked":"SKIP","floor":35},{"not_picked":["Prepared+1"],"picked":"SKIP","floor":36},{"not_picked":["PiercingWail"],"picked":"SKIP","floor":39},{"not_picked":["Prepared+1"],"picked":"SKIP","floor":40},{"not_picked":["Dodge and Roll"],"picked":"SKIP","floor":42},{"not_picked":["Underhanded Strike"],"picked":"SKIP","floor":44},{"not_picked":[],"picked":"Blur","floor":45},{"not_picked":["Noxious Fumes"],"picked":"SKIP","floor":46},{"not_picked":["Crippling Poison+1"],"picked":"SKIP","floor":47},{"not_picked":[],"picked":"PiercingWail","floor":54}],"player_experience":675725,"relics_obtained":[{"floor":6,"key":"CaptainsWheel"},{"floor":8,"key":"Paper Crane"},{"floor":14,"key":"Lantern"},{"floor":19,"key":"Nilry\u0027s Codex"},{"floor":24,"key":"Bottled Flame"},{"floor":26,"key":"Kunai"},{"floor":28,"key":"Calipers"},{"floor":31,"key":"Ornamental Fan"},{"floor":40,"key":"The Courier"},{"floor":42,"key":"Potion Belt"},{"floor":43,"key":"Bronze Scales"},{"floor":47,"key":"Vajra"},{"floor":48,"key":"TungstenRod"},{"floor":54,"key":"Incense Burner"}],"event_choices":[{"damage_healed":0,"gold_gain":0,"player_choice":"Left Gold","damage_taken":0,"max_hp_gain":0,"max_hp_loss":0,"event_name":"World of Goop","floor":11,"gold_loss":38},{"damage_healed":0,"gold_gain":0,"player_choice":"Searched \u00271\u0027 times","damage_taken":0,"relics_obtained":["Snake Skull"],"max_hp_gain":0,"max_hp_loss":0,"event_name":"Dead Adventurer","floor":12,"gold_loss":0},{"damage_healed":0,"gold_gain":0,"player_choice":"Ignored","damage_taken":0,"max_hp_gain":0,"max_hp_loss":0,"event_name":"Liars Game","floor":13,"gold_loss":0},{"damage_healed":0,"gold_gain":0,"player_choice":"Obtained Book","damage_taken":16,"max_hp_gain":0,"max_hp_loss":0,"event_name":"Cursed Tome","floor":19,"gold_loss":0},{"damage_healed":0,"gold_gain":0,"player_choice":"Shed Blood","damage_taken":18,"max_hp_gain":5,"max_hp_loss":0,"event_name":"Forgotten Altar","floor":22,"gold_loss":0},{"damage_healed":0,"gold_gain":0,"player_choice":"Became a vampire","damage_taken":0,"max_hp_gain":0,"max_hp_loss":23,"event_name":"Vampires","floor":30,"gold_loss":0,"cards_obtained":["Bite","Bite","Bite","Bite","Bite"]},{"cards_removed":["Bite"],"damage_healed":0,"gold_gain":0,"player_choice":"Gave Card","damage_taken":0,"relics_obtained":["Orichalcum"],"max_hp_gain":0,"max_hp_loss":0,"event_name":"WeMeetAgain","floor":37,"gold_loss":0},{"damage_healed":0,"gold_gain":0,"player_choice":"Fight","damage_taken":0,"max_hp_gain":0,"max_hp_loss":0,"event_name":"MindBloom","floor":48,"gold_loss":0}],"is_beta":false,"boss_relics":[{"not_picked":["Snecko Eye","Sozu"],"picked":"Philosopher\u0027s Stone"},{"not_picked":["Runic Dome","Tiny House"],"picked":"Busted Crown"}],"items_purged_floors":[38],"is_endless":false,"potions_floor_spawned":[1,4,16,28,29,31,35,39,40,45,47,54],"ascension_level":1}}