{"host":"4328iixd8pca51w5","time":1610189895,"event":{"mods":["2.2 Compatiblity","BaseMod","CapriCore","KOR Keyword Fix","Minty Spire (QoL Compilation)","StSLib","The Immortal"],"gold_per_floor":[119,119,144,169,169,212,230,230,230,249,44,65,65,83,83,203,203,216,234,36,60,60,60,76,76,76,76,76,89,89,110,110,231,231,251,265,281,1280,1009,1009,1009,631,631,964,964,978,978,7,7,7],"floor_reached":51,"playtime":4911,"items_purged":["MokouMod:Defend","MokouMod:Rekindle+1","Normality","Normality","MokouMod:Meltdown"],"score":710,"play_id":"64b2181a-4295-45bf-bcc2-4aeb1afaf613","local_time":"20210109195815","is_ascension_mode":true,"campfire_choices":[{"data":"MokouMod:SearingShot","floor":8,"key":"SMITH"},{"floor":13,"key":"REST"},{"data":"MokouMod:Overheat","floor":15,"key":"SMITH"},{"floor":23,"key":"REST"},{"data":"MokouMod:FujiyamaVolcano","floor":25,"key":"SMITH"},{"data":"MokouMod:ScorchedEarth","floor":27,"key":"SMITH"},{"floor":32,"key":"REST"},{"data":"MokouMod:SacredFire","floor":41,"key":"SMITH"},{"data":"Apotheosis","floor":49,"key":"SMITH"}],"circlet_count":0,"master_deck":["MokouMod:Strike","MokouMod:Strike+1","MokouMod:Defend+1","MokouMod:Defend","MokouMod:HeatSpark","MokouMod:SearingShot+1","MokouMod:FujiyamaVolcano+1","MokouMod:ThermalPressure","MokouMod:IllusoryBattlefield","MokouMod:Ember","MokouMod:BurningDraft","MokouMod:Firecracker","MokouMod:Overheat+1","MokouMod:Combust","MokouMod:Combust+1","MokouMod:ThermalPressure+1","MokouMod:ScorchedEarth+1","MokouMod:FujiyamaVolcano+1","MokouMod:ResoluteFlare","MokouMod:Overheat","MokouMod:FlickeringFlame+1","MokouMod:SacredFire+1","MokouMod:SubterraneanCore","Bandage Up","Deep Breath","MokouMod:Stoke","Panacea","MokouMod:HeartofFire","Dark Shackles","Sadistic Nature","MokouMod:FujiyamaVolcano+1","MokouMod:Sear","MokouMod:Afterburner","Apotheosis+1","Bandage Up"],"relics":["MokouMod:PhoenixFeather","Bottled Flame","Pantograph","Membership Card","Astrolabe","Blood Vial","Chemical X","Mercury Hourglass","Toy Ornithopter","Runic Pyramid","Sling","Incense Burner","Strange Spoon","Sundial","The Courier","HornCleat","Lantern","Vajra","Centennial Puzzle","Orrery","Akabeko","Juzu Bracelet","Shuriken"],"acts_visited":["Exordium","TheCity","TheBeyond"],"potions_floor_usage":[12,16,16,31,33,36,40,50,50,50,50,50,50],"damage_taken":[{"damage":5,"enemies":"Small Slimes","floor":1,"turns":3},{"damage":1,"enemies":"Jaw Worm","floor":3,"turns":4},{"damage":2,"enemies":"2 Louse","floor":4,"turns":3},{"damage":21,"enemies":"3 Sentries","floor":6,"turns":7},{"damage":0,"enemies":"Large Slime","floor":7,"turns":4},{"damage":4,"enemies":"Blue Slaver","floor":10,"turns":3},{"damage":1,"enemies":"2 Fungi Beasts","floor":12,"turns":3},{"damage":7,"enemies":"Large Slime","floor":14,"turns":4},{"damage":46,"enemies":"The Guardian","floor":16,"turns":12},{"damage":25,"enemies":"Spheric Guardian","floor":18,"turns":5},{"damage":30,"enemies":"2 Thieves","floor":19,"turns":4},{"damage":16,"enemies":"Centurion and Healer","floor":21,"turns":6},{"damage":15,"enemies":"Snake Plant","floor":24,"turns":2},{"damage":6,"enemies":"Snecko","floor":29,"turns":3},{"damage":0,"enemies":"Centurion and Healer","floor":31,"turns":2},{"damage":93,"enemies":"Champ","floor":33,"turns":9},{"damage":7,"enemies":"Orb Walker","floor":35,"turns":2},{"damage":16,"enemies":"3 Shapes","floor":36,"turns":4},{"damage":19,"enemies":"Sphere and 2 Shapes","floor":37,"turns":3},{"damage":0,"enemies":"Nemesis","floor":40,"turns":1},{"damage":3,"enemies":"3 Darklings","floor":46,"turns":3},{"damage":14,"enemies":"Awakened One","floor":50,"turns":5}],"seed_played":"4230920208544508681","potions_obtained":[{"floor":6,"key":"Weak Potion"},{"floor":10,"key":"Dexterity Potion"},{"floor":12,"key":"SneckoOil"},{"floor":14,"key":"Fire Potion"},{"floor":18,"key":"EssenceOfSteel"},{"floor":24,"key":"Dexterity Potion"},{"floor":37,"key":"EntropicBrew"}],"is_trial":false,"path_per_floor":["M","?","M","M","?","E","M","R","T","M","$","M","R","M","R","B",null,"M","M","$","M","?","R","M","R","T","R","T","M","?","M","R","B",null,"M","M","M","?","$","E","R","$","T","?","T","M","?","$","R","B",null],"character_chosen":"MKU","items_purchased":["Membership Card","MokouMod:Firecracker","Blood Vial","Chemical X","MokouMod:SubterraneanCore","Sling","SmokeBomb","Bandage Up","Incense Burner","Strange Spoon","Explosive Potion","Deep Breath","MokouMod:Stoke","Panacea","PowerPotion","MokouMod:HeartofFire","Dark Shackles","Sadistic Nature","HornCleat","Lantern","Vajra","Centennial Puzzle","Orrery","Akabeko","Apotheosis","Juzu Bracelet","Shuriken","Bandage Up"],"campfire_rested":3,"item_purchase_floors":[11,11,20,20,39,39,39,39,42,42,42,42,48,48,48,48,48,48,48,48,48,48,48,48,48,48,48,48],"current_hp_per_floor":[70,52,51,49,34,13,13,13,13,9,9,8,30,23,23,2,75,50,20,20,6,6,28,15,15,15,15,15,11,11,18,40,8,75,68,59,42,42,42,49,49,49,49,49,49,52,52,52,52,75],"gold":7,"neow_bonus":"THREE_CARDS","is_daily":false,"chose_seed":false,"campfire_upgraded":6,"win_rate":0.0,"timestamp":1610189895,"path_taken":["M","?","M","M","?","E","?","R","T","M","$","M","R","M","R","BOSS","M","M","$","M","?","R","M","R","T","R","?","M","?","M","R","BOSS","M","M","M","?","$","E","R","$","T","?","?","M","?","$","R","BOSS"],"items_purchased_type":["Relic","Card","Relic","Relic","Card","Relic","Potion","Card","Relic","Relic","Potion","Card","Card","Card","Potion","Card","Card","Card","Relic","Relic","Relic","Relic","Relic","Relic","Card","Relic","Relic","Card"],"build_version":"2020-12-22","purchased_purges":5,"victory":true,"max_hp_per_floor":[75,75,75,75,75,75,75,75,75,75,75,75,75,75,75,75,75,75,75,75,75,75,75,75,75,75,75,75,75,75,75,75,75,75,75,75,75,75,75,75,75,75,75,75,75,75,75,75,75,75],"card_choices":[{"not_picked":["MokouMod:FlickeringFlame","MokouMod:ResoluteFlare"],"picked":"MokouMod:SearingShot","floor":0},{"not_picked":["MokouMod:BlazingComet","MokouMod:Sear"],"picked":"MokouMod:FujiyamaVolcano","floor":1},{"not_picked":["MokouMod:HeatCyclone","MokouMod:Trailblazer"],"picked":"MokouMod:ThermalPressure","floor":3},{"not_picked":["MokouMod:SearingShot","MokouMod:Afterburner"],"picked":"MokouMod:IllusoryBattlefield","floor":4},{"not_picked":["MokouMod:Fireball","MokouMod:FlareStarter"],"picked":"MokouMod:Ember","floor":6},{"not_picked":["MokouMod:FusionFlare","MokouMod:UncontrollableSolarReaction","MokouMod:FlamingFireTalons"],"picked":"SKIP","floor":7},{"not_picked":["MokouMod:ThermalPressure","MokouMod:SearingShot"],"picked":"MokouMod:BurningDraft","floor":10},{"not_picked":["MokouMod:Burn","MokouMod:Firecracker"],"picked":"MokouMod:Overheat","floor":12},{"not_picked":["MokouMod:HeartofFire","MokouMod:Singe"],"picked":"MokouMod:Combust","floor":14},{"not_picked":["MokouMod:RadiantBlade","MokouMod:EnchantingBambooForest"],"picked":"MokouMod:ProfanedFlare","floor":16},{"not_picked":["MokouMod:BlazingComet+1","MokouMod:AdaptivePyromancy+1"],"picked":"MokouMod:ScorchedEarth","floor":18},{"not_picked":["MokouMod:FujiyamaVolcano","MokouMod:Singe","MokouMod:Firecracker"],"picked":"SKIP","floor":19},{"not_picked":["MokouMod:CrimsonFlare+1","MokouMod:FlareStarter"],"picked":"MokouMod:FujiyamaVolcano+1","floor":21},{"not_picked":["MokouMod:DanceofFlames","MokouMod:Stoke","MokouMod:Trailblazer"],"picked":"SKIP","floor":24},{"not_picked":["MokouMod:HeatFactory+1","MokouMod:GuidingSmoke"],"picked":"MokouMod:Overheat","floor":29},{"not_picked":["MokouMod:HeatTransfer","MokouMod:RetainTemperature"],"picked":"MokouMod:FlickeringFlame+1","floor":31},{"not_picked":["MokouMod:SearingBlow","MokouMod:Extinguish"],"picked":"MokouMod:SacredFire","floor":33},{"not_picked":["MokouMod:TemporalFireSeal+1","MokouMod:Cataclysm","MokouMod:SearingShot+1"],"picked":"SKIP","floor":35},{"not_picked":["MokouMod:AdaptivePyromancy+1","MokouMod:Combust+1","MokouMod:Firecracker+1"],"picked":"SKIP","floor":36},{"not_picked":["MokouMod:IgneousBlow+1","MokouMod:RoaringFlare+1","MokouMod:FusionFlare"],"picked":"SKIP","floor":37},{"not_picked":["MokouMod:Overheat","MokouMod:FlamingFireTalons","MokouMod:ScorchingColumn"],"picked":"SKIP","floor":46},{"not_picked":["MokouMod:Overheat+1","MokouMod:BurningHiddenBullet"],"picked":"MokouMod:FujiyamaVolcano+1","floor":48},{"not_picked":["MokouMod:ResoluteFlare","MokouMod:SearingShot"],"picked":"MokouMod:Sear","floor":48},{"not_picked":["MokouMod:Overheat","MokouMod:HeatFactory"],"picked":"MokouMod:Afterburner","floor":48}],"player_experience":168289,"relics_obtained":[{"floor":6,"key":"Bottled Flame"},{"floor":9,"key":"Pantograph"},{"floor":26,"key":"Mercury Hourglass"},{"floor":28,"key":"Toy Ornithopter"},{"floor":43,"key":"Sundial"},{"floor":45,"key":"The Courier"}],"event_choices":[{"damage_healed":0,"gold_gain":0,"player_choice":"Take Damage","damage_taken":18,"relics_obtained":["Golden Idol"],"max_hp_gain":0,"max_hp_loss":0,"event_name":"Golden Idol","floor":2,"gold_loss":0},{"damage_healed":0,"gold_gain":0,"player_choice":"Entered Light","damage_taken":15,"max_hp_gain":0,"max_hp_loss":0,"event_name":"Shining Light","floor":5,"gold_loss":0,"cards_upgraded":["MokouMod:Strike","MokouMod:Defend"]},{"damage_healed":0,"gold_gain":0,"cards_transformed":["MokouMod:ProfanedFlare","MokouMod:Strike"],"player_choice":"Became Test Subject","damage_taken":0,"max_hp_gain":0,"max_hp_loss":0,"event_name":"Drug Dealer","floor":22,"gold_loss":0,"cards_obtained":["MokouMod:ResoluteFlare","MokouMod:Meltdown"]},{"damage_healed":0,"gold_gain":0,"player_choice":"Ignored","damage_taken":0,"max_hp_gain":0,"max_hp_loss":0,"event_name":"Ghosts","floor":30,"gold_loss":0},{"damage_healed":0,"gold_gain":999,"player_choice":"Gold","damage_taken":0,"max_hp_gain":0,"max_hp_loss":0,"event_name":"MindBloom","floor":38,"gold_loss":0,"cards_obtained":["Normality","Normality"]},{"damage_healed":0,"gold_gain":333,"player_choice":"Gave Idol","damage_taken":0,"max_hp_gain":0,"max_hp_loss":0,"event_name":"The Moai Head","floor":44,"relics_lost":["Golden Idol"],"gold_loss":0},{"damage_healed":0,"gold_gain":0,"player_choice":"Ignored","damage_taken":0,"max_hp_gain":0,"max_hp_loss":0,"event_name":"Mysterious Sphere","floor":47,"gold_loss":0}],"is_beta":false,"boss_relics":[{"not_picked":["Black Star","SlaversCollar"],"picked":"Astrolabe"},{"not_picked":["Tiny House","Runic Dome"],"picked":"Runic Pyramid"}],"items_purged_floors":[11,20,39,42,48],"is_endless":false,"potions_floor_spawned":[6,10,12,14,18,24,37],"ascension_level":1}}