{"host":"2lo6hma6kymb0g9i","time":1610192683,"event":{"mods":["BaseMod","Colored Map","DeckTracker","Minty Spire (QoL Compilation)"],"gold_per_floor":[116,191,191,46,46,46,46,46,73,88,120,135,148,148,148,279,342,356,395,395,395,333,333,372,397,423,438,438,438,315,333,333,464,464,477,417,231,249,249,285,298,298,298],"floor_reached":42,"playtime":3499,"items_purged":["Pain","Strike_B","Defend_B"],"score":619,"play_id":"de022182-10bb-4e88-8851-430761934c67","local_time":"20210109204443","is_ascension_mode":true,"campfire_choices":[{"data":"Zap","floor":6.0,"key":"SMITH"},{"floor":8.0,"key":"REST"},{"data":"Dualcast","floor":15.0,"key":"SMITH"},{"data":"Streamline","floor":23.0,"key":"SMITH"},{"floor":29.0,"key":"REST"},{"floor":32.0,"key":"REST"}],"circlet_count":0,"master_deck":["Defend_B","Defend_B","Defend_B+1","Zap+1","Dualcast+1","Purity","Gash+1","Scrape","Cold Snap","Skim","FTL","Gash","Streamline+1","Conserve Battery","Machine Learning","Rainbow","Hologram","Deep Breath","Discovery"],"relics":["Cracked Core","Membership Card","Potion Belt","Akabeko","Golden Idol","Tiny House","Red Mask","WarpedTongs","Centennial Puzzle","Vajra","HandDrill","Nuclear Battery","Oddly Smooth Stone","Pear"],"acts_visited":["Exordium","TheCity","TheBeyond"],"potions_floor_usage":[40,42,42],"damage_taken":[{"damage":5.0,"enemies":"Small Slimes","floor":1.0,"turns":3.0},{"damage":0.0,"enemies":"2 Louse","floor":10.0,"turns":1.0},{"damage":30.0,"enemies":"Lagavulin","floor":11.0,"turns":5.0},{"damage":7.0,"enemies":"Jaw Worm","floor":12.0,"turns":2.0},{"damage":4.0,"enemies":"2 Fungi Beasts","floor":13.0,"turns":2.0},{"damage":9.0,"enemies":"Hexaghost","floor":16.0,"turns":8.0},{"damage":24.0,"enemies":"Shell Parasite","floor":18.0,"turns":5.0},{"damage":5.0,"enemies":"Masked Bandits","floor":19.0,"turns":3.0},{"damage":15.0,"enemies":"Gremlin Leader","floor":24.0,"turns":6.0},{"damage":0.0,"enemies":"Spheric Guardian","floor":25.0,"turns":3.0},{"damage":0.0,"enemies":"Snecko","floor":27.0,"turns":4.0},{"damage":8.0,"enemies":"Shelled Parasite and Fungi","floor":31.0,"turns":4.0},{"damage":19.0,"enemies":"Champ","floor":33.0,"turns":6.0},{"damage":13.0,"enemies":"3 Darklings","floor":35.0,"turns":7.0},{"damage":8,"enemies":"3 Shapes","floor":38,"turns":3},{"damage":20,"enemies":"Giant Head","floor":40,"turns":6},{"damage":21,"enemies":"Transient","floor":41,"turns":5},{"damage":18,"enemies":"Maw","floor":42,"turns":2}],"seed_played":"-6627894337277003335","potions_obtained":[{"floor":1.0,"key":"SteroidPotion"},{"floor":10.0,"key":"Energy Potion"},{"floor":13.0,"key":"Strength Potion"},{"floor":16.0,"key":"Strength Potion"},{"floor":17.0,"key":"LiquidMemories"},{"floor":18.0,"key":"GamblersBrew"},{"floor":27.0,"key":"FocusPotion"},{"floor":33.0,"key":"SkillPotion"},{"floor":35.0,"key":"Energy Potion"},{"floor":38,"key":"FocusPotion"}],"is_trial":false,"path_per_floor":["M","?","?","$","?","R","$","R","T","M","E","M","M","?","R","B",null,"M","?","?","?","$","R","E","M","T","M","?","R","$","M","R","B",null,"M","?","$","M","?","E","M","M"],"character_chosen":"DEFECT","items_purchased":["Membership Card","Fire Potion","HandDrill","Deep Breath","Oddly Smooth Stone"],"campfire_rested":3,"item_purchase_floors":[4,22,30,37,37],"current_hp_per_floor":[63,52,37,37,37,37,37,59,59,59,29,22,18,18,18,9,59,35,30,30,30,30,30,15,15,15,15,15,37,37,29,51,32,64,51,51,51,43,43,33,12,0,0],"gold":298,"neow_bonus":"RANDOM_COLORLESS","is_daily":false,"chose_seed":false,"campfire_upgraded":3,"win_rate":0.0,"timestamp":1610192683,"path_taken":["M","?","?","$","?","R","$","R","T","M","E","M","M","?","R","BOSS","M","?","?","?","$","R","E","?","T","M","?","R","$","M","R","BOSS","M","?","$","?","?","E","M","?"],"items_purchased_type":["Relic","Potion","Relic","Card","Relic"],"build_version":"2020-12-22","purchased_purges":3,"victory":false,"max_hp_per_floor":[75,75,75,75,75,75,75,75,75,75,75,75,75,69,69,69,74,74,74,74,74,74,74,74,74,74,74,74,74,74,74,74,74,74,74,74,74,74,74,84,84,84,84],"card_choices":[{"not_picked":["Madness","Good Instincts"],"picked":"Purity","floor":0.0},{"not_picked":["FTL","Hologram"],"picked":"Gash","floor":1.0},{"not_picked":["Turbo","Beam Cell"],"picked":"Scrape","floor":10.0},{"not_picked":["Darkness","Amplify","Ball Lightning"],"picked":"SKIP","floor":11.0},{"not_picked":["Sunder","Loop"],"picked":"Cold Snap","floor":12.0},{"not_picked":["Stack","Recycle"],"picked":"Skim","floor":13.0},{"not_picked":["Compile Driver","Beam Cell"],"picked":"FTL","floor":17.0},{"not_picked":["Ball Lightning","Turbo"],"picked":"Gash","floor":18.0},{"not_picked":["Gash","Fusion"],"picked":"Streamline","floor":19.0},{"not_picked":["Static Discharge","Beam Cell","Coolheaded"],"picked":"SKIP","floor":24.0},{"not_picked":["FTL","Force Field","Turbo"],"picked":"SKIP","floor":25.0},{"not_picked":["Rebound","White Noise+1","Redo"],"picked":"SKIP","floor":27.0},{"not_picked":["Fusion+1","Darkness"],"picked":"Conserve Battery","floor":31.0},{"not_picked":["Seek","Creative AI"],"picked":"Machine Learning","floor":33.0},{"not_picked":["Rip and Tear","Fusion+1","Compile Driver+1"],"picked":"SKIP","floor":35.0},{"not_picked":["Streamline+1","Double Energy+1","Self Repair+1"],"picked":"SKIP","floor":38},{"not_picked":["Melter+1","Conserve Battery","Sweeping Beam"],"picked":"SKIP","floor":40},{"not_picked":["Hologram+1","Go for the Eyes+1","Stack+1"],"picked":"SKIP","floor":41}],"player_experience":994634,"relics_obtained":[{"floor":9.0,"key":"Potion Belt"},{"floor":11.0,"key":"Akabeko"},{"floor":19.0,"key":"Red Mask"},{"floor":24.0,"key":"Centennial Puzzle"},{"floor":26.0,"key":"Vajra"},{"floor":40,"key":"Pear"}],"event_choices":[{"damage_healed":0.0,"max_hp_gain":0.0,"max_hp_loss":0.0,"gold_gain":75.0,"event_name":"World of Goop","player_choice":"Gather Gold","floor":2.0,"gold_loss":0.0,"damage_taken":11.0},{"damage_healed":0.0,"max_hp_gain":0.0,"max_hp_loss":0.0,"gold_gain":0.0,"event_name":"Shining Light","player_choice":"Entered Light","floor":3.0,"gold_loss":0.0,"damage_taken":15.0,"cards_upgraded":["Gash","Strike_B"]},{"cards_removed":["Strike_B"],"damage_healed":0.0,"max_hp_gain":0.0,"max_hp_loss":0.0,"gold_gain":0.0,"event_name":"Living Wall","player_choice":"Forget","floor":5.0,"gold_loss":0.0,"damage_taken":0.0},{"damage_healed":0.0,"max_hp_gain":0.0,"max_hp_loss":6.0,"gold_gain":0.0,"event_name":"Golden Idol","player_choice":"Lose Max HP","floor":14.0,"gold_loss":0.0,"damage_taken":0.0,"relics_obtained":["Golden Idol"]},{"damage_healed":0.0,"max_hp_gain":0.0,"max_hp_loss":0.0,"gold_gain":0.0,"event_name":"Masked Bandits","player_choice":"Fought Bandits","floor":19.0,"gold_loss":0.0,"damage_taken":0.0},{"damage_healed":0.0,"max_hp_gain":0.0,"max_hp_loss":0.0,"gold_gain":0.0,"event_name":"Cursed Tome","player_choice":"Ignored","floor":20.0,"gold_loss":0.0,"damage_taken":0.0},{"damage_healed":0.0,"max_hp_gain":0.0,"max_hp_loss":0.0,"gold_gain":0.0,"event_name":"Accursed Blacksmith","player_choice":"Rummage","floor":21.0,"gold_loss":0.0,"damage_taken":0.0,"relics_obtained":["WarpedTongs"],"cards_obtained":["Pain"]},{"damage_healed":0.0,"max_hp_gain":0.0,"max_hp_loss":0.0,"gold_gain":0.0,"event_name":"Vampires","player_choice":"Ignored","floor":28.0,"gold_loss":0.0,"damage_taken":0.0},{"damage_healed":0.0,"max_hp_gain":0.0,"max_hp_loss":0.0,"gold_gain":0.0,"cards_transformed":["Strike_B","Strike_B"],"event_name":"Designer","player_choice":"Transformed Cards","floor":36.0,"gold_loss":60.0,"damage_taken":0.0,"cards_obtained":["Rainbow","Hologram"]},{"damage_healed":0,"gold_gain":0,"player_choice":"1 cards matched","damage_taken":0,"max_hp_gain":0,"max_hp_loss":0,"event_name":"Match and Keep!","floor":39,"gold_loss":0,"cards_obtained":["Discovery"]}],"is_beta":false,"boss_relics":[{"not_picked":["Cursed Key","Runic Dome"],"picked":"Tiny House"},{"not_picked":["Astrolabe","Velvet Choker"],"picked":"Nuclear Battery"}],"items_purged_floors":[22,30,37],"is_endless":false,"potions_floor_spawned":[1,10,13,16,18,27,33,35,38],"killed_by":"Maw","ascension_level":8}}