{"host":"d61fcf2p3sjwe6yo","time":1610226921,"event":{"mods":["AchievementEnabler","BaseMod","Colored Map","Minty Spire (QoL Compilation)","StSLib","SuperFastMode"],"gold_per_floor":[213,213,225,238,238,264,264,296,296,296,306,11,31,42,42,139,139,154,166,166,166,166],"floor_reached":21,"playtime":778,"items_purged":[],"score":277,"play_id":"048509fc-c3eb-416a-b186-b9365f339c51","local_time":"20210110001521","is_ascension_mode":true,"campfire_choices":[{"data":"Zap","floor":7.0,"key":"SMITH"},{"data":"Dualcast","floor":10.0,"key":"SMITH"},{"floor":15.0,"key":"REST"}],"circlet_count":0,"master_deck":["Strike_B","Strike_B","Strike_B","Defend_B","Defend_B","Defend_B","Defend_B","Zap+1","Dualcast+1","Doom and Gloom","All For One","Conserve Battery","Seek","Auto Shields+1"],"relics":["Cracked Core","Art of War","Tiny Chest","Toy Ornithopter","Juzu Bracelet","Incense Burner","SlaversCollar"],"acts_visited":["Exordium","TheCity"],"potions_floor_usage":[21,21],"damage_taken":[{"damage":1.0,"enemies":"Cultist","floor":1.0,"turns":3.0},{"damage":0.0,"enemies":"Small Slimes","floor":3.0,"turns":3.0},{"damage":7.0,"enemies":"Jaw Worm","floor":4.0,"turns":3.0},{"damage":15.0,"enemies":"3 Sentries","floor":6.0,"turns":4.0},{"damage":20.0,"enemies":"Lagavulin","floor":8.0,"turns":5.0},{"damage":0.0,"enemies":"3 Louse","floor":11.0,"turns":2.0},{"damage":3.0,"enemies":"Large Slime","floor":13.0,"turns":5.0},{"damage":0.0,"enemies":"Gremlin Gang","floor":14.0,"turns":3.0},{"damage":15.0,"enemies":"The Guardian","floor":16.0,"turns":9.0},{"damage":4.0,"enemies":"3 Byrds","floor":18.0,"turns":3.0},{"damage":21.0,"enemies":"2 Thieves","floor":19.0,"turns":3.0},{"damage":19,"enemies":"Chosen and Byrds","floor":21,"turns":6}],"seed_played":"502189571010458415","potions_obtained":[{"floor":3.0,"key":"DuplicationPotion"},{"floor":6.0,"key":"Explosive Potion"},{"floor":8.0,"key":"DistilledChaos"},{"floor":11.0,"key":"Swift Potion"},{"floor":14.0,"key":"DuplicationPotion"},{"floor":18.0,"key":"DuplicationPotion"}],"is_trial":false,"path_per_floor":["M","T","M","M","?","E","R","E","T","R","M","$","M","M","R","B",null,"M","M","?","M"],"character_chosen":"DEFECT","items_purchased":["Incense Burner"],"campfire_rested":1,"item_purchase_floors":[12],"current_hp_per_floor":[67,67,67,60,53,38,38,18,18,18,18,18,15,15,37,22,62,68,47,33,24,24],"gold":166,"neow_bonus":"HUNDRED_GOLD","is_daily":false,"chose_seed":false,"campfire_upgraded":2,"win_rate":0.0,"timestamp":1610226921,"path_taken":["M","?","M","M","?","E","R","E","T","R","M","?","M","M","R","BOSS","M","M","?","M"],"items_purchased_type":["Relic"],"build_version":"2020-12-22","purchased_purges":0,"victory":false,"max_hp_per_floor":[75,75,75,75,75,75,75,75,75,75,75,75,75,75,75,75,75,75,75,80,80,80],"card_choices":[{"not_picked":["Go for the Eyes","Conserve Battery","Barrage"],"picked":"SKIP","floor":1.0},{"not_picked":["Loop","Reinforced Body"],"picked":"Doom and Gloom","floor":3.0},{"not_picked":["Stack","Heatsinks","Static Discharge"],"picked":"SKIP","floor":4.0},{"not_picked":["Consume","Go for the Eyes"],"picked":"All For One","floor":6.0},{"not_picked":["Reprogram","Recycle"],"picked":"Conserve Battery","floor":8.0},{"not_picked":["Rip and Tear","Beam Cell","Barrage"],"picked":"SKIP","floor":11.0},{"not_picked":["Genetic Algorithm","Compile Driver","Chaos"],"picked":"SKIP","floor":13.0},{"not_picked":["Melter","Stack","Genetic Algorithm"],"picked":"SKIP","floor":14.0},{"not_picked":["Rainbow","Buffer"],"picked":"Seek","floor":16.0},{"not_picked":["Cold Snap","Go for the Eyes","Auto Shields"],"picked":"SKIP","floor":18.0},{"not_picked":["Conserve Battery","Double Energy"],"picked":"Auto Shields+1","floor":19.0}],"player_experience":169445,"relics_obtained":[{"floor":2.0,"key":"Art of War"},{"floor":6.0,"key":"Tiny Chest"},{"floor":8.0,"key":"Toy Ornithopter"},{"floor":9.0,"key":"Juzu Bracelet"}],"event_choices":[{"cards_removed":["Strike_B"],"damage_healed":0.0,"max_hp_gain":0.0,"max_hp_loss":0.0,"gold_gain":0.0,"event_name":"Golden Wing","player_choice":"Card Removal","floor":5.0,"gold_loss":0.0,"damage_taken":7.0},{"damage_healed":0.0,"max_hp_gain":5.0,"max_hp_loss":0.0,"gold_gain":0.0,"event_name":"Forgotten Altar","player_choice":"Shed Blood","floor":20.0,"gold_loss":0.0,"damage_taken":19.0}],"is_beta":false,"boss_relics":[{"not_picked":["Philosopher\u0027s Stone","Pandora\u0027s Box"],"picked":"SlaversCollar"}],"items_purged_floors":[],"is_endless":false,"potions_floor_spawned":[3,6,8,11,14,18],"killed_by":"Chosen and Byrds","ascension_level":9}}