{"host":"hxqmxu97ax4h93y4","time":1610235293,"event":{"mods":["BaseMod","Downfall","Hermit","Marisa????????","Minty Spire (QoL Compilation)","Random Character Button","StSLib","The Cursed","The Necromancer","The Runesmith"],"gold_per_floor":[112,14,27,39,56,56,83,83,108,133,133,161,179,204,204,309,309,319,319,338,354,354,380,380,415,442,442,458,471,471,483,483,582,582,595,202,216,226,226,226,246,246,271,121,154,154,154,165,165,165],"floor_reached":51,"playtime":3152,"items_purged":["Strike_MRS","Strike_MRS"],"score":747,"play_id":"04e6c727-38c2-4b31-918e-e67cf8977392","local_time":"20210109153453","is_ascension_mode":false,"campfire_choices":[{"data":"AsteroidBelt","floor":6.0,"key":"SMITH"},{"data":"6A","floor":8.0,"key":"SMITH"},{"data":"EarthLightRay","floor":15.0,"key":"SMITH"},{"floor":24,"key":"REST"},{"data":"MagicChant","floor":27,"key":"SMITH"},{"data":"NonDirectionalLaser","floor":30,"key":"SMITH"},{"data":"FairyDestructionRay","floor":32,"key":"SMITH"},{"data":"MysteriousBeam","floor":40,"key":"SMITH"},{"floor":42,"key":"REST"},{"floor":47,"key":"REST"},{"data":"PowerUp","floor":49,"key":"SMITH"}],"circlet_count":0,"master_deck":["Strike_MRS","Strike_MRS","Defend_MRS","Defend_MRS+1","Defend_MRS","MasterSpark","UpSweep","IllusionStar+1","ShootingEcho","AsteroidBelt+1","WitchLeyline","Singularity","6A+1","DoubleSpark","EnergyFlow","MysteriousBeam+1","EarthLightRay+1","Acceleration","FinalSpark","DoubleSpark","GalacticHalo","MagicChant+1","MagicChant","PowerUp+1","MysteriousBeam+1","NonDirectionalLaser+1","FairyDestructionRay+1","CollectingQuirk+1","ShootingEcho+1","PulseMagic+1","DarkSpark+1","DC+1","6A+1","WitchOfGreed"],"relics":["MiniHakkero","NeowsBlessing","Bag of Marbles","Toy Ornithopter","Pen Nib","Runesmith:Nanobots","Kunai","Velvet Choker","White Beast Statue","Bottled Lightning","CaptainsWheel","Happy Flower","RampagingMagicTools","Vajra","War Paint","Regal Pillow","Lantern","TungstenRod"],"acts_visited":["Exordium","TheCity","TheBeyond"],"potions_floor_usage":[25,28,29,31,33,38,38,41,50],"damage_taken":[{"damage":0.0,"enemies":"Cultist","floor":1.0,"turns":1.0},{"damage":0.0,"enemies":"Jaw Worm","floor":3.0,"turns":1.0},{"damage":0.0,"enemies":"Small Slimes","floor":4.0,"turns":1.0},{"damage":2.0,"enemies":"2 Fungi Beasts","floor":5.0,"turns":3.0},{"damage":14.0,"enemies":"Gremlin Nob","floor":7.0,"turns":3.0},{"damage":12.0,"enemies":"Lagavulin","floor":10.0,"turns":5.0},{"damage":2.0,"enemies":"Gremlin Nob","floor":12.0,"turns":3.0},{"damage":0.0,"enemies":"Exordium Thugs","floor":13.0,"turns":1.0},{"damage":0.0,"enemies":"Lagavulin","floor":14.0,"turns":4.0},{"damage":15.0,"enemies":"Slime Boss","floor":16.0,"turns":7.0},{"damage":3.0,"enemies":"Spheric Guardian","floor":18.0,"turns":4.0},{"damage":31.0,"enemies":"2 Thieves","floor":20.0,"turns":3.0},{"damage":2.0,"enemies":"3 Cultists","floor":21.0,"turns":4.0},{"damage":21.0,"enemies":"Gremlin Leader","floor":23.0,"turns":6.0},{"damage":18,"enemies":"Book of Stabbing","floor":25,"turns":5},{"damage":1,"enemies":"Shelled Parasite and Fungi","floor":28,"turns":4},{"damage":1,"enemies":"Snecko","floor":29,"turns":3},{"damage":0,"enemies":"3 Cultists","floor":31,"turns":6},{"damage":32,"enemies":"Champ","floor":33,"turns":8},{"damage":13,"enemies":"3 Darklings","floor":35,"turns":3},{"damage":0,"enemies":"3 Shapes","floor":37,"turns":2},{"damage":10,"enemies":"3 Darklings","floor":38,"turns":3},{"damage":30,"enemies":"Spire Growth","floor":41,"turns":3},{"damage":40,"enemies":"Reptomancer","floor":45,"turns":4},{"damage":2,"enemies":"Sphere and 2 Shapes","floor":48,"turns":2},{"damage":49,"enemies":"Donu and Deca","floor":50,"turns":6}],"seed_played":"9003028555683382586","potions_obtained":[{"floor":10.0,"key":"ColorlessPotion"},{"floor":13.0,"key":"FearPotion"},{"floor":14.0,"key":"FearPotion"},{"floor":16.0,"key":"CultistPotion"},{"floor":20.0,"key":"CultistPotion"},{"floor":21.0,"key":"BlessingOfTheForge"},{"floor":23.0,"key":"champ:CounterPotion"},{"floor":25,"key":"champ:CounterPotion"},{"floor":28,"key":"ShroomBrew"},{"floor":29,"key":"SpeedPotion"},{"floor":31,"key":"LiquidMemories"},{"floor":33,"key":"GamblersBrew"},{"floor":35,"key":"DuplicationPotion"},{"floor":37,"key":"LiquidMemories"},{"floor":38,"key":"SkillPotion"},{"floor":41,"key":"BottledSpark"},{"floor":45,"key":"GamblersBrew"},{"floor":48,"key":"DistilledChaos"}],"is_trial":false,"path_per_floor":["M","$","M","M","M","R","E","R","T","E","?","E","M","E","R","B",null,"M","?","M","M","?","E","R","E","T","R","M","M","R","M","R","B",null,"M","$","M","M","?","R","M","R","T","$","E","?","R","M","R","B",null],"character_chosen":"MARISA","items_purchased":["ShootingEcho","Vajra","War Paint","Lantern"],"campfire_rested":3,"item_purchase_floors":[2,36,36,44],"current_hp_per_floor":[75,75,75,75,73,73,59,59,59,47,47,45,45,54,54,45,75,75,75,44,48,48,33,55,48,48,48,52,62,62,73,73,49,75,62,62,68,70,70,70,45,67,67,67,33,33,70,74,74,31],"gold":165,"neow_bonus":"THREE_ENEMY_KILL","is_daily":false,"chose_seed":false,"campfire_upgraded":8,"win_rate":0.0,"timestamp":1610235293,"path_taken":["M","?","M","M","M","R","E","R","T","E","?","E","M","E","R","BOSS","M","?","M","?","?","E","R","E","T","R","M","M","R","M","R","BOSS","M","$","M","M","?","R","M","R","T","?","E","?","R","M","R","BOSS"],"items_purchased_type":["Card","Relic","Relic","Relic"],"build_version":"2020-12-22","purchased_purges":2,"victory":true,"max_hp_per_floor":[75,75,75,75,75,75,75,75,75,75,75,75,75,75,75,75,75,75,75,75,75,75,75,75,75,75,75,75,75,75,75,75,75,75,75,75,75,75,75,75,75,75,75,75,75,75,75,75,75,75],"card_choices":[{"not_picked":["6A","Orbital"],"picked":"IllusionStar","floor":1.0},{"not_picked":["PowerUp","RefractionSpark"],"picked":"AsteroidBelt","floor":3.0},{"not_picked":["6A","WitchOfGreed"],"picked":"WitchLeyline","floor":4.0},{"not_picked":["DragonMeteor","LuminesStrike"],"picked":"Singularity","floor":5.0},{"not_picked":["StarlightTyphoon","PropBag"],"picked":"6A","floor":7.0},{"not_picked":["AsteroidBelt","OortCloud"],"picked":"DoubleSpark","floor":10.0},{"not_picked":["AlicesGift","WitchOfGreed"],"picked":"MysteriousBeam","floor":12.0},{"not_picked":["NonDirectionalLaser","OrrerysSun"],"picked":"EarthLightRay","floor":13.0},{"not_picked":["PowerUp","DeepEcoloBomb"],"picked":"Acceleration","floor":14.0},{"not_picked":["EscapeVelocity","BigCrunch"],"picked":"FinalSpark","floor":16.0},{"not_picked":["ShootingEcho","MeteoricShower"],"picked":"DoubleSpark","floor":18.0},{"not_picked":["ShootingEcho","ShootTheMoon"],"picked":"GalacticHalo","floor":20.0},{"not_picked":["UnstableBomb","GravityBeat"],"picked":"MagicChant","floor":21.0},{"not_picked":["Singularity","DarkSpark"],"picked":"MagicChant","floor":23.0},{"not_picked":["SuperPerseids","Acceleration"],"picked":"PowerUp","floor":25},{"not_picked":["DarkMatter+1","ManaConvection"],"picked":"MysteriousBeam+1","floor":28},{"not_picked":["Singularity","SporeBomb"],"picked":"NonDirectionalLaser","floor":29},{"not_picked":["MaximisePower","PowerUp+1"],"picked":"FairyDestructionRay","floor":31},{"not_picked":["BlazingStar","MaximisePower"],"picked":"CollectingQuirk","floor":33},{"not_picked":["LuminesStrike","WitchLeyline"],"picked":"ShootingEcho+1","floor":35},{"not_picked":["AlicesGift","DoubleSpark+1"],"picked":"PulseMagic+1","floor":37},{"not_picked":["Acceleration+1","StarlightTyphoon"],"picked":"DarkSpark+1","floor":38},{"not_picked":["SporeBomb+1","OneTimeOff"],"picked":"DC+1","floor":41},{"not_picked":["DoubleSpark","GalacticHalo"],"picked":"6A+1","floor":45},{"not_picked":["SporeBomb","IllusionStar"],"picked":"WitchOfGreed","floor":48}],"player_experience":36735,"relics_obtained":[{"floor":7.0,"key":"Bag of Marbles"},{"floor":9.0,"key":"Toy Ornithopter"},{"floor":10.0,"key":"Pen Nib"},{"floor":12.0,"key":"Runesmith:Nanobots"},{"floor":14.0,"key":"Kunai"},{"floor":23.0,"key":"Bottled Lightning"},{"floor":25,"key":"CaptainsWheel"},{"floor":26,"key":"Happy Flower"},{"floor":43,"key":"Regal Pillow"},{"floor":45,"key":"TungstenRod"}],"event_choices":[{"damage_healed":0.0,"max_hp_gain":0.0,"max_hp_loss":0.0,"gold_gain":0.0,"cards_transformed":["Defend_MRS"],"event_name":"Living Wall","player_choice":"Change","floor":11.0,"gold_loss":0.0,"damage_taken":0.0,"cards_obtained":["EnergyFlow"]},{"damage_healed":0.0,"max_hp_gain":0.0,"max_hp_loss":0.0,"gold_gain":0.0,"event_name":"WeMeetAgain","player_choice":"Gave Potion","floor":19.0,"gold_loss":0.0,"damage_taken":0.0,"relics_obtained":["White Beast Statue"]},{"damage_healed":0,"gold_gain":0,"player_choice":"Upgraded","damage_taken":0,"max_hp_gain":0,"max_hp_loss":0,"event_name":"Upgrade Shrine","floor":39,"gold_loss":0,"cards_upgraded":["CollectingQuirk"]},{"damage_healed":0,"gold_gain":0,"player_choice":"Bought 0 Potions","damage_taken":0,"max_hp_gain":0,"max_hp_loss":0,"event_name":"The Woman in Blue","floor":46,"gold_loss":0}],"is_beta":false,"boss_relics":[{"not_picked":["Calling Bell","Runic Dome"],"picked":"Velvet Choker"},{"not_picked":["SacredBark","Philosopher\u0027s Stone"],"picked":"RampagingMagicTools"}],"items_purged_floors":[2,36],"is_endless":false,"potions_floor_spawned":[10,13,14,16,20,21,23,25,28,29,31,33,35,37,38,41,45,48],"ascension_level":0}}