{"host":"ct28ocsd8g8yr2ah","time":1610210319,"event":{"mods":["BaseMod","Better Third Choice","Hero for Fun","Lobotomy","LobotomyExtend","Mimic Mod","Minty Spire (QoL Compilation)","Replay The Spire","StSLib","Waifu the Spire","egg"],"gold_per_floor":[119,62,62,82,7,107,127,127,167,167,178,178,178,194,251,251,251],"floor_reached":16,"playtime":2573,"items_purged":["Strike_G"],"score":117,"play_id":"1f6492f7-915b-459e-bcf6-076222cdcffc","local_time":"20210109213839","is_ascension_mode":true,"campfire_choices":[{"data":"Calculated Gamble","floor":8,"key":"SMITH"},{"floor":10,"key":"REST"}],"circlet_count":0,"master_deck":["Strike_G","Strike_G","Strike_G","Strike_G","Defend_G","Defend_G","Defend_G","Defend_G","Defend_G","Survivor","Neutralize","MHz","Calculated Gamble+1","All Out Attack+1","Masterful Stab","OSAHOGD","GreedKing","Prepared","MeatLantern","Dodge and Roll+1","Flying Knee+1","VoidDream","Outmaneuver","Wellcheers"],"relics":["Ring of the Snake","CogitoBucket","LetterFromLob","Omamori","MagicBullet_r"],"acts_visited":["Exordium"],"potions_floor_usage":[16],"damage_taken":[{"damage":0,"enemies":"Cultist","floor":1,"turns":4},{"damage":0,"enemies":"2 Louse","floor":4,"turns":1},{"damage":0,"enemies":"Small Slimes","floor":7,"turns":3},{"damage":12,"enemies":"3 Louse","floor":9,"turns":9},{"damage":0,"enemies":"3 Louse","floor":11,"turns":3},{"damage":10,"enemies":"Exordium Wildlife","floor":14,"turns":4},{"damage":94,"enemies":"The Guardian","floor":16,"turns":9}],"seed_played":"3749212541520119067","potions_obtained":[{"floor":4,"key":"Weak Potion"},{"floor":7,"key":"GhostInAJar"},{"floor":11,"key":"Swift Potion"},{"floor":14,"key":"SpeedPotion"}],"is_trial":false,"path_per_floor":["M","$","$","M","$","?","M","R","MIM","R","M","E","?","M","R","B"],"character_chosen":"THE_SILENT","items_purchased":["All Out Attack+1"],"campfire_rested":1,"item_purchase_floors":[2],"current_hp_per_floor":[63,63,63,63,63,63,63,63,51,70,70,70,70,60,60,0,0],"gold":251,"neow_bonus":"","is_daily":false,"chose_seed":false,"campfire_upgraded":1,"win_rate":0.0,"timestamp":1610210319,"path_taken":["M","?","$","M","$","?","M","R","MIM","R","M","E","?","M","R","BOSS"],"items_purchased_type":["Card"],"build_version":"2020-12-22","purchased_purges":1,"victory":false,"max_hp_per_floor":[70,70,70,70,70,70,70,70,70,70,70,70,70,70,70,70,70],"card_choices":[{"not_picked":["WhitesApple","Bloodbath"],"picked":"MHz","floor":1},{"not_picked":["Fluid Movement","Well Laid Plans"],"picked":"Calculated Gamble","floor":1},{"not_picked":["Bullet Time","Finisher"],"picked":"Masterful Stab","floor":4},{"not_picked":["Variant","WallGazer"],"picked":"OSAHOGD","floor":4},{"not_picked":["Murderer","CherryBlossoms"],"picked":"GreedKing","floor":7},{"not_picked":["Deflect","Expertise"],"picked":"Prepared","floor":7},{"not_picked":["ShyLook","Bloodbath"],"picked":"MeatLantern","floor":9},{"not_picked":["Setup","Prepared"],"picked":"Dodge and Roll","floor":9},{"not_picked":["Blur","Caltrops"],"picked":"Flying Knee","floor":11},{"not_picked":["OldLady","BigBadWolf"],"picked":"VoidDream","floor":11},{"not_picked":["Riddle With Holes","Choke"],"picked":"Outmaneuver","floor":14},{"not_picked":["LittlePrince","FairyFestival"],"picked":"Wellcheers","floor":14}],"player_experience":448237,"relics_obtained":[{"floor":1,"key":"LetterFromLob"},{"floor":9,"key":"Omamori"}],"event_choices":[{"damage_healed":0,"gold_gain":100,"player_choice":"Pray","damage_taken":0,"max_hp_gain":0,"max_hp_loss":0,"event_name":"Golden Shrine","floor":6,"gold_loss":0},{"damage_healed":0,"gold_gain":0,"player_choice":"Ignored","damage_taken":178,"max_hp_gain":0,"max_hp_loss":0,"event_name":"betterThird:BetterSerpent","floor":13,"gold_loss":0}],"is_beta":false,"boss_relics":[],"items_purged_floors":[5],"is_endless":false,"potions_floor_spawned":[4,7,11,14],"killed_by":"The Guardian","ascension_level":6}}