{"host":"kjehzzhcyp0nyrrl","time":1610204612,"event":{"mods":["AchievementEnabler","BaseMod","Custom Start","Hermit","Keyboard Shortcuts","Koishi","Minty Spire (QoL Compilation)","StSLib","SuperFastMode","The Dragon Tamer","The Hierophant","everything is the same but u backflip on backflip"],"gold_per_floor":[119,44,44,44,69,69,113,132,132,146,146,164,199,232,232,353,353,377,402,415,187,222,295,348,348,398,398,431,465,504,504,504,629,629,663,439,454,557,362,423,423,462,488,528,571,651,651,671,671,691,691,691,199,234,234],"floor_reached":56,"playtime":1912,"items_purged":["Steam","Recycle+1"],"score":1520,"play_id":"7e0c2c65-4ae5-4c55-8b0a-a730b37b1a87","local_time":"20210110000332","daily_mods":["SealedDeck","Heirloom","DeadlyEvents"],"is_ascension_mode":false,"campfire_choices":[{"data":"Sunder","floor":6,"key":"SMITH"},{"data":"Consume","floor":11,"key":"SMITH"},{"data":"Capacitor","floor":15,"key":"SMITH"},{"data":"Recycle","floor":25,"key":"SMITH"},{"data":"Defragment","floor":27,"key":"SMITH"},{"floor":32,"key":"REST"},{"floor":41,"key":"RECALL"},{"data":"Defragment","floor":47,"key":"SMITH"},{"data":"Defragment","floor":49,"key":"SMITH"},{"data":"Chaos","floor":52,"key":"SMITH"}],"circlet_count":0,"master_deck":["Sweeping Beam","Conserve Battery","Conserve Battery","Sunder+1","Chaos+1","Compile Driver","Glacier","Capacitor+1","Consume+1","Machine Learning","Defragment+1","HandOfGreed","Defragment+1","Capacitor+1","CurseOfTheBell","Defragment+1","Defragment+1","Barrage+1","Streamline+1","Skim+1","Recycle","Chaos+1"],"relics":["Cracked Core","CaptainsWheel","Golden Idol","Mummified Hand","Vajra","HornCleat","Runic Pyramid","Akabeko","Red Mask","Smiling Mask","Letter Opener","Calling Bell","MealTicket","Sundial","Gambling Chip","Pen Nib","Incense Burner","Centennial Puzzle","Frozen Egg 2","Molten Egg 2","Nunchaku","Blue Candle","Gremlin Horn","Runic Capacitor","Ice Cream","Lantern"],"acts_visited":["Exordium","TheCity","TheBeyond","TheEnding"],"potions_floor_usage":[23,55,55,55],"damage_taken":[{"damage":0,"enemies":"Cultist","floor":1,"turns":3},{"damage":0,"enemies":"Small Slimes","floor":5,"turns":3},{"damage":4,"enemies":"Lagavulin","floor":7,"turns":5},{"damage":0,"enemies":"2 Louse","floor":8,"turns":2},{"damage":0,"enemies":"Blue Slaver","floor":10,"turns":4},{"damage":0,"enemies":"2 Fungi Beasts","floor":12,"turns":2},{"damage":5,"enemies":"Gremlin Nob","floor":13,"turns":3},{"damage":1,"enemies":"Lagavulin","floor":14,"turns":4},{"damage":0,"enemies":"Hexaghost","floor":16,"turns":8},{"damage":3,"enemies":"Chosen","floor":18,"turns":3},{"damage":1,"enemies":"Shell Parasite","floor":19,"turns":4},{"damage":0,"enemies":"3 Cultists","floor":20,"turns":4},{"damage":0,"enemies":"Chosen and Byrds","floor":22,"turns":5},{"damage":25,"enemies":"Slavers","floor":23,"turns":4},{"damage":3,"enemies":"Masked Bandits","floor":24,"turns":4},{"damage":16,"enemies":"Gremlin Leader","floor":28,"turns":6},{"damage":12,"enemies":"Shelled Parasite and Fungi","floor":29,"turns":4},{"damage":0,"enemies":"Snake Plant","floor":30,"turns":4},{"damage":0,"enemies":"Collector","floor":33,"turns":9},{"damage":0,"enemies":"Orb Walker","floor":35,"turns":5},{"damage":1,"enemies":"3 Darklings","floor":37,"turns":4},{"damage":0,"enemies":"Mind Bloom Boss Battle","floor":38,"turns":6},{"damage":0,"enemies":"Nemesis","floor":40,"turns":7},{"damage":0,"enemies":"Giant Head","floor":42,"turns":7},{"damage":12,"enemies":"Reptomancer","floor":44,"turns":5},{"damage":0,"enemies":"Sphere and 2 Shapes","floor":45,"turns":3},{"damage":12,"enemies":"Spire Growth","floor":48,"turns":4},{"damage":31,"enemies":"Donu and Deca","floor":50,"turns":7},{"damage":9,"enemies":"Shield and Spear","floor":54,"turns":7},{"damage":1,"enemies":"The Heart","floor":55,"turns":8}],"seed_played":"8574917344348629704","potions_obtained":[{"floor":1,"key":"CultistPotion"},{"floor":5,"key":"AttackPotion"},{"floor":7,"key":"Energy Potion"},{"floor":10,"key":"Strength Potion"},{"floor":24,"key":"Strength Potion"}],"is_trial":true,"path_per_floor":["M","$","?","?","M","R","E","M","T","M","R","M","E","E","R","B",null,"M","M","M","$","M","E","?","R","T","R","E","M","M","?","R","B",null,"M","$","M","?","$","E","R","E","T","E","M","T","R","M","R","B",null,"R","$","E","B",null],"character_chosen":"DEFECT","items_purchased":["Defragment","HandOfGreed","Defragment","Pen Nib","Centennial Puzzle","Runic Capacitor","Recycle","Ice Cream"],"campfire_rested":1,"item_purchase_floors":[21,21,36,36,39,53,53,53],"current_hp_per_floor":[75,75,80,74,74,74,70,70,70,70,70,70,65,64,64,64,74,71,70,70,70,70,45,42,42,42,42,26,14,14,19,41,41,74,74,74,73,73,74,74,74,74,74,62,62,62,62,50,50,19,74,74,74,65,64],"gold":234,"neow_bonus":"","is_daily":false,"chose_seed":false,"campfire_upgraded":8,"win_rate":0.0,"timestamp":1610204612,"path_taken":["M","$","?","?","M","R","E","M","T","M","R","?","?","E","R","BOSS","M","M","M","$","M","E","?","R","T","R","E","M","M","?","R","BOSS","M","$","M","?","?","E","R","E","T","E","M","?","R","M","R","BOSS","R","$","E","BOSS"],"items_purchased_type":["Card","Card","Card","Relic","Relic","Relic","Card","Relic"],"build_version":"2020-12-22","purchased_purges":2,"victory":true,"max_hp_per_floor":[75,75,80,74,74,74,74,74,74,74,74,74,74,74,74,74,74,74,74,74,74,74,74,74,74,74,74,74,74,74,74,74,74,74,74,74,74,74,74,74,74,74,74,74,74,74,74,74,74,74,74,74,74,74,74],"card_choices":[{"not_picked":["Go for the Eyes","Scrape","Steam"],"picked":"SKIP","floor":1},{"not_picked":["Static Discharge","Sweeping Beam","Turbo"],"picked":"SKIP","floor":5},{"not_picked":["Thunder Strike","Conserve Battery"],"picked":"Consume","floor":7},{"not_picked":["Consume","Redo","Chill"],"picked":"SKIP","floor":8},{"not_picked":["Rebound","Sweeping Beam","Compile Driver"],"picked":"SKIP","floor":10},{"not_picked":["Lockon","Go for the Eyes","Steam Power"],"picked":"SKIP","floor":12},{"not_picked":["Turbo","Recycle","Chill"],"picked":"SKIP","floor":13},{"not_picked":["Turbo","Sunder","Conserve Battery"],"picked":"SKIP","floor":14},{"not_picked":["Thunder Strike","Creative AI"],"picked":"Machine Learning","floor":16},{"not_picked":["Leap","Beam Cell"],"picked":"Recycle","floor":18},{"not_picked":["Double Energy","Rip and Tear+1","Stack+1"],"picked":"SKIP","floor":19},{"not_picked":["Cold Snap","Stack","Leap+1"],"picked":"SKIP","floor":20},{"not_picked":["Hologram","Gash+1","Redo"],"picked":"SKIP","floor":22},{"not_picked":["Creative AI","Auto Shields","Go for the Eyes"],"picked":"SKIP","floor":23},{"not_picked":["Recycle+1","Compile Driver"],"picked":"Defragment","floor":24},{"not_picked":["Hyperbeam","Redo","Leap+1"],"picked":"SKIP","floor":28},{"not_picked":["Chill+1","Leap","Gash"],"picked":"SKIP","floor":29},{"not_picked":["Fusion+1","Ball Lightning"],"picked":"Capacitor+1","floor":30},{"not_picked":["Redo+1","Beam Cell"],"picked":"Defragment+1","floor":35},{"not_picked":["Leap+1","Go for the Eyes","Multi-Cast"],"picked":"SKIP","floor":37},{"not_picked":["Steam Power","Beam Cell"],"picked":"Barrage+1","floor":38},{"not_picked":["Steam+1","Hello World+1","Leap+1"],"picked":"SKIP","floor":40},{"not_picked":["Coolheaded","Chill+1"],"picked":"Streamline+1","floor":42},{"not_picked":["Hyperbeam+1","Turbo"],"picked":"Skim+1","floor":44},{"not_picked":["Sweeping Beam+1","Static Discharge+1","Stack+1"],"picked":"SKIP","floor":45},{"not_picked":["Ball Lightning+1","Consume+1","BootSequence"],"picked":"SKIP","floor":48},{"not_picked":["Genetic Algorithm+1","Rebound+1"],"picked":"Chaos+1","floor":54}],"player_experience":391634,"relics_obtained":[{"floor":7,"key":"Mummified Hand"},{"floor":13,"key":"Vajra"},{"floor":14,"key":"HornCleat"},{"floor":23,"key":"Akabeko"},{"floor":24,"key":"Red Mask"},{"floor":26,"key":"Smiling Mask"},{"floor":28,"key":"Letter Opener"},{"floor":34,"key":"MealTicket"},{"floor":34,"key":"Sundial"},{"floor":34,"key":"Gambling Chip"},{"floor":38,"key":"Incense Burner"},{"floor":40,"key":"Frozen Egg 2"},{"floor":42,"key":"Molten Egg 2"},{"floor":43,"key":"Nunchaku"},{"floor":44,"key":"Blue Candle"},{"floor":46,"key":"Gremlin Horn"},{"floor":54,"key":"Lantern"}],"event_choices":[{"damage_healed":0,"gold_gain":0,"player_choice":"Donut","damage_taken":0,"max_hp_gain":5,"max_hp_loss":0,"event_name":"Big Fish","floor":3,"gold_loss":0},{"damage_healed":0,"gold_gain":0,"player_choice":"Lose Max HP","damage_taken":0,"relics_obtained":["Golden Idol"],"max_hp_gain":0,"max_hp_loss":6,"event_name":"Golden Idol","floor":4,"gold_loss":0},{"damage_healed":0,"gold_gain":0,"player_choice":"Fought Bandits","damage_taken":0,"max_hp_gain":0,"max_hp_loss":0,"event_name":"Masked Bandits","floor":24,"gold_loss":0},{"cards_removed":["Barrage"],"damage_healed":5,"gold_gain":0,"player_choice":"Offered Common","damage_taken":0,"max_hp_gain":0,"max_hp_loss":0,"event_name":"Bonfire Elementals","floor":31,"gold_loss":0},{"cards_removed":["Barrage"],"damage_healed":5,"gold_gain":0,"player_choice":"Offered Special","damage_taken":0,"max_hp_gain":0,"max_hp_loss":0,"event_name":"Bonfire Elementals","floor":31,"gold_loss":0},{"damage_healed":0,"gold_gain":0,"player_choice":"Fight","damage_taken":0,"max_hp_gain":0,"max_hp_loss":0,"event_name":"MindBloom","floor":38,"gold_loss":0}],"is_beta":false,"boss_relics":[{"not_picked":["Philosopher\u0027s Stone","Nuclear Battery"],"picked":"Runic Pyramid"},{"not_picked":["Astrolabe","FrozenCore"],"picked":"Calling Bell"}],"items_purged_floors":[2,39],"is_endless":false,"potions_floor_spawned":[1,5,7,10,16,19,22,24,29,30,37,42,45,54],"ascension_level":0}}