{"host":"sav7uxregyirlf69","time":1610204367,"event":{"mods":["AchievementEnabler","BaseMod","Colored Map","DeckTracker","Keyboard Shortcuts","Minty Spire (QoL Compilation)","READ ME - Guardian Mod","StSLib","SuperFastMode"],"gold_per_floor":[110,125,135,135,135,135,165,165,165,190,190,59,59,72,72,171,171,195,195,218,10,25,25,25],"floor_reached":23,"playtime":370,"items_purged":["Strike_G","Strike_G"],"score":362,"play_id":"511c1010-b86c-4262-a5fa-ec8eecb4cb33","local_time":"20210109235927","is_ascension_mode":true,"campfire_choices":[{"data":"Dagger Spray","floor":6.0,"key":"SMITH"},{"data":"Neutralize","floor":8.0,"key":"SMITH"},{"data":"Finesse","floor":13.0,"key":"SMITH"},{"data":"Dash","floor":15,"key":"SMITH"}],"circlet_count":0,"master_deck":["AscendersBane","Strike_G","Defend_G","Defend_G","Defend_G","Defend_G","Survivor","Neutralize+1","Dagger Spray+1","Poisoned Stab","Dash+1","Finisher","Finesse+1","Adrenaline","Dagger Throw","Corpse Explosion","Blur"],"relics":["Ring of the Snake","NeowsBlessing","Golden Idol","The Courier","Nloth\u0027s Gift","TheAbacus"],"acts_visited":["Exordium","TheCity"],"potions_floor_usage":[16,16,22],"damage_taken":[{"damage":0.0,"enemies":"Cultist","floor":1.0,"turns":1.0},{"damage":0.0,"enemies":"2 Louse","floor":2.0,"turns":1.0},{"damage":0.0,"enemies":"Small Slimes","floor":3.0,"turns":1.0},{"damage":0.0,"enemies":"Looter","floor":10.0,"turns":3.0},{"damage":6,"enemies":"Gremlin Gang","floor":14,"turns":4},{"damage":26,"enemies":"The Guardian","floor":16,"turns":17},{"damage":2,"enemies":"3 Byrds","floor":18,"turns":4},{"damage":15,"enemies":"Spheric Guardian","floor":20,"turns":5},{"damage":5,"enemies":"Snake Plant","floor":22,"turns":4},{"damage":30,"enemies":"Book of Stabbing","floor":23,"turns":5}],"seed_played":"-5459118222413835613","potions_obtained":[{"floor":1.0,"key":"FearPotion"},{"floor":14,"key":"Explosive Potion"},{"floor":18,"key":"BlessingOfTheForge"}],"is_trial":false,"path_per_floor":["M","M","M","?","?","R","?","R","T","M","?","$","R","M","R","B",null,"M","?","M","$","M","E"],"character_chosen":"THE_SILENT","items_purchased":["Finesse","TheAbacus"],"campfire_rested":0,"item_purchase_floors":[12,21],"current_hp_per_floor":[59,59,59,59,36,36,36,36,36,36,36,36,36,30,30,4,51,49,49,34,34,29,0,0],"gold":25,"neow_bonus":"THREE_ENEMY_KILL","is_daily":false,"chose_seed":false,"campfire_upgraded":4,"win_rate":0.0,"timestamp":1610204367,"path_taken":["M","M","M","?","?","R","?","R","T","M","?","$","R","M","R","BOSS","M","?","M","$","M","E"],"items_purchased_type":["Card","Relic"],"build_version":"2020-12-22","purchased_purges":2,"victory":false,"max_hp_per_floor":[66,66,66,66,66,66,66,66,66,66,66,66,66,66,66,66,66,66,66,66,66,66,66,66],"card_choices":[{"not_picked":["Terror","Masterful Stab"],"picked":"Dagger Spray","floor":1.0},{"not_picked":["Bane","Backflip"],"picked":"Poisoned Stab","floor":2.0},{"not_picked":["Underhanded Strike","Crippling Poison"],"picked":"Dash","floor":3.0},{"not_picked":["Poisoned Stab","Dagger Spray","Dodge and Roll"],"picked":"SKIP","floor":10.0},{"not_picked":["Bane","Dodge and Roll","Accuracy"],"picked":"SKIP","floor":14},{"not_picked":["Burst","Night Terror"],"picked":"Adrenaline","floor":16},{"not_picked":["Predator","Riddle With Holes"],"picked":"Dagger Throw","floor":18},{"not_picked":["Finisher","Deadly Poison+1"],"picked":"Corpse Explosion","floor":20},{"not_picked":["Bouncing Flask","All Out Attack"],"picked":"Blur","floor":22}],"player_experience":1217803,"relics_obtained":[{"floor":9.0,"key":"The Courier"}],"event_choices":[{"damage_healed":0.0,"max_hp_gain":0.0,"max_hp_loss":0.0,"gold_gain":0.0,"event_name":"Liars Game","player_choice":"Ignored","floor":4.0,"gold_loss":0.0,"damage_taken":0.0},{"damage_healed":0.0,"max_hp_gain":0.0,"max_hp_loss":0.0,"gold_gain":0.0,"event_name":"Golden Idol","player_choice":"Take Damage","floor":5.0,"gold_loss":0.0,"damage_taken":23.0,"relics_obtained":["Golden Idol"]},{"damage_healed":0.0,"max_hp_gain":0.0,"max_hp_loss":0.0,"gold_gain":30.0,"event_name":"Dead Adventurer","player_choice":"Searched \u00271\u0027 times","floor":7.0,"gold_loss":0.0,"damage_taken":0.0},{"damage_healed":0.0,"max_hp_gain":0.0,"max_hp_loss":0.0,"gold_gain":0.0,"cards_transformed":["Strike_G"],"event_name":"Living Wall","player_choice":"Change","floor":11.0,"gold_loss":0.0,"damage_taken":0.0,"cards_obtained":["Finisher"]},{"damage_healed":0,"gold_gain":0,"player_choice":"Traded Relic","damage_taken":0,"relics_obtained":["Nloth\u0027s Gift"],"max_hp_gain":0,"max_hp_loss":0,"event_name":"N\u0027loth","floor":19,"relics_lost":["Empty Cage"],"gold_loss":0}],"is_beta":false,"boss_relics":[{"not_picked":["Calling Bell","Runic Pyramid"],"picked":"Empty Cage"}],"items_purged_floors":[12,21],"is_endless":false,"potions_floor_spawned":[1,14,18],"killed_by":"Book of Stabbing","ascension_level":20}}