{"host":"wwmqne3dwir10erh","time":1610216389,"event":{"mods":["BaseMod","Better Note","Hubris","Mimic Mod","Minty Spire (QoL Compilation)","Replay The Spire","StSLib","The Bladedancer"],"gold_per_floor":[111,131,147,166,166,199,214,214,254,254,264,274,288,307,307,407,407,422,432,432,35,50,50,84,101,128,140,100,100,100,110,110,215,215,227,155,173,27,27,52,72,72,72,72,90,90,90,41,41,41],"floor_reached":51,"playtime":2532,"items_purged":["Defend_G"],"score":756,"play_id":"13141be6-b393-4ec4-9aa5-ec873c7a6916","local_time":"20210109131949","is_ascension_mode":true,"campfire_choices":[{"floor":8.0,"key":"REST"},{"data":"Draining Mist","floor":10.0,"key":"SMITH"},{"data":"Strike_G","floor":15.0,"key":"SMITH"},{"floor":23.0,"key":"REST"},{"floor":30.0,"key":"REST"},{"floor":32.0,"key":"REST"},{"floor":42,"key":"REST"},{"data":"Pot Of Greed","floor":44,"key":"SMITH"},{"data":"Cloak And Dagger","floor":47,"key":"SMITH"}],"circlet_count":0,"master_deck":["Strike_G+1","Defend_G","Defend_G","Defend_G","Defend_G","Survivor","Neutralize+1","Draining Mist+1","ReplayTheSpireMod:Scrap Shanks","Quick Slash+1","Poisoned Stab","Die Die Die","Cloak And Dagger+1","Pot Of Greed","Pot Of Greed","Deadly Poison+1","Dagger Spray","All Out Attack+1","Dagger Throw","ReplayTheSpireMod:Speed Training","Adrenaline","AbeCurse","Pot Of Greed+1","Choke+1","Footwork+1","Dodge and Roll+1","Poisoned Stab+1","Terror","Die Die Die","Sneak Up","ReplayTheSpireMod:Speed Training","Bane+1","Die Die Die","CurseOfTheBell","Pot Of Greed+1","Spreading Infection","hubris:Despair","ReplayTheSpireMod:Scrap Shanks+1","Deadly Poison","Hallucinations","Phantasmal Killer","Blade Dance"],"relics":["Philosopher\u0027s Stone","Potion Belt","Grinning Jar","Replay:Grab Bag","ChewingGum","Abe\u0027s Treasure","Astrolabe","Frozen Egg 2","PreservedInsect","hubris:SlimyHat","Replay:Ancient Bell","War Paint","ReplayTheSpireMod:Shallot","Du-Vu Doll","Whetstone","ReplayTheSpireMod:Ring of Addiction","White Beast Statue","SacredBark","Tingsha","Gremlin Horn","hubris:Icosahedron"],"acts_visited":["Exordium","TheCity","TheBeyond"],"potions_floor_usage":[40,41,50,50,50,50],"damage_taken":[{"damage":5.0,"enemies":"2 Louse","floor":1.0,"turns":3.0},{"damage":0.0,"enemies":"Cultist","floor":2.0,"turns":3.0},{"damage":0.0,"enemies":"Small Slimes","floor":3.0,"turns":3.0},{"damage":5.0,"enemies":"Exordium Thugs","floor":4.0,"turns":5.0},{"damage":23.0,"enemies":"3 Sentries","floor":6.0,"turns":11.0},{"damage":7.0,"enemies":"Red Slaver","floor":7.0,"turns":3.0},{"damage":2.0,"enemies":"Gremlin Gang","floor":9.0,"turns":9.0},{"damage":2.0,"enemies":"Gremlin Gang","floor":11.0,"turns":2.0},{"damage":0.0,"enemies":"Lots of Slimes","floor":12.0,"turns":1.0},{"damage":0.0,"enemies":"3 Louse","floor":13.0,"turns":1.0},{"damage":0.0,"enemies":"Exordium Wildlife","floor":14.0,"turns":2.0},{"damage":2.0,"enemies":"Hexaghost","floor":16.0,"turns":8.0},{"damage":21.0,"enemies":"2 Thieves","floor":18.0,"turns":3.0},{"damage":0.0,"enemies":"Spheric Guardian","floor":19.0,"turns":2.0},{"damage":6.0,"enemies":"Centurion and Healer","floor":22.0,"turns":4.0},{"damage":25.0,"enemies":"Slavers","floor":24.0,"turns":5.0},{"damage":17.0,"enemies":"Sentry and Sphere","floor":25.0,"turns":4.0},{"damage":17.0,"enemies":"Cultist and Chosen","floor":27.0,"turns":6.0},{"damage":0.0,"enemies":"Snecko","floor":29.0,"turns":2.0},{"damage":4.0,"enemies":"3 Cultists","floor":31.0,"turns":4.0},{"damage":13.0,"enemies":"Collector","floor":33.0,"turns":9.0},{"damage":0.0,"enemies":"3 Darklings","floor":35.0,"turns":3.0},{"damage":12.0,"enemies":"3 Shapes","floor":37.0,"turns":5.0},{"damage":2,"enemies":"Reptomancer","floor":40,"turns":3},{"damage":17,"enemies":"3 Darklings","floor":41,"turns":3},{"damage":0,"enemies":"Writhing Mass","floor":45,"turns":3},{"damage":45,"enemies":"Replay:Hell Engine","floor":50,"turns":8}],"seed_played":"-444008966045708723","potions_obtained":[{"floor":1.0,"key":"Languid Potion"},{"floor":2.0,"key":"SneckoOil"},{"floor":7.0,"key":"EssenceOfSteel"},{"floor":12.0,"key":"SmokeBomb"},{"floor":14.0,"key":"GamblersBrew"},{"floor":19.0,"key":"SpeedPotion"},{"floor":25.0,"key":"Reflective Coating"},{"floor":27.0,"key":"DuplicationPotion"},{"floor":28.0,"key":"GhostInAJar"},{"floor":28.0,"key":"Reflective Coating"},{"floor":37.0,"key":"Block Potion"},{"floor":39,"key":"DuplicationPotion"},{"floor":39,"key":"DuplicationPotion"},{"floor":39,"key":"Elixir"},{"floor":40,"key":"DistilledChaos"},{"floor":41,"key":"Elixir"},{"floor":45,"key":"Venom Potion"}],"is_trial":false,"path_per_floor":["M","M","M","M","?","E","M","R","MIM","R","M","M","M","M","R","B",null,"M","M","?","$","M","R","E","M","T","M","?","M","R","M","R","B",null,"M","$","M","$","?","E","M","R","T","R","M","?","R","$","R","B",null],"character_chosen":"THE_SILENT","items_purchased":["Terror","Frozen Egg 2","ReplayTheSpireMod:Scrap Shanks+1","Whetstone","Blade Dance"],"campfire_rested":5,"item_purchase_floors":[21,21,36,38,48],"current_hp_per_floor":[65,65,65,60,60,37,30,51,49,49,47,47,47,47,47,45,70,49,49,49,49,43,64,39,22,22,5,5,5,26,22,43,30,70,70,70,58,58,58,56,39,60,60,60,60,60,60,60,66,21],"gold":41,"neow_bonus":"BOSS_RELIC","is_daily":false,"chose_seed":false,"campfire_upgraded":4,"win_rate":0.0,"timestamp":1610216389,"path_taken":["M","M","M","M","?","E","M","R","MIM","R","M","M","M","M","R","BOSS","M","M","?","?","M","R","E","?","T","?","?","M","R","M","R","BOSS","M","$","?","$","?","E","M","R","T","R","M","?","R","$","R","BOSS"],"items_purchased_type":["Card","Relic","Card","Relic","Card"],"build_version":"2020-12-22","purchased_purges":1,"victory":true,"max_hp_per_floor":[70,70,70,70,70,70,70,70,70,70,70,70,70,70,70,70,70,70,70,70,70,70,70,70,70,70,70,70,70,70,70,70,70,70,70,70,70,70,70,70,70,70,70,70,68,68,68,66,66,66],"card_choices":[{"not_picked":["Replay:Poison Smokescreen","Crippling Poison"],"picked":"Draining Mist","floor":1.0},{"not_picked":["Predator","Slice"],"picked":"ReplayTheSpireMod:Scrap Shanks","floor":2.0},{"not_picked":["Calculated Gamble","Dodge and Roll"],"picked":"Quick Slash","floor":3.0},{"not_picked":["hubris:SlightOfHand","Well Laid Plans"],"picked":"Poisoned Stab","floor":4.0},{"not_picked":["Prepared","Quick Slash"],"picked":"Die Die Die","floor":6.0},{"not_picked":["Underhanded Strike","hubris:Counter"],"picked":"Cloak And Dagger","floor":7.0},{"not_picked":["PiercingWail","Underhanded Strike"],"picked":"Deadly Poison","floor":9.0},{"not_picked":["Draining Mist","Flying Knee"],"picked":"Dagger Spray","floor":11.0},{"not_picked":["Dagger Spray","Expertise"],"picked":"All Out Attack","floor":12.0},{"not_picked":["PiercingWail","Cloak And Dagger"],"picked":"Dagger Throw","floor":13.0},{"not_picked":["Outmaneuver","Storm of Steel"],"picked":"ReplayTheSpireMod:Speed Training","floor":14.0},{"not_picked":["Glass Knife","Bullet Time"],"picked":"Adrenaline","floor":16.0},{"not_picked":["Poisoned Stab","Prepared"],"picked":"Dodge and Roll+1","floor":18.0},{"not_picked":["PiercingWail","Prepared"],"picked":"Poisoned Stab+1","floor":19.0},{"not_picked":["Slice+1","Hidden Blade+1","Reflex"],"picked":"SKIP","floor":22.0},{"not_picked":["Deadly Poison+1","Leg Sweep"],"picked":"Die Die Die","floor":24.0},{"not_picked":["Cloak And Dagger","Slice"],"picked":"Sneak Up","floor":25.0},{"not_picked":["Sneak Up","Expertise+1"],"picked":"ReplayTheSpireMod:Speed Training","floor":27.0},{"not_picked":["Riddle With Holes","PiercingWail+1"],"picked":"Bane+1","floor":31.0},{"not_picked":["Phantasmal Killer","Unload"],"picked":"Die Die Die","floor":33.0},{"not_picked":["Doubt","hubris:Lust"],"picked":"CurseOfTheBell","floor":34.0},{"not_picked":["hubris:Sloth","Pain"],"picked":"Spreading Infection","floor":34.0},{"not_picked":["Delirium","Hallucinations"],"picked":"hubris:Despair","floor":34.0},{"not_picked":["Caltrops+1","hubris:TrickCloak+1","Quick Slash+1"],"picked":"SKIP","floor":35.0},{"not_picked":["hubris:TrickCloak+1","Concentrate+1"],"picked":"Deadly Poison","floor":37.0},{"not_picked":["Blur+1","Dagger Throw","Concentrate"],"picked":"SKIP","floor":40},{"not_picked":["Endless Agony","Leg Sweep+1"],"picked":"Phantasmal Killer","floor":41},{"not_picked":["Dagger Spray","Crippling Poison+1","hubris:SlightOfHand+1"],"picked":"SKIP","floor":45}],"player_experience":2265068,"relics_obtained":[{"floor":6.0,"key":"Potion Belt"},{"floor":9.0,"key":"Grinning Jar"},{"floor":24.0,"key":"PreservedInsect"},{"floor":26.0,"key":"hubris:SlimyHat"},{"floor":39,"key":"ReplayTheSpireMod:Ring of Addiction"},{"floor":39,"key":"White Beast Statue"},{"floor":39,"key":"SacredBark"},{"floor":40,"key":"Tingsha"},{"floor":43,"key":"Gremlin Horn"}],"event_choices":[{"cards_removed":["Strike_G"],"damage_healed":0.0,"max_hp_gain":0.0,"max_hp_loss":0.0,"gold_gain":0.0,"event_name":"Bonfire Elementals","player_choice":"Offered Basic","floor":5.0,"gold_loss":0.0,"damage_taken":0.0},{"cards_removed":["hubris:TrickCloak"],"damage_healed":0.0,"max_hp_gain":0.0,"max_hp_loss":0.0,"gold_gain":0.0,"event_name":"Purifier","player_choice":"Purged","floor":20.0,"gold_loss":0.0,"damage_taken":0.0},{"damage_healed":0.0,"max_hp_gain":0.0,"max_hp_loss":0.0,"gold_gain":0.0,"event_name":"The Woman in Blue","player_choice":"Bought 3 Potions","floor":28.0,"gold_loss":0.0,"damage_taken":0.0}],"is_beta":false,"boss_relics":[{"not_picked":["Painkiller Herb","hubris:BlackHole"],"picked":"Replay:Grab Bag"},{"not_picked":["ReplayTheSpireMod:Onyx Gauntlets","Sozu"],"picked":"ChewingGum"},{"not_picked":["hubris:RunicObelisk","Busted Crown"],"picked":"Abe\u0027s Treasure"},{"not_picked":["Snecko Scales","Pandora\u0027s Box"],"picked":"Astrolabe"},{"not_picked":["HoveringKite","Black Star"],"picked":"Replay:Ancient Bell"},{"not_picked":["hubris:AncientText","MealTicket"],"picked":"War Paint"},{"not_picked":["Replay:Bottled Steam","Ninja Scroll"],"picked":"ReplayTheSpireMod:Shallot"},{"not_picked":["hubris:64BitClover","Vampiric Spirits"],"picked":"Du-Vu Doll"}],"items_purged_floors":[21],"is_endless":false,"potions_floor_spawned":[1,2,7,12,14,19,25,27,29,37,40,41,45],"ascension_level":2}}