{"host":"nqsrckqog5ia9mbo","time":1610222900,"event":{"mods":["AchievementEnabler","BaseMod","Colored Map","Hermit","Minty Spire (QoL Compilation)","StSLib"],"gold_per_floor":[369,383,47,47,65,90,90,105,105,105,105,119,148,162,162,260,260,275,190,90,107,127,127,52,52,77,77,84,84],"floor_reached":28,"playtime":1450,"items_purged":["hermit:Strike_Hermit","hermit:Strike_Hermit"],"score":239,"play_id":"b097b838-ddcc-4366-a921-6aa3fe3a6de5","local_time":"20210109210820","is_ascension_mode":true,"campfire_choices":[{"floor":7,"key":"REST"},{"floor":11,"key":"REST"},{"floor":15,"key":"REST"},{"data":"hermit:Dissolve","floor":23,"key":"SMITH"},{"data":"hermit:Dive","floor":25,"key":"SMITH"},{"data":"hermit:Vantage","floor":27,"key":"SMITH"}],"circlet_count":0,"master_deck":["hermit:Strike_Hermit","hermit:Defend_Hermit","hermit:Defend_Hermit","hermit:Defend_Hermit","hermit:Defend_Hermit","hermit:Snapshot","hermit:Covet","hermit:Manifest","hermit:CursedWeapon+1","hermit:EyeOfTheStorm","hermit:Enervate","hermit:Dive+1","hermit:Ricochet","hermit:Dissolve+1","hermit:Vantage+1","hermit:Scavenge+1","Doubt"],"relics":["hermit:Momento","Matryoshka","Mercury Hourglass","Art of War","hermit:Spyglass","Girya","Cursed Key","Singing Bowl","Gremlin Horn","Pen Nib"],"acts_visited":["Exordium","TheCity"],"potions_floor_usage":[13,16,28],"damage_taken":[{"damage":7,"enemies":"Jaw Worm","floor":1,"turns":3},{"damage":5,"enemies":"Small Slimes","floor":2,"turns":4},{"damage":3,"enemies":"Cultist","floor":5,"turns":4},{"damage":38,"enemies":"Lagavulin","floor":6,"turns":8},{"damage":2,"enemies":"Exordium Wildlife","floor":8,"turns":3},{"damage":2,"enemies":"Looter","floor":12,"turns":3},{"damage":23,"enemies":"Gremlin Nob","floor":13,"turns":5},{"damage":10,"enemies":"Gremlin Gang","floor":14,"turns":3},{"damage":33,"enemies":"Hexaghost","floor":16,"turns":11},{"damage":6,"enemies":"Shell Parasite","floor":18,"turns":6},{"damage":2,"enemies":"Spheric Guardian","floor":21,"turns":4},{"damage":9,"enemies":"Snake Plant","floor":22,"turns":4},{"damage":73,"enemies":"Gremlin Leader","floor":28,"turns":9}],"seed_played":"-1189327685472255342","potions_obtained":[{"floor":2,"key":"Dexterity Potion"},{"floor":6,"key":"ColorlessPotion"},{"floor":12,"key":"Energy Potion"},{"floor":13,"key":"Dexterity Potion"},{"floor":14,"key":"Block Potion"},{"floor":18,"key":"LiquidBronze"}],"is_trial":false,"path_per_floor":["M","M","$","?","M","E","R","M","T","?","R","M","E","M","R","B",null,"M","?","$","M","M","R","?","R","T","R","E"],"character_chosen":"HERMIT","items_purchased":["Matryoshka"],"campfire_rested":3,"item_purchase_floors":[3],"current_hp_per_floor":[61,56,56,56,53,15,35,33,33,33,53,51,28,18,38,5,68,62,62,62,60,53,53,53,53,53,53,0,0],"gold":84,"neow_bonus":"TWO_FIFTY_GOLD","is_daily":false,"chose_seed":false,"campfire_upgraded":3,"win_rate":0.0,"timestamp":1610222900,"path_taken":["M","M","$","?","M","E","R","M","T","?","R","M","E","M","R","BOSS","M","?","$","M","M","R","?","R","T","R","E"],"items_purchased_type":["Relic"],"build_version":"2020-12-22","purchased_purges":2,"victory":false,"max_hp_per_floor":[68,68,68,68,68,68,68,68,68,68,68,68,68,68,68,68,68,68,68,68,68,70,70,70,70,70,70,70,70],"card_choices":[{"not_picked":["hermit:Misfire","hermit:LowProfile"],"picked":"hermit:Manifest","floor":1},{"not_picked":["hermit:Desperado","hermit:Headshot"],"picked":"hermit:CursedWeapon","floor":2},{"not_picked":["hermit:BigShot","hermit:ShadowCloak"],"picked":"hermit:EyeOfTheStorm","floor":5},{"not_picked":["hermit:Magnum","hermit:Brawl"],"picked":"hermit:Enervate","floor":6},{"not_picked":["hermit:Headshot","hermit:Ricochet"],"picked":"hermit:Dive","floor":8},{"not_picked":["hermit:TrackingShot","hermit:LuckOfTheDraw","hermit:Midnight"],"picked":"SKIP","floor":12},{"not_picked":["hermit:RoundhouseKick","hermit:Brawl"],"picked":"hermit:Ricochet","floor":13},{"not_picked":["hermit:Quickdraw","hermit:BodyArmor","hermit:Brawl"],"picked":"SKIP","floor":14},{"not_picked":["hermit:FinalCanter","hermit:BlackWind"],"picked":"hermit:Dissolve","floor":16},{"not_picked":["hermit:Spite+1","hermit:TrackingShot"],"picked":"hermit:Vantage","floor":18},{"not_picked":["hermit:Misfire","hermit:Midnight"],"picked":"hermit:Scavenge+1","floor":21},{"not_picked":["hermit:Feint","hermit:Snipe","hermit:SprayPray"],"picked":"Singing Bowl","floor":22}],"player_experience":184538,"relics_obtained":[{"floor":6,"key":"Mercury Hourglass"},{"floor":9,"key":"Art of War"},{"floor":9,"key":"hermit:Spyglass"},{"floor":13,"key":"Girya"},{"floor":26,"key":"Gremlin Horn"},{"floor":26,"key":"Pen Nib"}],"event_choices":[{"damage_healed":0,"gold_gain":0,"player_choice":"Ignored","damage_taken":0,"max_hp_gain":0,"max_hp_loss":0,"event_name":"Golden Idol","floor":4,"gold_loss":0},{"damage_healed":0,"gold_gain":0,"player_choice":"Upgraded","damage_taken":0,"max_hp_gain":0,"max_hp_loss":0,"event_name":"Upgrade Shrine","floor":10,"gold_loss":0,"cards_upgraded":["hermit:CursedWeapon"]},{"damage_healed":0,"gold_gain":0,"player_choice":"Obtained Relic","damage_taken":0,"relics_obtained":["Singing Bowl"],"max_hp_gain":0,"max_hp_loss":0,"event_name":"Addict","floor":19,"gold_loss":85},{"cards_removed":["hermit:Strike_Hermit"],"damage_healed":0,"gold_gain":0,"player_choice":"Gave Gold","damage_taken":0,"max_hp_gain":0,"max_hp_loss":0,"event_name":"Beggar","floor":24,"gold_loss":75}],"is_beta":false,"boss_relics":[{"not_picked":["Fusion Hammer","SlaversCollar"],"picked":"Cursed Key"}],"items_purged_floors":[3,20],"is_endless":false,"potions_floor_spawned":[2,6,12,13,14,18],"killed_by":"Gremlin Leader","ascension_level":1}}