{"host":"ishme5wb80o83upk","time":1610183524,"event":{"mods":["Arknights The Spire","BaseMod","Minty Spire (QoL Compilation)","StSLib"],"gold_per_floor":[111,111,111,125,50,50,77,77,126,158,108,108,118,138,138,233,233,246,246,260,10,25,25,60,79,79,93,93,1,31,44,44,143,143,157,172,187,137,148,181,181,181,228,113,126,156,156,181,181,181,181,181,14,49,49],"floor_reached":56,"playtime":2363,"items_purged":["Pain","ats:Strike V","ats:Strike G","ats:Strike S","ats:Defend","ats:Defend","ats:Armor Crushing Shot"],"score":1687,"play_id":"e466715b-9151-4b4f-8ef3-34dc64690aa4","local_time":"20210109181204","is_ascension_mode":true,"campfire_choices":[{"data":"ats:Burning Ground","floor":6.0,"key":"SMITH"},{"data":"ats:Hook Shot","floor":8.0,"key":"SMITH"},{"data":"ats:Sunburst","floor":12.0,"key":"SMITH"},{"data":"ats:Emotion Absorption","floor":15.0,"key":"SMITH"},{"data":"ats:Burning Ground","floor":23.0,"key":"SMITH"},{"floor":28.0,"key":"REST"},{"floor":32.0,"key":"REST"},{"floor":41.0,"key":"RECALL"},{"data":"ats:Guardian Obelisk","floor":47.0,"key":"SMITH"},{"data":"ats:Guardian Obelisk","floor":49,"key":"SMITH"},{"data":"ats:Burning Ground","floor":52,"key":"SMITH"}],"circlet_count":0,"master_deck":["ats:Strike C","ats:Emotion Absorption+1","ats:Hook Shot+1","ats:Burning Ground+1","ats:Automatic Cover","ats:Sunburst+1","ats:Very Hot Blade","ats:Wolf Pack","ats:Burning Ground+1","ats:Guardian Obelisk+1","ats:Burning Ground+1","ats:Calcification","ats:Very Hot Blade+1","ats:Guardian Obelisk+1"],"relics":["ats:Sanity","NeowsBlessing","WarpedTongs","ats:Originium","The Courier","Smiling Mask","TungstenRod","SacredBark","Enchiridion","ats:Bonebreaker","Bottled Tornado","Question Card","Singing Bowl","Empty Cage","Bronze Scales","Toy Ornithopter","ats:Spiritual Recovery","Bag of Marbles"],"acts_visited":["Exordium","TheCity","TheBeyond","TheEnding"],"potions_floor_usage":[48,50,55,55],"damage_taken":[{"damage":0.0,"enemies":"Small Slimes","floor":1.0,"turns":1.0},{"damage":1.0,"enemies":"Cultist","floor":4.0,"turns":1.0},{"damage":0.0,"enemies":"Gremlin Nob","floor":7.0,"turns":1.0},{"damage":17.0,"enemies":"Lagavulin","floor":10.0,"turns":7.0},{"damage":3.0,"enemies":"Jaw Worm","floor":13.0,"turns":4.0},{"damage":0.0,"enemies":"3 Louse","floor":14.0,"turns":2.0},{"damage":21.0,"enemies":"Slime Boss","floor":16.0,"turns":8.0},{"damage":3.0,"enemies":"Chosen","floor":18.0,"turns":4.0},{"damage":4.0,"enemies":"Spheric Guardian","floor":20.0,"turns":4.0},{"damage":10.0,"enemies":"Shelled Parasite and Fungi","floor":22.0,"turns":4.0},{"damage":32.0,"enemies":"Slavers","floor":24.0,"turns":4.0},{"damage":0.0,"enemies":"Centurion and Healer","floor":25.0,"turns":4.0},{"damage":7.0,"enemies":"Snake Plant","floor":27.0,"turns":4.0},{"damage":4.0,"enemies":"Book of Stabbing","floor":30.0,"turns":3.0},{"damage":8.0,"enemies":"Shelled Parasite and Fungi","floor":31.0,"turns":4.0},{"damage":0.0,"enemies":"Champ","floor":33.0,"turns":8.0},{"damage":4.0,"enemies":"Orb Walker","floor":35.0,"turns":3.0},{"damage":10.0,"enemies":"3 Shapes","floor":36.0,"turns":4.0},{"damage":15.0,"enemies":"Writhing Mass","floor":37.0,"turns":4.0},{"damage":14.0,"enemies":"4 Shapes","floor":39.0,"turns":3.0},{"damage":0.0,"enemies":"Reptomancer","floor":40.0,"turns":3.0},{"damage":2.0,"enemies":"Transient","floor":45.0,"turns":5.0},{"damage":0.0,"enemies":"Nemesis","floor":46.0,"turns":4.0},{"damage":0,"enemies":"Reptomancer","floor":48,"turns":4},{"damage":25,"enemies":"Awakened One","floor":50,"turns":6},{"damage":0,"enemies":"Shield and Spear","floor":54,"turns":3},{"damage":51,"enemies":"The Heart","floor":55,"turns":7}],"seed_played":"-6243853127914942406","potions_obtained":[{"floor":1.0,"key":"ats:Top Emergency Sanity Potion"},{"floor":7.0,"key":"Fire Potion"},{"floor":16.0,"key":"PowerPotion"},{"floor":18.0,"key":"SpeedPotion"},{"floor":25.0,"key":"Energy Potion"},{"floor":35.0,"key":"CultistPotion"},{"floor":45.0,"key":"SteroidPotion"},{"floor":48,"key":"Energy Potion"}],"is_trial":false,"path_per_floor":["M","?","?","M","$","R","E","R","T","E","$","R","M","M","R","B",null,"M","?","M","$","M","R","E","M","T","M","R","$","E","M","R","B",null,"M","M","M","$","M","E","R","?","T","$","M","E","R","E","R","B",null,"R","$","E","B",null],"character_chosen":"DOCTOR_CLASS","items_purchased":["ats:Bonebreaker","Swift Potion","ats:Guardian Obelisk","Block Potion","Dexterity Potion","Weak Potion"],"campfire_rested":2,"item_purchase_floors":[21,29,44,53,53,53],"current_hp_per_floor":[72,77,77,76,76,76,76,76,76,59,59,59,56,56,56,35,77,74,62,58,58,48,48,28,31,31,28,51,51,49,41,64,64,79,80,77,69,69,56,58,58,58,58,58,58,60,60,68,68,49,93,93,93,95,79],"gold":49,"neow_bonus":"THREE_ENEMY_KILL","is_daily":false,"chose_seed":false,"campfire_upgraded":8,"win_rate":0.0,"timestamp":1610183524,"path_taken":["M","?","?","M","$","R","E","R","T","E","$","R","M","?","R","BOSS","M","?","M","$","M","R","E","M","T","M","R","$","E","M","R","BOSS","M","M","M","$","M","E","R","?","T","$","M","E","R","E","R","BOSS","R","$","E","BOSS"],"items_purchased_type":["Relic","Potion","Card","Potion","Potion","Potion"],"build_version":"2020-12-22","purchased_purges":7,"victory":true,"max_hp_per_floor":[72,77,77,77,77,77,77,77,77,77,77,77,77,77,77,77,77,77,77,77,77,77,77,77,77,77,77,77,77,79,79,79,79,79,81,83,85,85,85,87,87,87,87,87,89,91,91,93,93,93,93,93,93,95,95],"card_choices":[{"not_picked":["ats:Red Shift","ats:Apocalypse"],"picked":"ats:Hook Shot","floor":1.0},{"not_picked":["ats:Composite Medical Shells","ats:Assault Order"],"picked":"ats:Burning Ground","floor":4.0},{"not_picked":["ats:Shadow Raid","ats:LN2 Cannon"],"picked":"ats:Automatic Cover","floor":7.0},{"not_picked":["ats:Assault Order","ats:Shadow Raid"],"picked":"ats:Sunburst","floor":10.0},{"not_picked":["ats:Ignite","ats:Part Time Job"],"picked":"ats:Very Hot Blade","floor":13.0},{"not_picked":["ats:Poison Spread","ats:Durian","ats:Flexible Camouflage"],"picked":"SKIP","floor":14.0},{"not_picked":["ats:Disruption Kick","ats:Fractured Body"],"picked":"ats:Wolf Pack","floor":16.0},{"not_picked":["ats:Steam Pump","ats:Directed Diagnosis+1"],"picked":"ats:Burning Ground","floor":18.0},{"not_picked":["ats:Shell Defense","ats:Childhood Dance","ats:Consecutive Shot Auto"],"picked":"SKIP","floor":20.0},{"not_picked":["ats:Assault Order","ats:Poison Spread"],"picked":"ats:Revitalization+1","floor":22.0},{"not_picked":["ats:Ignite","ats:Leaping Hammer","ats:Childhood Dance+1"],"picked":"SKIP","floor":24.0},{"not_picked":["ats:Poison Spread+1","ats:Neurotoxin","ats:Powerful Strike+1"],"picked":"SKIP","floor":25.0},{"not_picked":["ats:Curse Doll","ats:Explosion Area Strengthen","ats:Consecutive Shot Auto"],"picked":"ats:Guardian Obelisk","floor":27.0},{"not_picked":["ats:Soul Absorption","ats:Assault Order","ats:Sword Rain","ats:Curse Doll"],"picked":"Singing Bowl","floor":30.0},{"not_picked":["ats:Spore Proliferation","ats:Flame Of Heaven","ats:Powerful Strike+1"],"picked":"ats:Burning Ground","floor":31.0},{"not_picked":["ats:Disruption Kick","ats:Durian","ats:Roar Of Ursus"],"picked":"ats:Calcification","floor":33.0},{"not_picked":["ats:Apocalypse+1","ats:Ignite+1","ats:Cat Scratch","ats:Automatic Cover"],"picked":"Singing Bowl","floor":35.0},{"not_picked":["ats:Childhood Dance","ats:LN2 Cannon+1","ats:Ignite+1","ats:Counter Healing Mode+1"],"picked":"Singing Bowl","floor":36.0},{"not_picked":["ats:Thorns+1","ats:Overload","ats:Hammer On+1","ats:Apocalypse+1"],"picked":"Singing Bowl","floor":37.0},{"not_picked":["ats:Assault Order","ats:Sword Rain","ats:Shell Defense+1"],"picked":"ats:Very Hot Blade+1","floor":39.0},{"not_picked":["ats:LN2 Cannon+1","ats:Apocalypse+1","ats:Roar Of Ursus","ats:Curse Doll+1"],"picked":"Singing Bowl","floor":40.0},{"not_picked":["ats:Explosion Area Strengthen+1","ats:Flexible Camouflage+1","ats:Apocalypse","ats:Assault Order"],"picked":"Singing Bowl","floor":45.0},{"not_picked":["ats:Fractured Body","ats:Very Hot Blade","ats:Collapsing Strike+1","ats:LN2 Cannon"],"picked":"Singing Bowl","floor":46.0},{"not_picked":["ats:Counter Healing Mode+1","ats:Hammer On+1","ats:Consecutive Shot Auto","ats:Charging Defense+1"],"picked":"Singing Bowl","floor":48},{"not_picked":["ats:Closed Bolt Burst Fire+1","ats:Powerful Strike+1","ats:Ignite","ats:Poison Spread"],"picked":"Singing Bowl","floor":54}],"player_experience":1080824,"relics_obtained":[{"floor":7.0,"key":"ats:Originium"},{"floor":7.0,"key":"The Courier"},{"floor":9.0,"key":"Smiling Mask"},{"floor":10.0,"key":"ats:Originium"},{"floor":10.0,"key":"TungstenRod"},{"floor":19.0,"key":"Enchiridion"},{"floor":24.0,"key":"ats:Originium"},{"floor":24.0,"key":"Bottled Tornado"},{"floor":26.0,"key":"Question Card"},{"floor":30.0,"key":"Singing Bowl"},{"floor":40.0,"key":"Bronze Scales"},{"floor":46.0,"key":"Toy Ornithopter"},{"floor":48,"key":"ats:Spiritual Recovery"},{"floor":54,"key":"Bag of Marbles"}],"event_choices":[{"damage_healed":0.0,"max_hp_gain":5.0,"max_hp_loss":0.0,"gold_gain":0.0,"event_name":"Big Fish","player_choice":"Donut","floor":2.0,"gold_loss":0.0,"damage_taken":0.0},{"damage_healed":0.0,"max_hp_gain":0.0,"max_hp_loss":0.0,"gold_gain":0.0,"event_name":"Accursed Blacksmith","player_choice":"Rummage","floor":3.0,"gold_loss":0.0,"damage_taken":0.0,"relics_obtained":["WarpedTongs"],"cards_obtained":["Pain"]},{"damage_healed":0.0,"max_hp_gain":0.0,"max_hp_loss":0.0,"gold_gain":0.0,"event_name":"Cursed Tome","player_choice":"Obtained Book","floor":19.0,"gold_loss":0.0,"damage_taken":16.0},{"cards_removed":["ats:Revitalization"],"damage_healed":0.0,"max_hp_gain":0.0,"max_hp_loss":0.0,"gold_gain":0.0,"event_name":"Falling","player_choice":"Removed Skill","floor":42.0,"gold_loss":0.0,"damage_taken":0.0}],"is_beta":false,"boss_relics":[{"not_picked":["Black Star","Sozu"],"picked":"SacredBark"},{"not_picked":["Calling Bell","Pandora\u0027s Box"],"picked":"Empty Cage"}],"items_purged_floors":[5,11,21,29,38,44,53],"is_endless":false,"potions_floor_spawned":[1,7,16,18,22,25,35,37,45,48],"ascension_level":4}}