{"host":"uiaocagxbjlinul0","time":1610168771,"event":{"mods":["100% Spire Juice","Act Like it!","BaseMod","Better Match","Block Reminder","CapriCore","ChefMod","Downfall","GifTheSpireLib","Hallownest","Hermit","Minty Spire (QoL Compilation)","Quick Restart","Shade Mod","StSLib","Stuff the Spire","The Animator","The Bug Knight","The Caster","The Immortal","The Marked","The Runesmith","The Spell Scribe","TheSwordswoman","TheVacant","TheWitcher","Wandering Minibosses"],"gold_per_floor":[99,99,99,99,99,99,126,28,40,40,51,69,69,89,100,195,195,45,45,45,45,45],"floor_reached":20,"playtime":556,"items_purged":["Regret"],"score":160,"play_id":"5ad5b694-6c58-4ba6-9479-4d26b89c66d4","local_time":"20210108210611","is_ascension_mode":false,"campfire_choices":[{"floor":1,"key":"RECALL"},{"data":"champ:DefensiveStyle","floor":10,"key":"SMITH"},{"data":"champ:CalledShot","floor":13,"key":"SMITH"},{"data":"champ:HoldFirm","floor":18,"key":"SMITH"}],"circlet_count":0,"master_deck":["champ:Strike","champ:Strike","champ:Strike","champ:Defend","champ:Defend","champ:Defend+1","champ:Defend","champ:Execute+1","champ:Taunt+1","champ:CalledShot+1","champ:DefensiveStyle+1","champ:DefensiveStyle","champ:BringItOn","champ:FalseCounter","champ:ArenaPreparation","champ:Circumvent","champ:TornadoPunch","champ:HoldFirm+1"],"relics":["champ:ChampionCrown","downfall:HeartsMalice","Cursed Key","downfall:HeartBlessingRed","downfall:HeartBlessingBlue","Peace Pipe"],"acts_visited":["Exordium","TheCity"],"potions_floor_usage":[16],"damage_taken":[{"damage":0,"enemies":"Cultist","floor":2,"turns":1},{"damage":0,"enemies":"Small Slimes","floor":5,"turns":1},{"damage":0,"enemies":"downfall:FleeingMerchant","floor":8,"turns":1},{"damage":5,"enemies":"Jaw Worm","floor":9,"turns":3},{"damage":7,"enemies":"Blue Slaver","floor":11,"turns":4},{"damage":10,"enemies":"Large Slime","floor":12,"turns":5},{"damage":19,"enemies":"3 Louse","floor":14,"turns":5},{"damage":22,"enemies":"Gremlin Gang","floor":15,"turns":6},{"damage":30,"enemies":"downfall:Silent","floor":16,"turns":8},{"damage":0,"enemies":"downfall:FleeingMerchant","floor":20,"turns":1}],"seed_played":"3251600006007620541","potions_obtained":[{"floor":11,"key":"champ:TechniquePotion"},{"floor":12,"key":"GamblersBrew"},{"floor":14,"key":"EssenceOfSteel"},{"floor":15,"key":"champ:UltimateStancePotion"}],"is_trial":false,"path_per_floor":["R","M","?","?","M","?","T","$","M","R","M","M","R","M","M","B",null,"R","?","$"],"character_chosen":"THE_CHAMP","items_purchased":["champ:BringItOn"],"campfire_rested":0,"item_purchase_floors":[8],"current_hp_per_floor":[90,90,90,90,90,90,90,90,90,90,83,83,83,75,66,41,90,100,100,100,100,100],"gold":45,"neow_bonus":"THREE_ENEMY_KILL","is_daily":false,"chose_seed":false,"campfire_upgraded":3,"win_rate":0.0,"timestamp":1610168771,"path_taken":["R","M","?","?","M","?","T","$","M","R","M","M","R","M","M","BOSS","R","?","$"],"items_purchased_type":["Card"],"build_version":"2020-12-22","purchased_purges":1,"victory":false,"max_hp_per_floor":[90,90,90,90,90,90,90,90,90,90,90,90,90,90,90,90,90,100,100,100,100,100],"card_choices":[{"not_picked":["champ:CrookedStrike","champ:RisingSlash"],"picked":"champ:CalledShot","floor":2},{"not_picked":["champ:Circumvent","champ:BerserkersShout"],"picked":"champ:DefensiveStyle","floor":5},{"not_picked":["champ:FocusedDefense","champ:EndlessRage"],"picked":"champ:DefensiveStyle","floor":8},{"not_picked":["champ:FightOn","champ:FocusedDefense"],"picked":"champ:FalseCounter","floor":9},{"not_picked":["champ:GladiatorsShout","champ:StanceDance"],"picked":"champ:ArenaPreparation","floor":11},{"not_picked":["champ:RisingSlash","champ:CalledShot"],"picked":"champ:Circumvent","floor":12},{"not_picked":["champ:HeartStrike","champ:AdrenalArmor","champ:PerfectedStrike"],"picked":"SKIP","floor":14},{"not_picked":["champ:PerfectForm","champ:HeartStrike"],"picked":"champ:TornadoPunch","floor":15},{"not_picked":["champ:MurderStrike","champ:StrikeOfGenius"],"picked":"champ:HoldFirm","floor":16}],"player_experience":165256,"relics_obtained":[],"event_choices":[{"cards_removed":["champ:Strike"],"damage_healed":0,"gold_gain":0,"player_choice":"Card Removal","damage_taken":0,"max_hp_gain":0,"max_hp_loss":0,"event_name":"The Cleric","floor":3,"gold_loss":0}],"is_beta":false,"boss_relics":[{"not_picked":["Tiny House","Busted Crown"],"picked":"Cursed Key"}],"items_purged_floors":[8],"is_endless":false,"potions_floor_spawned":[11,12,14,15],"killed_by":"downfall:FleeingMerchant","ascension_level":0}}