{"host":"8ohk72e3leaymhq4","time":1610203151,"event":{"mods":["ATMod(阿瑾Mod)","Act Like it!","Arknights The Spire","Aspiration","BaseMod","BetterRewards","Colored Powertips","Conspire","Downfall","FutureSeer","Gensokyo","Hallownest","Hubris","Hunter 猎人","KinomotoSakuraMod(木之本樱)","LagranYue(拉格朗・月)","Lobotomy","LobotomyExtend","Marisa（F雨　魔理沙）","Mimic Mod","Minty Spire (QoL Compilation)","Nova Terra(诺娃・泰拉)","Prisma Mod","Quarter Circle Forward PUNCH!","Relic Stats","Remilia（蕾米莉亚）","Replay The Spire","Reworked Bosses","Shop Mod","Spicy Shops","StSLib","Td1madao Mod","TestMod","The Administrix","The Bug Knight","The Construct","The Mystic","WarShipGirlsR/战舰少女R mod","Youmu（魂魄妖梦）","Yuri Mod","vexMod","【遗物卡牌】REMEMod","篝火指南"],"gold_per_floor":[115,135,135,135,110,110,110,22,22,41,41,374,396,442,454,761,773,800,405,421,441,441,474,389,389,412,425,444,444,464,477,477,574,574,594,594,594,610,240,31,62,74,74,0,0,29,36,51,51,51],"floor_reached":51,"playtime":3333,"items_purged":["rmod:strick"],"score":935,"play_id":"58ced4c7-c4e4-40e7-836e-7d8f2fa5114c","local_time":"20210109223911","is_ascension_mode":false,"campfire_choices":[{"data":"rmod:basicallowance","floor":6,"key":"SMITH"},{"data":"Dagger Spray","floor":11,"key":"SMITH"},{"data":"rmod:supportaircraftcarrier","floor":15,"key":"SMITH"},{"data":"rmod:fletcherpendant","floor":29,"key":"SMITH"},{"floor":32,"key":"DIG"},{"data":"Pot Of Greed","floor":49,"key":"SMITH"}],"circlet_count":0,"master_deck":["rmod:strick","rmod:defend","rmod:defend","rmod:defend","rmod:basicallowance+1","rmod:maingunfire","AT_DrawKnifeCut+1","rmod:ammunitionsupply+1","Dazed","rmod:strick","Neutralize","Dagger Spray+1","Cloak And Dagger","rmod:supportaircraftcarrier+1","rmod:highspeedmaneuver","rmod:supportescort","rmod:acesubmarine+1","rmod:fletcherpendant+1","rmod:fletcherpendant+1","rmod:diamondstrike+1","rmod:diamondstrike+1","rmod:tearstotiara","rmod:maingunfire","rmod:windflower+1","rmod:wife+1","rmod:fuelsupply+1","rmod:acesubmarine+1","rmod:generalist","Pot Of Greed","Pot Of Greed","Pot Of Greed+1","rmod:diamondstrike+1","rmod:tearstotiara","rmod:aluminumsupply+1","rmod:bulid","rmod:intelligenceanalysis+1","rmod:firesupport+1","rmod:openingtorpedo+1","Pot Of Greed","rmod:steelsupply+1","rmod:mineteam+1"],"relics":["rmod:firstchargereward","REME_ComplimentaryCards","AT_ATBox","testmod-TestBox","NeowsBlessing","LetterFromLob","HonorFeather","Bronze Scales","testmod-Justice","Blood Vial","Ring of Chaos","MerchantsRug","Ornamental Fan","Moonlight_r","LagranYue:ReturningEmperorRelic","Ancient Tea Set","Grinning Jar","conspire:RunicOctahedron","hubris:Icosahedron","hubris:Towel","RedMistMask","vexMod:Cooldron","testmod-InfectionSource","AT_SunfireAegis","construct:RocketBooster","Guide Book","Potion Belt","Pen Nib"],"acts_visited":["Gensokyo:Gensokyo","TheCity","Hallownest:KingdomsEdge"],"potions_floor_usage":[30,42,50],"damage_taken":[{"damage":0,"enemies":"Gensokyo:2_Kodama","floor":1,"turns":2},{"damage":0,"enemies":"Gensokyo:Python","floor":2,"turns":1},{"damage":0,"enemies":"Gensokyo:Python","floor":4,"turns":1},{"damage":7,"enemies":"Gensokyo:Gryphon","floor":10,"turns":4},{"damage":13,"enemies":"Gensokyo:Aya","floor":12,"turns":6},{"damage":0,"enemies":"Gensokyo:5_Fairies","floor":13,"turns":3},{"damage":6,"enemies":"Gensokyo:Mamizou","floor":14,"turns":6},{"damage":7,"enemies":"Gensokyo:Yukari","floor":16,"turns":8},{"damage":0,"enemies":"Chosen","floor":18,"turns":3},{"damage":9,"enemies":"3 Byrds","floor":20,"turns":3},{"damage":20,"enemies":"Centurion and Healer","floor":21,"turns":3},{"damage":3,"enemies":"Gremlin Leader","floor":23,"turns":4},{"damage":4,"enemies":"Snake Plant","floor":27,"turns":3},{"damage":3,"enemies":"Chosen and Byrds","floor":28,"turns":3},{"damage":0,"enemies":"Cultist and Chosen","floor":30,"turns":4},{"damage":24,"enemies":"Shelled Parasite and Fungi","floor":31,"turns":3},{"damage":3,"enemies":"bossMod:newCollector","floor":33,"turns":9},{"damage":0,"enemies":"Hallownest:Shield_Heavy","floor":35,"turns":3},{"damage":7,"enemies":"Hallownest:2_Littles","floor":38,"turns":3},{"damage":0,"enemies":"Hallownest:eliteCollector","floor":41,"turns":3},{"damage":0,"enemies":"Hallownest:monsterPrimalAspid","floor":42,"turns":2},{"damage":0,"enemies":"Hallownest:StalkingDevout","floor":46,"turns":3},{"damage":14,"enemies":"Hallownest:2_Soldiers_and_1_Guardian","floor":48,"turns":2},{"damage":33,"enemies":"Hallownest:BossGreyPrinceZote","floor":50,"turns":3}],"seed_played":"1561382102282156415","potions_obtained":[{"floor":10,"key":"Venom Potion"},{"floor":14,"key":"Swift Potion"},{"floor":21,"key":"SkillPotion"},{"floor":30,"key":"REME_GoldPotion"},{"floor":35,"key":"Weak Potion"},{"floor":42,"key":"EntropicBrew"}],"is_trial":false,"path_per_floor":["M","M","?","?","?","R","?","COS","T","M","R","E","M","E","R","B",null,"M","$","M","M","M","E","?","?","T","M","M","R","M","M","R","B",null,"M","?","?","M","$","R","E","M","T","$","?","E","$","M","R","B",null],"character_chosen":"PRAEFECT","items_purchased":["MerchantsRug","Ornamental Fan","rmod:fletcherpendant","rmod:aluminumsupply+1","rmod:bulid","vexMod:Cooldron","rmod:intelligenceanalysis","testmod-Register","testmod-InfectionSource","Guide Book","Pen Nib"],"campfire_rested":0,"item_purchase_floors":[19,19,19,39,39,39,40,40,40,44,47],"current_hp_per_floor":[75,75,45,75,75,75,75,75,75,68,75,62,64,60,75,68,75,75,75,66,48,19,18,18,18,18,16,15,75,75,51,75,72,75,75,75,75,68,68,75,75,75,75,75,75,75,75,61,75,63],"gold":51,"neow_bonus":"THREE_ENEMY_KILL","is_daily":false,"chose_seed":false,"campfire_upgraded":5,"win_rate":0.0,"timestamp":1610203151,"path_taken":["M","M","?","?","?","R","?","COS","T","?","R","E","M","E","R","BOSS","M","$","M","?","M","E","?","?","T","M","M","R","?","M","R","BOSS","M","?","?","?","$","R","E","M","T","?","?","E","$","M","R","BOSS"],"items_purchased_type":["Relic","Relic","Card","Card","Card","Relic","Card","Relic","Relic","Relic","Relic"],"build_version":"2020-12-22","purchased_purges":1,"victory":true,"max_hp_per_floor":[75,75,75,75,75,75,75,75,75,75,75,75,75,75,75,75,75,75,75,75,75,75,75,75,75,75,75,75,75,75,75,75,75,75,75,75,75,75,75,75,75,75,75,75,75,75,75,75,75,75],"relic_stats":{"Blood Vial":12,"counters":[24,85],"Ornamental Fan":[164],"Bronze Scales":[212],"Pen Nib":[2],"obtain_stats":[{"HonorFeather":4,"AT_ATBox":0,"LagranYue:RandomDrawCardRelic":0,"Ancient Tea Set":26,"LagranYue:ReturningEmperorRelic":24,"Blood Vial":12,"hubris:Icosahedron":36,"testmod-InfectionSource":40,"Potion Belt":46,"MerchantsRug":19,"testmod-TestBox":0,"construct:RocketBooster":43,"NeowsBlessing":0,"testmod-Register":40,"Guide Book":44,"conspire:RunicOctahedron":34,"Ring of Chaos":17,"Pen Nib":47,"testmod-Justice":9,"REME_LimitBreaker":23,"hubris:Towel":37,"MawBank":12,"Question Card":14,"testmod-Antiphasic":0,"Moonlight_r":22,"vexMod:Cooldron":39,"Ornamental Fan":19,"Bronze Scales":5,"RedMistMask":38,"rmod:firstchargereward":0,"LetterFromLob":1,"Grinning Jar":32,"AT_SunfireAegis":41,"REME_ComplimentaryCards":0},{"HonorFeather":3,"AT_ATBox":0,"LagranYue:RandomDrawCardRelic":0,"Ancient Tea Set":12,"LagranYue:ReturningEmperorRelic":12,"Blood Vial":5,"hubris:Icosahedron":18,"testmod-InfectionSource":19,"Potion Belt":22,"MerchantsRug":9,"testmod-TestBox":0,"construct:RocketBooster":21,"NeowsBlessing":0,"testmod-Register":19,"Guide Book":21,"conspire:RunicOctahedron":17,"Ring of Chaos":8,"Pen Nib":22,"testmod-Justice":3,"REME_LimitBreaker":12,"hubris:Towel":18,"MawBank":5,"Question Card":7,"testmod-Antiphasic":0,"Moonlight_r":11,"vexMod:Cooldron":19,"Ornamental Fan":9,"Bronze Scales":3,"RedMistMask":19,"rmod:firstchargereward":0,"LetterFromLob":1,"Grinning Jar":16,"AT_SunfireAegis":20,"REME_ComplimentaryCards":0},{"HonorFeather":4,"AT_ATBox":0,"LagranYue:RandomDrawCardRelic":0,"Ancient Tea Set":44,"LagranYue:ReturningEmperorRelic":44,"Blood Vial":14,"hubris:Icosahedron":69,"testmod-InfectionSource":72,"Potion Belt":80,"MerchantsRug":34,"testmod-TestBox":0,"construct:RocketBooster":77,"NeowsBlessing":0,"testmod-Register":72,"Guide Book":77,"conspire:RunicOctahedron":66,"Ring of Chaos":31,"Pen Nib":80,"testmod-Justice":4,"REME_LimitBreaker":44,"hubris:Towel":69,"MawBank":10,"Question Card":23,"testmod-Antiphasic":0,"Moonlight_r":40,"vexMod:Cooldron":72,"Ornamental Fan":34,"Bronze Scales":4,"RedMistMask":72,"rmod:firstchargereward":0,"LetterFromLob":2,"Grinning Jar":57,"AT_SunfireAegis":75,"REME_ComplimentaryCards":0}]},"card_choices":[{"not_picked":["rmod:wolves","rmod:generalist"],"picked":"rmod:ammunitionsupply","floor":1},{"not_picked":["rmod:chargemoney","rmod:luckystar"],"picked":"rmod:ammunitionsupply","floor":2},{"not_picked":["rmod:smokecover","rmod:combined","rmod:aviationdawn"],"picked":"SKIP","floor":10},{"not_picked":["rmod:smokecover","rmod:heivgo"],"picked":"rmod:supportaircraftcarrier","floor":12},{"not_picked":["rmod:ammunitionsupply","rmod:tearstotiara"],"picked":"rmod:highspeedmaneuver","floor":13},{"not_picked":["rmod:sl","rmod:capitalist"],"picked":"rmod:supportescort","floor":14},{"not_picked":["rmod:u235","rmod:expeditionaryescort","rmod:desperatesituation"],"picked":"rmod:acesubmarine","floor":16},{"not_picked":["rmod:fuelsupply","rmod:wolves","rmod:aluminumsupply"],"picked":"rmod:fletcherpendant+1","floor":18},{"not_picked":["rmod:tearstotiara","rmod:supportescort","rmod:diaomin"],"picked":"rmod:diamondstrike+1","floor":20},{"not_picked":["rmod:wolves","rmod:fletcherpendant","rmod:auspiciousomen"],"picked":"rmod:diamondstrike","floor":21},{"not_picked":["rmod:firesupport","rmod:fuelsupply","rmod:goodsister"],"picked":"rmod:tearstotiara","floor":23},{"not_picked":["rmod:firesupport","rmod:ammunitionsupply","rmod:diaomin"],"picked":"rmod:wife+1","floor":27},{"not_picked":["rmod:combined","rmod:diamondstrike","rmod:spoils+1"],"picked":"rmod:fuelsupply+1","floor":28},{"not_picked":["rmod:shuttlebombing+1","rmod:ammunitionsupply","rmod:launchingtorpedo"],"picked":"rmod:acesubmarine","floor":30},{"not_picked":["rmod:unsinkable","rmod:lonelyqueen","rmod:maintain"],"picked":"rmod:generalist","floor":31},{"not_picked":["rmod:luckystar","rmod:launchingtorpedo","rmod:capitalist"],"picked":"rmod:diamondstrike+1","floor":35},{"not_picked":["rmod:smokecover","rmod:steelsupply","rmod:aviationdawn"],"picked":"rmod:tearstotiara","floor":38},{"not_picked":["rmod:supportescort","rmod:aluminumsupply"],"picked":"rmod:firesupport+1","floor":41},{"not_picked":["rmod:firesupport+1","rmod:auspiciousomen"],"picked":"rmod:openingtorpedo+1","floor":42},{"not_picked":["rmod:aviationdawn+1","rmod:slowdown+1"],"picked":"rmod:steelsupply+1","floor":46},{"not_picked":["rmod:smokecover","rmod:unsinkable"],"picked":"rmod:mineteam+1","floor":48}],"player_experience":40419,"relics_obtained":[{"floor":1,"key":"LetterFromLob"},{"floor":9,"key":"testmod-Justice"},{"floor":12,"key":"Blood Vial"},{"floor":14,"key":"Question Card"},{"floor":23,"key":"REME_LimitBreaker"},{"floor":26,"key":"Ancient Tea Set"},{"floor":32,"key":"Grinning Jar"},{"floor":38,"key":"RedMistMask"},{"floor":41,"key":"AT_SunfireAegis"},{"floor":43,"key":"construct:RocketBooster"},{"floor":46,"key":"Potion Belt"}],"event_choices":[{"damage_healed":0,"gold_gain":0,"player_choice":"Obtained Relic","damage_taken":0,"relics_obtained":["LagranYue:ReturningEmperorRelic"],"max_hp_gain":0,"max_hp_loss":0,"event_name":"Addict","floor":24,"gold_loss":85},{"damage_healed":0,"gold_gain":0,"player_choice":"2 cards matched","damage_taken":0,"max_hp_gain":0,"max_hp_loss":0,"event_name":"Match and Keep!","floor":25,"gold_loss":0,"cards_obtained":["rmod:maingunfire","rmod:windflower"]}],"is_beta":false,"boss_relics":[{"not_picked":["conspire:SeveredTorchhead","SlaversCollar"],"picked":"Ring of Chaos"},{"not_picked":["testmod-DeterminationOfClimber","hubris:CrackedHourglass"],"picked":"conspire:RunicOctahedron"}],"items_purged_floors":[39],"is_endless":false,"potions_floor_spawned":[4,10,14,21,23,27,30,35,38,42],"ascension_level":0}}