{"host":"jexbkylv34f8xu3o","time":1610229374,"event":{"mods":["AchievementEnabler","BaseMod","Colored Map","Colored Powertips","GifTheSpireLib","Highlight Path","Minty Spire (QoL Compilation)","Quick Restart","StSLib"],"gold_per_floor":[116,41,41,41,41,41,62,93,93,109,152,152,175,198,198,321,321,336,349,349,349,42,80,5,5,5],"floor_reached":25,"playtime":577,"items_purged":["Strike_R"],"score":381,"play_id":"2bc84e54-7b12-4c0b-afb0-15a0c785ff33","local_time":"20210109185614","is_ascension_mode":true,"campfire_choices":[{"data":"Bash","floor":6,"key":"SMITH"},{"data":"Whirlwind","floor":12,"key":"SMITH"},{"data":"Wild Strike","floor":15,"key":"SMITH"}],"circlet_count":0,"master_deck":["AscendersBane","Strike_R","Strike_R","Strike_R+1","Defend_R","Defend_R","Defend_R","Defend_R+1","Bash+1","Sword Boomerang","Wild Strike+1","Evolve","Intimidate","Whirlwind+1","Shrug It Off","True Grit","Double Tap","Shrug It Off","Wild Strike","Feel No Pain","Whirlwind"],"relics":["Burning Blood","NeowsBlessing","Golden Idol","Question Card","Pear","Ornamental Fan","Mark of Pain","Champion Belt","Smiling Mask"],"acts_visited":["Exordium","TheCity"],"potions_floor_usage":[11,16,16,25],"damage_taken":[{"damage":0,"enemies":"Small Slimes","floor":1,"turns":1},{"damage":0,"enemies":"Jaw Worm","floor":7,"turns":1},{"damage":0,"enemies":"Lagavulin","floor":8,"turns":1},{"damage":0,"enemies":"2 Louse","floor":10,"turns":3},{"damage":49,"enemies":"Gremlin Nob","floor":11,"turns":5},{"damage":6,"enemies":"Looter","floor":13,"turns":4},{"damage":9,"enemies":"Blue Slaver","floor":14,"turns":3},{"damage":13,"enemies":"Slime Boss","floor":16,"turns":7},{"damage":0,"enemies":"Chosen","floor":18,"turns":4},{"damage":1,"enemies":"3 Byrds","floor":19,"turns":5},{"damage":72,"enemies":"Slavers","floor":23,"turns":9},{"damage":22,"enemies":"Gremlin Leader","floor":25,"turns":3}],"seed_played":"2744649841984951733","potions_obtained":[{"floor":1,"key":"FearPotion"},{"floor":10,"key":"Strength Potion"},{"floor":14,"key":"AttackPotion"},{"floor":16,"key":"SmokeBomb"},{"floor":23,"key":"DistilledChaos"}],"is_trial":false,"path_per_floor":["M","$","?","?","?","R","M","E","T","M","E","R","M","M","R","B",null,"M","M","?","?","$","E","?","E"],"character_chosen":"IRONCLAD","items_purchased":["Champion Belt"],"campfire_rested":0,"item_purchase_floors":[22],"current_hp_per_floor":[78,78,58,42,68,68,74,80,90,90,47,47,47,44,44,37,77,83,88,88,88,88,22,22,0,0],"gold":5,"neow_bonus":"THREE_ENEMY_KILL","is_daily":false,"chose_seed":false,"campfire_upgraded":3,"win_rate":0.0,"timestamp":1610229374,"path_taken":["M","$","?","?","?","R","M","E","T","M","E","R","M","M","R","BOSS","M","M","?","?","$","E","?","E"],"items_purchased_type":["Relic"],"build_version":"2020-12-22","purchased_purges":1,"victory":false,"max_hp_per_floor":[80,80,80,80,80,80,80,80,90,90,90,90,90,90,90,90,90,90,90,90,90,90,90,90,90,90],"card_choices":[{"not_picked":["Battle Trance","Headbutt"],"picked":"Sword Boomerang","floor":1},{"not_picked":["Combust","Armaments"],"picked":"Wild Strike","floor":7},{"not_picked":["Clash","Dual Wield"],"picked":"Evolve","floor":8},{"not_picked":["Dual Wield","Flex","Hemokinesis"],"picked":"Intimidate","floor":10},{"not_picked":["Headbutt","Sword Boomerang","Havoc"],"picked":"Whirlwind","floor":11},{"not_picked":["Perfected Strike","Carnage","Warcry"],"picked":"Shrug It Off","floor":13},{"not_picked":["Bludgeon","Entrench","Perfected Strike"],"picked":"True Grit","floor":14},{"not_picked":["Corruption","Barricade","Exhume"],"picked":"Double Tap","floor":16},{"not_picked":["Heavy Blade","Body Slam+1","Entrench"],"picked":"Shrug It Off","floor":18},{"not_picked":["Inflame","Perfected Strike","Spot Weakness"],"picked":"Wild Strike","floor":19},{"not_picked":["Sever Soul+1","Searing Blow","Dropkick+1"],"picked":"Whirlwind","floor":23}],"player_experience":549914,"relics_obtained":[{"floor":8,"key":"Question Card"},{"floor":9,"key":"Pear"},{"floor":11,"key":"Ornamental Fan"},{"floor":23,"key":"Smiling Mask"}],"event_choices":[{"damage_healed":0,"gold_gain":0,"player_choice":"Take Damage","damage_taken":20,"relics_obtained":["Golden Idol"],"max_hp_gain":0,"max_hp_loss":0,"event_name":"Golden Idol","floor":3,"gold_loss":0},{"damage_healed":0,"gold_gain":0,"player_choice":"Entered Light","damage_taken":16,"max_hp_gain":0,"max_hp_loss":0,"event_name":"Shining Light","floor":4,"gold_loss":0,"cards_upgraded":["Defend_R","Strike_R"]},{"damage_healed":26,"gold_gain":0,"player_choice":"Banana","damage_taken":0,"max_hp_gain":0,"max_hp_loss":0,"event_name":"Big Fish","floor":5,"gold_loss":0},{"damage_healed":0,"gold_gain":0,"player_choice":"Ignored","damage_taken":0,"max_hp_gain":0,"max_hp_loss":0,"event_name":"Vampires","floor":20,"gold_loss":0},{"damage_healed":0,"gold_gain":0,"player_choice":"Read","damage_taken":0,"max_hp_gain":0,"max_hp_loss":0,"event_name":"The Library","floor":21,"gold_loss":0,"cards_obtained":["Feel No Pain"]},{"cards_removed":["Strike_R"],"damage_healed":0,"gold_gain":0,"player_choice":"Gave Gold","damage_taken":0,"max_hp_gain":0,"max_hp_loss":0,"event_name":"Beggar","floor":24,"gold_loss":75}],"is_beta":false,"boss_relics":[{"not_picked":["SlaversCollar","Ectoplasm"],"picked":"Mark of Pain"}],"items_purged_floors":[2],"is_endless":false,"potions_floor_spawned":[1,10,14,16,23],"killed_by":"Gremlin Leader","ascension_level":10}}