{"host":"a3oe3gstxz77c7qu","time":1610216289,"event":{"mods":["2.2 Compatiblity","Act Like it!","BaseMod","Bestiary","Better Altar","Better Match","Better Note","Better Skull","Better Third Choice","Block Reminder","Curses Come First","Custom Start","Dark Map","Downfall","Friendly Minions","GifTheSpireLib","Hermit","Jorbs\u0027s Wanderer Trilogy","Lobotomy","LobotomyExtend","Marisa????????","Minty Spire (QoL Compilation)","Permanent Neow","Quick Restart","Relic Stats","Replay The Spire","StSLib","The Bug Knight","The Disciple","Uncapped","Unknown Chances","Wandering Minibosses"],"gold_per_floor":[112,112,154,169,169,194,194,213,213,246,264,264,264,296,296,296,0,99,99,119,137,187,212,212,212,243,259,259,21,54,54,47,74,74,176,176,188,410,410,139,139,168,221,221,246,278,278,278,64,76,76,76,76],"floor_reached":52,"playtime":3452,"items_purged":["HollowMod:QuickDashStart","Overencumbered","Amnesia"],"score":1157,"play_id":"ace3b85a-da6c-47cb-96b5-fcac4159fdc0","local_time":"20210109181809","is_ascension_mode":true,"campfire_choices":[{"data":"HollowMod:DungDefenderAura","floor":7.0,"key":"SMITH"},{"data":"Poison Darts","floor":15.0,"key":"SMITH"},{"data":"HollowMod:NewLastStag","floor":25.0,"key":"SMITH"},{"data":"Pain","floor":34.0,"key":"PURGE"},{"floor":44.0,"key":"REST"},{"floor":51,"key":"REST"}],"circlet_count":0,"master_deck":["HollowMod:QuickDashStart","HollowMod:QuickDashStart","HollowMod:FocusHealStart","HollowMod:PogoStrike","UniverseFragment","HollowMod:CycloneSlash","HollowMod:DungDefenderAura+1","HollowMod:InfectedCysts","Poison Darts+1","MeatLantern","HollowMod:NewLastStag+1","hermit:Enervate+1","HollowMod:InfectedCysts","Disarm+1","BlackArmy","Sadistic Nature+1","Slimebound:Icky","Sickly","Hallucinations","stsjorbsmod:Procrastination","MeatLantern","HollowMod:InfectedAttack","HollowMod:InfectedAttack","HollowMod:InfectedAttack","HollowMod:InfectedAttack","Languid"],"relics":["HollowMod:VesselMask","CogitoBucket","RabbitCall","LetterFromLob","CaptainsWheel","Shuriken","Meat on the Bone","Mercury Hourglass","HellTrain","Garlic","Gaze_r","LaetitiaHeart","Busted Crown","Ring of Hypnosis","Ring of Greed","Membership Card","Replay:Wax Seal","Red Mask","Replay:Rubber Ducky","AdjustmentMirror","InkBottle","Darkstone Periapt","Juzu Bracelet","Replay:Multitool","Blue Doll","Whetstone","Replay:Ancient Bell","Art of War","Singing Bowl","Thread and Needle","Turnip","DollysMirror","Golden Egg","CatCart","ReplayTheSpireMod:Lightbulb","Kunai","Moonlight_r","Orrery","Oddly Smooth Stone","AtMidnight","AspirationHeart"],"acts_visited":["Exordium","TheCity","TheBeyond"],"potions_floor_usage":[52,52],"damage_taken":[{"damage":5.0,"enemies":"2 Louse","floor":1.0,"turns":3.0},{"damage":0.0,"enemies":"Jaw Worm","floor":4.0,"turns":5.0},{"damage":27.0,"enemies":"HollowMod:MossKnight","floor":6.0,"turns":16.0},{"damage":0.0,"enemies":"Small Slimes","floor":8.0,"turns":2.0},{"damage":16.0,"enemies":"Replay:BlueRogue","floor":10.0,"turns":8.0},{"damage":0.0,"enemies":"Looter","floor":11.0,"turns":4.0},{"damage":0.0,"enemies":"Lagavulin","floor":14.0,"turns":4.0},{"damage":0.0,"enemies":"Blue Slaver","floor":16.0,"turns":3.0},{"damage":46.0,"enemies":"Hexaghost","floor":18.0,"turns":8.0},{"damage":1.0,"enemies":"2 Thieves","floor":20.0,"turns":3.0},{"damage":20.0,"enemies":"Chosen","floor":21.0,"turns":5.0},{"damage":1.0,"enemies":"Masked Bandits","floor":23.0,"turns":3.0},{"damage":0.0,"enemies":"Replay:Snechameleon","floor":26.0,"turns":4.0},{"damage":0.0,"enemies":"Snecko","floor":27.0,"turns":4.0},{"damage":7.0,"enemies":"HollowMod:Nosk","floor":30.0,"turns":5.0},{"damage":41.0,"enemies":"Book of Stabbing","floor":33.0,"turns":5.0},{"damage":52.0,"enemies":"Automaton","floor":35.0,"turns":9.0},{"damage":0.0,"enemies":"3 Shapes","floor":37.0,"turns":3.0},{"damage":8.0,"enemies":"R_Hoarder","floor":42.0,"turns":6.0},{"damage":75.0,"enemies":"Orin","floor":43.0,"turns":8.0},{"damage":0.0,"enemies":"Reptomancer","floor":46.0,"turns":4.0},{"damage":63,"enemies":"Orb Walker","floor":50,"turns":11},{"damage":273,"enemies":"Awakened One","floor":52,"turns":17}],"seed_played":"1439623434955196117","potions_obtained":[{"floor":1.0,"key":"ColorlessPotion"},{"floor":4.0,"key":"FairyPotion"},{"floor":14.0,"key":"Block Potion"},{"floor":18.0,"key":"FearPotion"},{"floor":26.0,"key":"ColorlessPotion"},{"floor":30.0,"key":"EssenceOfSteel"},{"floor":37.0,"key":"EssenceOfSteel"}],"is_trial":false,"path_per_floor":["M","?","?","M","?","E","R","M","T","E","M","PTL","PTL","E","R","M","R","B",null,"M","M","?","?","?","R","E","M","T","$","E","?","$","E","R","B",null,"M","?","?","$","?","E","?","R","T","E","?","?","$","M","R","B"],"character_chosen":"THE_BUGKNIGHT","items_purchased":["Darkstone Periapt","Juzu Bracelet","HollowMod:InfectedCysts","Turnip","DollysMirror","Orrery","Oddly Smooth Stone"],"campfire_rested":2,"item_purchase_floors":[29,29,32,40,40,49,49],"current_hp_per_floor":[63,68,68,74,74,59,59,65,65,55,55,55,55,55,55,55,55,31,68,67,53,53,58,58,58,64,70,70,70,75,81,81,52,52,30,101,104,116,124,124,124,120,79,121,121,133,129,131,141,110,159,0,0],"gold":76,"neow_bonus":"","is_daily":false,"chose_seed":false,"campfire_upgraded":3,"win_rate":0.0,"timestamp":1610216289,"path_taken":["M","?","?","M","?","E","R","?","T","E","M","PTL","PTL","E","R","M","R","BOSS","M","M","?","?","?","R","E","M","T","?","E","?","$","E","R","BOSS","M","?","?","$","?","E","?","R","T","E","?","?","$","M","R","BOSS"],"items_purchased_type":["Relic","Relic","Card","Relic","Relic","Relic","Relic"],"build_version":"2020-12-22","purchased_purges":3,"victory":false,"max_hp_per_floor":[75,80,80,80,80,80,80,80,80,80,80,80,80,80,80,80,80,80,80,80,80,80,80,80,80,80,80,80,80,86,92,92,92,92,92,116,118,130,130,130,130,132,140,140,140,142,142,144,154,166,166,166,166],"relic_stats":{"Darkstone Periapt":48,"Singing Bowl":28,"counters":[27,144],"Juzu Bracelet":1,"Whetstone":["HollowMod:NailStrikeStart","HollowMod:NailStrikeStart"],"Mercury Hourglass":[482],"Busted Crown":102,"Shuriken":[28],"Turnip":[0],"Art of War":[11],"Kunai":[9],"obtain_stats":[{"Darkstone Periapt":29,"RabbitCall":0,"Golden Egg":42,"Singing Bowl":36,"HollowMod:VesselMask":0,"Blue Doll":31,"Juzu Bracelet":29,"Replay:Multitool":30,"Whetstone":33,"AdjustmentMirror":27,"PrismaticShard":5,"Replay:Rubber Ducky":26,"CogitoBucket":0,"LaetitiaHeart":16,"DollysMirror":40,"Red Mask":23,"Kunai":46,"Replay:Wax Seal":22,"InkBottle":28,"Ring of Hypnosis":22,"Oddly Smooth Stone":49,"AspirationHeart":50,"Thread and Needle":36,"Replay:Ancient Bell":36,"Ring of Greed":22,"Mercury Hourglass":10,"Gaze_r":16,"Moonlight_r":47,"CaptainsWheel":3,"Busted Crown":19,"Shuriken":6,"Orrery":49,"AtMidnight":50,"Turnip":40,"LetterFromLob":1,"Garlic":14,"Art of War":36,"Membership Card":22,"HellTrain":11,"CatCart":43,"ReplayTheSpireMod:Lightbulb":45,"Meat on the Bone":9},{"Darkstone Periapt":16,"RabbitCall":0,"Golden Egg":21,"Singing Bowl":19,"HollowMod:VesselMask":0,"Blue Doll":17,"Juzu Bracelet":16,"Replay:Multitool":17,"Whetstone":18,"AdjustmentMirror":16,"PrismaticShard":2,"Replay:Rubber Ducky":14,"CogitoBucket":0,"LaetitiaHeart":9,"DollysMirror":20,"Red Mask":13,"Kunai":23,"Replay:Wax Seal":12,"InkBottle":16,"Ring of Hypnosis":12,"Oddly Smooth Stone":23,"AspirationHeart":25,"Thread and Needle":19,"Replay:Ancient Bell":19,"Ring of Greed":12,"Mercury Hourglass":5,"Gaze_r":9,"Moonlight_r":23,"CaptainsWheel":1,"Busted Crown":10,"Shuriken":3,"Orrery":23,"AtMidnight":25,"Turnip":20,"LetterFromLob":1,"Garlic":8,"Art of War":19,"Membership Card":12,"HellTrain":7,"CatCart":22,"ReplayTheSpireMod:Lightbulb":22,"Meat on the Bone":4},{"Darkstone Periapt":74,"RabbitCall":0,"Golden Egg":102,"Singing Bowl":93,"HollowMod:VesselMask":0,"Blue Doll":79,"Juzu Bracelet":74,"Replay:Multitool":79,"Whetstone":84,"AdjustmentMirror":74,"PrismaticShard":8,"Replay:Rubber Ducky":69,"CogitoBucket":0,"LaetitiaHeart":46,"DollysMirror":96,"Red Mask":65,"Kunai":114,"Replay:Wax Seal":62,"InkBottle":74,"Ring of Hypnosis":62,"Oddly Smooth Stone":114,"AspirationHeart":126,"Thread and Needle":93,"Replay:Ancient Bell":93,"Ring of Greed":62,"Mercury Hourglass":34,"Gaze_r":46,"Moonlight_r":114,"CaptainsWheel":3,"Busted Crown":54,"Shuriken":24,"Orrery":114,"AtMidnight":126,"Turnip":96,"LetterFromLob":3,"Garlic":43,"Art of War":93,"Membership Card":62,"HellTrain":39,"CatCart":110,"ReplayTheSpireMod:Lightbulb":110,"Meat on the Bone":26}],"InkBottle":[23],"Meat on the Bone":48},"card_choices":[{"not_picked":["VoidDream","Scarecrow"],"picked":"UniverseFragment","floor":1.0},{"not_picked":["HollowMod:MawleksShell","HollowMod:ChannelNail"],"picked":"HollowMod:CycloneSlash","floor":1.0},{"not_picked":["HollowMod:DescendingDark","HollowMod:DashSlash"],"picked":"HollowMod:DungDefenderAura","floor":3.0},{"not_picked":["HollowMod:SoulSplash","HollowMod:VengefulVoid"],"picked":"HollowMod:InfectedCysts","floor":4.0},{"not_picked":["Wellcheers","PunishingBird","Laetitia"],"picked":"Singing Bowl","floor":4.0},{"not_picked":["HollowMod:LifebloodCocoon","LockedBlood"],"picked":"Poison Darts","floor":6.0},{"not_picked":["GalaxyChild","OldLady","CherryBlossoms"],"picked":"Singing Bowl","floor":6.0},{"not_picked":["Porccubus","ShyLook"],"picked":"MeatLantern","floor":8.0},{"not_picked":["HollowMod:Grubsong","sneckomod:UnknownVulnerable","champ:CrownThrow"],"picked":"SKIP","floor":8.0},{"not_picked":["PunishingBird","CrumblingArmor","LittlePrince"],"picked":"Singing Bowl","floor":10.0},{"not_picked":["Panic Button","HollowMod:MonomonsArchive","hermit:SprayPray"],"picked":"SKIP","floor":10.0},{"not_picked":["HeroicMonk","Bloodbath","Scarecrow"],"picked":"Singing Bowl","floor":11.0},{"not_picked":["LockedTurtyl","hexamod:NightmareStrike","FeatherOfHonor"],"picked":"SKIP","floor":11.0},{"not_picked":["Wellcheers","FairyFestival","LittlePrince"],"picked":"Singing Bowl","floor":14.0},{"not_picked":["Slimebound:DivideAndConquer","Beak","ReplayTheSpireMod:GoodbyeWorld"],"picked":"SKIP","floor":14.0},{"not_picked":["VoidDream","DreamingCurrent","MHz"],"picked":"Singing Bowl","floor":18.0},{"not_picked":["CENSORED","Wellcheers","FairyFestival"],"picked":"Singing Bowl","floor":20.0},{"not_picked":["sneckomod:SoulRoll"],"picked":"SKIP","floor":20.0},{"not_picked":["Mercenary","DreamingCurrent","ShyLook"],"picked":"Singing Bowl","floor":21.0},{"not_picked":["hexamod:EtherealExpedition"],"picked":"SKIP","floor":21.0},{"not_picked":["LongBird","RedShoes","CrumblingArmor"],"picked":"Singing Bowl","floor":23.0},{"not_picked":[],"picked":"hermit:Enervate+1","floor":26.0},{"not_picked":["FairyFestival","Porccubus","SpiderBud"],"picked":"Singing Bowl","floor":26.0},{"not_picked":["WhitesApple","VoidDream","PunishingBird"],"picked":"Singing Bowl","floor":27.0},{"not_picked":["hermit:Cheat"],"picked":"SKIP","floor":27.0},{"not_picked":["VoidDream","Scarecrow","LongBird"],"picked":"Singing Bowl","floor":30.0},{"not_picked":["stsjorbsmod:FaerieFire"],"picked":"SKIP","floor":30.0},{"not_picked":[],"picked":"Disarm","floor":33.0},{"not_picked":["CENSORED","SnowQueen"],"picked":"BlackArmy","floor":33.0},{"not_picked":[],"picked":"Sadistic Nature","floor":35.0},{"not_picked":["RedShoes","CrumblingArmor","SingingMachine"],"picked":"Singing Bowl","floor":35.0},{"not_picked":["Slimebound:Icky"],"picked":"Singing Bowl","floor":36.0},{"not_picked":["Overencumbered"],"picked":"Singing Bowl","floor":36.0},{"not_picked":["Sickly"],"picked":"Singing Bowl","floor":36.0},{"not_picked":["HollowMod:SoulEater+1"],"picked":"Singing Bowl","floor":37.0},{"not_picked":["hermit:Brawl"],"picked":"Singing Bowl","floor":42.0},{"not_picked":["Scorched","GreedKing","Scarecrow"],"picked":"Singing Bowl","floor":42.0},{"not_picked":["sneckomod:QuickMove+1"],"picked":"Singing Bowl","floor":43.0},{"not_picked":["MHz","QueenBee","SingingMachine"],"picked":"Singing Bowl","floor":43.0},{"not_picked":["WindUp"],"picked":"Singing Bowl","floor":46.0},{"not_picked":["LaLuna","QueenBee","DreamingCurrent"],"picked":"Singing Bowl","floor":46.0},{"not_picked":["Replay:BasicMightCard"],"picked":"Singing Bowl","floor":48},{"not_picked":["HollowMod:SoulSplash"],"picked":"Singing Bowl","floor":49},{"not_picked":["HollowMod:InfectedCysts"],"picked":"Singing Bowl","floor":49},{"not_picked":["HollowMod:CycloneSlash+1"],"picked":"Singing Bowl","floor":49},{"not_picked":["HollowMod:SiblingsSouls+1"],"picked":"Singing Bowl","floor":49},{"not_picked":["HollowMod:MawleksShell"],"picked":"Singing Bowl","floor":49},{"not_picked":["HollowMod:MawleksShell"],"picked":"Singing Bowl","floor":50},{"not_picked":["NakedNest","ShyLook","LittleHelper"],"picked":"Singing Bowl","floor":50}],"player_experience":947933,"relics_obtained":[{"floor":1.0,"key":"LetterFromLob"},{"floor":3.0,"key":"CaptainsWheel"},{"floor":6.0,"key":"Shuriken"},{"floor":9.0,"key":"Meat on the Bone"},{"floor":10.0,"key":"Mercury Hourglass"},{"floor":14.0,"key":"Garlic"},{"floor":22.0,"key":"Ring of Hypnosis"},{"floor":22.0,"key":"Ring of Greed"},{"floor":22.0,"key":"Membership Card"},{"floor":22.0,"key":"Replay:Wax Seal"},{"floor":23.0,"key":"Red Mask"},{"floor":26.0,"key":"Replay:Rubber Ducky"},{"floor":28.0,"key":"InkBottle"},{"floor":30.0,"key":"Replay:Multitool"},{"floor":33.0,"key":"Whetstone"},{"floor":42.0,"key":"Golden Egg"},{"floor":43.0,"key":"CatCart"},{"floor":45.0,"key":"ReplayTheSpireMod:Lightbulb"},{"floor":46.0,"key":"Kunai"},{"floor":50,"key":"AtMidnight"}],"event_choices":[{"damage_healed":0.0,"max_hp_gain":5.0,"max_hp_loss":0.0,"gold_gain":0.0,"event_name":"Big Fish","player_choice":"Donut","floor":2.0,"gold_loss":0.0,"damage_taken":0.0},{"damage_healed":0.0,"max_hp_gain":0.0,"max_hp_loss":0.0,"gold_gain":0.0,"event_name":"Masked Bandits","player_choice":"Fought Bandits","floor":23.0,"gold_loss":0.0,"damage_taken":0.0},{"damage_healed":0.0,"max_hp_gain":0.0,"max_hp_loss":0.0,"gold_gain":222.0,"event_name":"Tomb of Lord Red Mask","player_choice":"Wore Mask","floor":38.0,"gold_loss":0.0,"damage_taken":0.0},{"damage_healed":0.0,"max_hp_gain":0.0,"max_hp_loss":0.0,"gold_gain":0.0,"event_name":"OrinTheCat","player_choice":"Fight","floor":43.0,"gold_loss":0.0,"damage_taken":0.0},{"damage_healed":0,"gold_gain":0,"player_choice":"Chosen: Blue","damage_taken":0,"max_hp_gain":0,"max_hp_loss":0,"event_name":"betterThird:BetterPortal","floor":48,"gold_loss":0},{"damage_healed":0,"gold_gain":0,"player_choice":"Memory 1","damage_taken":0,"max_hp_gain":0,"max_hp_loss":0,"event_name":"SensoryStone","floor":48,"gold_loss":0}],"is_beta":false,"boss_relics":[{"not_picked":["Empty Cage","Cursed Key"],"picked":"Busted Crown"},{"not_picked":["Pandora\u0027s Box","Abe\u0027s Treasure"],"picked":"Replay:Ancient Bell"},{"not_picked":["Centennial Puzzle","Dream Catcher"],"picked":"Art of War"},{"not_picked":["Question Card","HollowMod:DelicateFlower"],"picked":"Singing Bowl"},{"not_picked":["Peace Pipe","Lizard Tail"],"picked":"Thread and Needle"}],"items_purged_floors":[29,40,49],"is_endless":false,"potions_floor_spawned":[1,4,14,18,26,30,33,37,43],"killed_by":"Awakened One","ascension_level":7}}