{"host":"ixbvfs3so5a39bhe","time":1610176545,"event":{"mods":["BaseMod","Downfall","Minty Spire (QoL Compilation)","Quick Restart","StSLib"],"gold_per_floor":[114,127,127,127,77,77,104,104,175,185,212,227,227,227],"floor_reached":13,"playtime":337,"items_purged":[],"score":130,"play_id":"34a87229-48e5-4016-89ea-4878bab95c26","local_time":"20210109151545","is_ascension_mode":true,"campfire_choices":[{"floor":6,"key":"RECALL"},{"data":"Iron Wave","floor":8,"key":"SMITH"}],"circlet_count":0,"master_deck":["Strike_R","Strike_R","Strike_R","Strike_R","Defend_R","Defend_R","Defend_R","Defend_R","Iron Wave+1","Cleave"],"relics":["Burning Blood","NeowsBlessing","Turnip","Matryoshka","Toxic Egg 2"],"acts_visited":["Exordium"],"potions_floor_usage":[],"damage_taken":[{"damage":0,"enemies":"Cultist","floor":1,"turns":1},{"damage":0,"enemies":"Jaw Worm","floor":2,"turns":1},{"damage":0,"enemies":"Lagavulin","floor":7,"turns":1},{"damage":1,"enemies":"2 Louse","floor":10,"turns":2},{"damage":34,"enemies":"Gremlin Nob","floor":11,"turns":6},{"damage":7,"enemies":"2 Fungi Beasts","floor":12,"turns":3},{"damage":45,"enemies":"Lagavulin","floor":13,"turns":6}],"seed_played":"-6805725566106722374","potions_obtained":[{"floor":2,"key":"FairyPotion"},{"floor":12,"key":"SmokeBomb"}],"is_trial":false,"path_per_floor":["M","M","?","?","?","R","E","R","T","M","E","M","E"],"character_chosen":"IRONCLAD","items_purchased":[],"campfire_rested":0,"item_purchase_floors":[],"current_hp_per_floor":[80,80,73,73,73,73,79,79,79,80,52,51,6,6],"gold":227,"neow_bonus":"THREE_ENEMY_KILL","is_daily":false,"chose_seed":false,"campfire_upgraded":1,"win_rate":0.0,"timestamp":1610176545,"path_taken":["M","?","?","?","?","R","E","R","T","M","E","M","E"],"items_purchased_type":[],"build_version":"2020-12-22","purchased_purges":0,"victory":false,"max_hp_per_floor":[80,80,80,80,80,80,80,80,80,80,80,80,80,80],"card_choices":[{"not_picked":["Sword Boomerang","Infernal Blade"],"picked":"Iron Wave","floor":1},{"not_picked":["Wild Strike","Rage","Anger"],"picked":"SKIP","floor":2},{"not_picked":["Warcry","Carnage","Bloodletting"],"picked":"SKIP","floor":7},{"not_picked":["Ghostly Armor","Sword Boomerang","Reckless Charge"],"picked":"SKIP","floor":10},{"not_picked":["Wild Strike","Rage+1"],"picked":"Cleave","floor":11},{"not_picked":["Havoc+1","Infernal Blade+1","Whirlwind"],"picked":"SKIP","floor":12}],"player_experience":149397,"relics_obtained":[{"floor":7,"key":"Turnip"},{"floor":9,"key":"Matryoshka"},{"floor":11,"key":"Toxic Egg 2"}],"event_choices":[{"cards_removed":["Bash"],"damage_healed":0,"gold_gain":0,"player_choice":"Card Removal","damage_taken":7,"max_hp_gain":0,"max_hp_loss":0,"event_name":"Golden Wing","floor":3,"gold_loss":0},{"damage_healed":0,"gold_gain":0,"cards_transformed":["Strike_R"],"player_choice":"Change","damage_taken":0,"max_hp_gain":0,"max_hp_loss":0,"event_name":"Living Wall","floor":4,"gold_loss":0,"cards_obtained":["Corruption"]},{"cards_removed":["Corruption"],"damage_healed":0,"gold_gain":0,"player_choice":"Card Removal","damage_taken":0,"max_hp_gain":0,"max_hp_loss":0,"event_name":"The Cleric","floor":5,"gold_loss":50}],"is_beta":false,"boss_relics":[],"items_purged_floors":[],"is_endless":false,"potions_floor_spawned":[2,12],"killed_by":"Lagavulin","ascension_level":2}}