{"host":"2nhpogk5xa0u9xre","time":1610184774,"event":{"mods":["Aspiration","BaseMod","Colored Powertips","Googly Eyes","Hubris","Infinite Spire","Minty Spire (QoL Compilation)","Rare Cards Sparkle","Replay The Spire","StSLib","The Construct","The Hayseed","The Hierophant","The Runesmith","The Senshi","everything is the same but u backflip on backflip"],"gold_per_floor":[112,112,131,231,246,275,291,291,314,326,359,370,370,389,389,389,389],"floor_reached":16,"playtime":517,"items_purged":[],"score":137,"play_id":"bef09dd4-d47c-4cf7-923a-247ebd0abfb1","local_time":"20210109043254","is_ascension_mode":false,"campfire_choices":[{"data":"White Noise","floor":8,"key":"SMITH"},{"floor":13,"key":"REST"},{"floor":15,"key":"REST"}],"circlet_count":0,"master_deck":["Strike_B","Strike_B","Strike_B","Strike_B","Defend_B","Defend_B","Defend_B","Defend_B","Zap","Dualcast+1","Storm","White Noise+1","hubris:Disease","Flash of Steel","BasicCrystalCard+1","Redo","Sweeping Beam","White Noise","Conserve Battery","Coolheaded","Stack"],"relics":["Cracked Core","NeowsBlessing","GremlinMask","ReplayTheSpireMod:CursedCoin","War Paint","Nunchaku","Replay:Bottled Flurry"],"acts_visited":["Exordium"],"potions_floor_usage":[11,11,11],"damage_taken":[{"damage":0,"enemies":"Jaw Worm","floor":1,"turns":1},{"damage":0,"enemies":"Cultist","floor":5,"turns":1},{"damage":0,"enemies":"Lagavulin","floor":6,"turns":1},{"damage":6,"enemies":"2 Louse","floor":7,"turns":3},{"damage":10,"enemies":"Looter","floor":10,"turns":3},{"damage":18,"enemies":"3 Sentries","floor":11,"turns":6},{"damage":13,"enemies":"Exordium Thugs","floor":12,"turns":4},{"damage":12,"enemies":"3 Louse","floor":14,"turns":5},{"damage":62,"enemies":"The Guardian","floor":16,"turns":12}],"seed_played":"-609154384661548075","potions_obtained":[{"floor":1,"key":"Strength Potion"},{"floor":6,"key":"EssenceOfSteel"},{"floor":7,"key":"PotionOfCapacity"},{"floor":10,"key":"FocusPotion"}],"is_trial":false,"path_per_floor":["M","?","$","?","M","E","M","R","T","M","E","M","R","M","R","B"],"character_chosen":"DEFECT","items_purchased":["White Noise","ReplayTheSpireMod:CursedCoin","Flash of Steel"],"campfire_rested":2,"item_purchase_floors":[3,3,3],"current_hp_per_floor":[75,75,75,75,75,75,69,69,69,59,41,28,50,38,60,0,0],"gold":389,"neow_bonus":"THREE_ENEMY_KILL","is_daily":false,"chose_seed":false,"campfire_upgraded":1,"win_rate":0.0,"timestamp":1610184774,"path_taken":["M","?","?","?","M","E","M","R","T","?","E","M","R","M","R","BOSS"],"items_purchased_type":["Card","Relic","Card"],"build_version":"2020-12-22","purchased_purges":0,"victory":false,"max_hp_per_floor":[75,75,75,75,75,75,75,75,75,75,75,75,75,75,75,75,75],"card_choices":[{"not_picked":["Steam","BasicCrystalCard"],"picked":"Storm","floor":1},{"not_picked":["Barrage","Steam"],"picked":"BasicCrystalCard","floor":5},{"not_picked":["Rebound","Panic Button"],"picked":"Redo","floor":6},{"not_picked":["Streamline","Panic Button"],"picked":"Sweeping Beam","floor":7},{"not_picked":["Redo","BasicCrystalCard"],"picked":"White Noise","floor":10},{"not_picked":["Streamline","Fission"],"picked":"Conserve Battery","floor":11},{"not_picked":["Skim","Hologram"],"picked":"Coolheaded","floor":12},{"not_picked":["Coolheaded","ReplayGash"],"picked":"Stack","floor":14}],"player_experience":226419,"relics_obtained":[{"floor":6,"key":"War Paint"},{"floor":9,"key":"Nunchaku"},{"floor":11,"key":"Replay:Bottled Flurry"}],"event_choices":[{"damage_healed":0,"gold_gain":0,"player_choice":"Trade","damage_taken":0,"relics_obtained":["GremlinMask"],"max_hp_gain":0,"max_hp_loss":0,"event_name":"FaceTrader","floor":2,"gold_loss":0},{"damage_healed":0,"gold_gain":100,"player_choice":"Pray","damage_taken":0,"max_hp_gain":0,"max_hp_loss":0,"event_name":"Golden Shrine","floor":4,"gold_loss":0}],"is_beta":false,"boss_relics":[],"items_purged_floors":[],"is_endless":false,"potions_floor_spawned":[1,6,7,10],"killed_by":"The Guardian","ascension_level":0}}