{"host":"1c17lcvl7acx821p","time":1610230973,"event":{"mods":["AchievementEnabler","BaseMod","Colored Map","Minty Spire (QoL Compilation)","StSLib"],"gold_per_floor":[114,128,144,154,154,186,186,186,263,263,296,95,125,156,156,258,258,271,287,297,312,330,657,682,682,682,701,701,714,714,173,173,276,276,291,311,328,347,358,393,419,429,497,509,542,559,574,8,8,8],"floor_reached":51,"playtime":2358,"items_purged":["Strike_R","Strike_R","Strike_R"],"score":1047,"play_id":"f5a91259-b9c6-40d2-a84e-653980bd9c27","local_time":"20210110002253","is_ascension_mode":true,"campfire_choices":[{"data":"True Grit","floor":8,"key":"SMITH"},{"data":"Sword Boomerang","floor":10,"key":"SMITH"},{"data":"Inflame","floor":15,"key":"SMITH"},{"floor":25,"key":"REST"},{"floor":30,"key":"REST"},{"data":"1","floor":32,"key":"LIFT"},{"data":"Bash","floor":49,"key":"PURGE"}],"circlet_count":0,"master_deck":["Strike_R","Defend_R+1","Defend_R","Defend_R","Defend_R","Thunderclap","Sword Boomerang+1","True Grit+1","Cleave","Inflame+1","Pommel Strike+1","Pummel+1","Trip+1","Burning Pact","Feed+1","Offering","Dropkick+1","Spot Weakness+1","Inflame","Battle Trance+1","Inflame","Disarm","Inflame+1","Dual Wield+1"],"relics":["Burning Blood","Mango","Pen Nib","WingedGreaves","Pear","Molten Egg 2","Matryoshka","Omamori","Runic Pyramid","Old Coin","Magic Flower","Anchor","InkBottle","Nunchaku","Girya","TheAbacus","Fusion Hammer","Pantograph","HornCleat","PreservedInsect","Letter Opener","Peace Pipe","War Paint","Bottled Lightning"],"acts_visited":["Exordium","TheCity","TheBeyond"],"potions_floor_usage":[6,13,16,22,33,33,39,42,50,50],"damage_taken":[{"damage":0,"enemies":"2 Louse","floor":1,"turns":2},{"damage":1,"enemies":"Cultist","floor":2,"turns":4},{"damage":7,"enemies":"Jaw Worm","floor":3,"turns":3},{"damage":16,"enemies":"Gremlin Gang","floor":4,"turns":3},{"damage":15,"enemies":"Gremlin Nob","floor":6,"turns":4},{"damage":21,"enemies":"Lagavulin","floor":11,"turns":5},{"damage":11,"enemies":"3 Sentries","floor":13,"turns":5},{"damage":0,"enemies":"Gremlin Nob","floor":14,"turns":2},{"damage":47,"enemies":"Hexaghost","floor":16,"turns":7},{"damage":20,"enemies":"Spheric Guardian","floor":18,"turns":4},{"damage":7,"enemies":"Chosen","floor":19,"turns":2},{"damage":25,"enemies":"Centurion and Healer","floor":20,"turns":5},{"damage":38,"enemies":"Shelled Parasite and Fungi","floor":21,"turns":4},{"damage":0,"enemies":"Snecko","floor":22,"turns":3},{"damage":18,"enemies":"Gremlin Leader","floor":23,"turns":5},{"damage":33,"enemies":"Book of Stabbing","floor":24,"turns":4},{"damage":48,"enemies":"Sentry and Sphere","floor":27,"turns":5},{"damage":6,"enemies":"Snake Plant","floor":29,"turns":2},{"damage":22,"enemies":"Collector","floor":33,"turns":4},{"damage":0,"enemies":"Orb Walker","floor":35,"turns":1},{"damage":34,"enemies":"3 Shapes","floor":36,"turns":3},{"damage":6,"enemies":"Spire Growth","floor":37,"turns":2},{"damage":7,"enemies":"3 Darklings","floor":38,"turns":3},{"damage":55,"enemies":"Sphere and 2 Shapes","floor":39,"turns":4},{"damage":14,"enemies":"Nemesis","floor":40,"turns":3},{"damage":0,"enemies":"Giant Head","floor":41,"turns":4},{"damage":16,"enemies":"Writhing Mass","floor":42,"turns":4},{"damage":13,"enemies":"3 Darklings","floor":44,"turns":2},{"damage":3,"enemies":"Nemesis","floor":45,"turns":3},{"damage":6,"enemies":"Transient","floor":46,"turns":5},{"damage":30,"enemies":"Writhing Mass","floor":47,"turns":5},{"damage":60,"enemies":"Time Eater","floor":50,"turns":8}],"seed_played":"2514797088818552440","potions_obtained":[{"floor":3,"key":"Swift Potion"},{"floor":4,"key":"FairyPotion"},{"floor":11,"key":"Regen Potion"},{"floor":14,"key":"SteroidPotion"},{"floor":16,"key":"ElixirPotion"},{"floor":20,"key":"AttackPotion"},{"floor":21,"key":"BlessingOfTheForge"},{"floor":27,"key":"Swift Potion"},{"floor":29,"key":"EssenceOfSteel"},{"floor":37,"key":"Regen Potion"},{"floor":38,"key":"ColorlessPotion"},{"floor":39,"key":"SneckoOil"},{"floor":41,"key":"FearPotion"},{"floor":44,"key":"PowerPotion"}],"is_trial":false,"path_per_floor":["M","M","M","M","?","E","?","R","T","R","E","$","E","E","R","B",null,"M","M","M","M","M","E","E","R","T","M","?","M","R","$","R","B",null,"M","M","M","M","M","E","E","M","T","M","E","M","M","$","R","B",null],"character_chosen":"IRONCLAD","items_purchased":["Pummel+1","Trip","Girya","TheAbacus","War Paint","Bottled Lightning","Swift Potion"],"campfire_rested":2,"item_purchase_floors":[12,12,31,31,48,48,48],"current_hp_per_floor":[80,80,79,69,65,56,56,56,66,66,51,51,60,66,66,29,108,98,101,86,58,68,56,29,67,67,34,34,37,76,76,76,69,136,136,117,126,134,94,95,110,109,109,105,117,120,105,105,105,92],"gold":8,"neow_bonus":"TRANSFORM_CARD","is_daily":false,"chose_seed":false,"campfire_upgraded":3,"win_rate":0.0,"timestamp":1610230973,"path_taken":["M","M","M","M","?","E","?","R","T","R","E","$","E","E","R","BOSS","M","M","M","?","M","E","E","R","T","M","?","M","R","$","R","BOSS","M","M","M","M","M","E","E","M","T","M","E","M","M","$","R","BOSS"],"items_purchased_type":["Card","Card","Relic","Relic","Relic","Relic","Potion"],"build_version":"2020-12-22","purchased_purges":3,"victory":true,"max_hp_per_floor":[80,80,80,80,94,94,94,94,104,104,104,104,104,104,104,108,108,112,116,120,124,128,128,128,128,128,132,132,132,132,132,132,136,136,136,140,144,148,152,156,160,164,164,164,168,168,172,172,172,172],"card_choices":[{"not_picked":["Rage","Thunderclap"],"picked":"Sword Boomerang","floor":1},{"not_picked":["Perfected Strike","Second Wind"],"picked":"True Grit","floor":2},{"not_picked":["Pommel Strike","Warcry"],"picked":"Cleave","floor":3},{"not_picked":["Flex","Combust"],"picked":"Inflame","floor":4},{"not_picked":["Perfected Strike","Warcry","Clash"],"picked":"SKIP","floor":6},{"not_picked":["Intimidate","Rage"],"picked":"Pommel Strike+1","floor":11},{"not_picked":["Armaments","Blood for Blood+1"],"picked":"Burning Pact","floor":13},{"not_picked":["Rampage+1","Fire Breathing"],"picked":"Feed+1","floor":14},{"not_picked":["Limit Break","Fiend Fire+1"],"picked":"Offering","floor":16},{"not_picked":["Warcry","Shrug It Off"],"picked":"Dropkick+1","floor":18},{"not_picked":["Headbutt+1","Armaments","Anger+1"],"picked":"SKIP","floor":19},{"not_picked":["Sword Boomerang+1","Dark Embrace","Flame Barrier"],"picked":"SKIP","floor":20},{"not_picked":["Pommel Strike+1","Whirlwind+1"],"picked":"Spot Weakness+1","floor":21},{"not_picked":["Perfected Strike+1","Clash+1","Thunderclap+1"],"picked":"SKIP","floor":22},{"not_picked":["Armaments","Hemokinesis+1","Sword Boomerang+1"],"picked":"SKIP","floor":23},{"not_picked":["Feed+1","Pummel+1"],"picked":"Inflame","floor":24},{"not_picked":["Entrench","Fire Breathing","Shrug It Off"],"picked":"SKIP","floor":27},{"not_picked":["Sword Boomerang+1","Pommel Strike+1","Clothesline+1"],"picked":"SKIP","floor":29},{"not_picked":["Iron Wave+1","Dark Embrace+1","Armaments"],"picked":"SKIP","floor":35},{"not_picked":["Searing Blow+1","Combust"],"picked":"Battle Trance+1","floor":36},{"not_picked":["Infernal Blade","Sword Boomerang+1","Clothesline+1"],"picked":"SKIP","floor":37},{"not_picked":["Armaments","Flex"],"picked":"Inflame","floor":38},{"not_picked":["Whirlwind+1","Intimidate"],"picked":"Disarm","floor":39},{"not_picked":["Flame Barrier","Shrug It Off+1","Feed+1"],"picked":"SKIP","floor":40},{"not_picked":["Ghostly Armor+1","Rupture"],"picked":"Inflame+1","floor":41},{"not_picked":["Body Slam+1","Ghostly Armor","Cleave+1"],"picked":"SKIP","floor":42},{"not_picked":["Second Wind+1","Headbutt+1","Twin Strike+1"],"picked":"SKIP","floor":44},{"not_picked":["Cleave+1","Shrug It Off"],"picked":"Dual Wield+1","floor":45},{"not_picked":["Metallicize","Headbutt+1","Perfected Strike+1"],"picked":"SKIP","floor":46},{"not_picked":["Cleave+1","Perfected Strike+1","Heavy Blade+1"],"picked":"SKIP","floor":47}],"player_experience":6432,"relics_obtained":[{"floor":6,"key":"Pen Nib"},{"floor":9,"key":"Pear"},{"floor":11,"key":"Molten Egg 2"},{"floor":13,"key":"Matryoshka"},{"floor":14,"key":"Omamori"},{"floor":23,"key":"Old Coin"},{"floor":24,"key":"Magic Flower"},{"floor":26,"key":"Anchor"},{"floor":26,"key":"InkBottle"},{"floor":40,"key":"Pantograph"},{"floor":41,"key":"HornCleat"},{"floor":43,"key":"PreservedInsect"},{"floor":43,"key":"Letter Opener"},{"floor":45,"key":"Peace Pipe"}],"event_choices":[{"damage_healed":0,"gold_gain":0,"player_choice":"Success","damage_taken":18,"relics_obtained":["Mango"],"max_hp_gain":0,"max_hp_loss":0,"event_name":"Scrap Ooze","floor":5,"gold_loss":0},{"damage_healed":0,"gold_gain":0,"player_choice":"Gave Potion","damage_taken":0,"relics_obtained":["WingedGreaves"],"max_hp_gain":0,"max_hp_loss":0,"event_name":"WeMeetAgain","floor":7,"gold_loss":0},{"damage_healed":0,"gold_gain":0,"player_choice":"Opened","damage_taken":0,"relics_obtained":["Nunchaku"],"max_hp_gain":0,"max_hp_loss":0,"event_name":"The Mausoleum","floor":28,"gold_loss":0,"cards_obtained":["Writhe"]}],"is_beta":false,"boss_relics":[{"not_picked":["Black Star","SlaversCollar"],"picked":"Runic Pyramid"},{"not_picked":["Black Blood","Coffee Dripper"],"picked":"Fusion Hammer"}],"items_purged_floors":[12,31,48],"is_endless":false,"potions_floor_spawned":[3,4,11,14,16,20,21,27,29,37,38,39,41,44],"ascension_level":2}}