{"host":"hf26dlu7397s98tc","time":1610177473,"event":{"mods":["Act Like it!","Arknights The Spire","Astrologer","BaseMod","CapriCore","Elementarium","GifTheSpireLib","Hermit","Luminous","Minty Spire (QoL Compilation)","Pale of the Ancients","Pikachu Mod","Quick Restart","Robot Space Explorer","StSLib","The Dragon Tamer","The Gatherer","The Immortal","TheWitcher","UnlockEverythingMod","Yakumo Yukari mod"],"gold_per_floor":[114,39,39,114,114,147,165,176,200,210,221,77,87,57,57,57,57],"floor_reached":16,"playtime":635,"items_purged":["ats:Strike S"],"score":127,"play_id":"7d5d3d8a-47c0-4773-9172-a9b1a99e91d1","local_time":"20210109153113","is_ascension_mode":false,"campfire_choices":[{"data":"ats:Emotion Absorption","floor":15,"key":"SMITH"}],"circlet_count":0,"master_deck":["ats:Strike G","ats:Strike V","ats:Armor Crushing Shot","ats:Defend","ats:Defend","ats:Defend","ats:Emotion Absorption+1","ats:Healing Strengthening","ats:Soul Absorption","ats:Charging Defense","ats:Calcification"],"relics":["ats:Sanity","NeowsBlessing","ats:Originium","ats:Rhine Circuitry"],"acts_visited":["Exordium"],"potions_floor_usage":[11,16],"damage_taken":[{"damage":0,"enemies":"Small Slimes","floor":1,"turns":1},{"damage":0,"enemies":"3 Sentries","floor":6,"turns":1},{"damage":0,"enemies":"Jaw Worm","floor":7,"turns":1},{"damage":8,"enemies":"Cultist","floor":8,"turns":5},{"damage":25,"enemies":"Red Slaver","floor":10,"turns":5},{"damage":2,"enemies":"2 Fungi Beasts","floor":11,"turns":3},{"damage":0,"enemies":"Exordium Wildlife","floor":13,"turns":7},{"damage":3,"enemies":"Looter","floor":14,"turns":4},{"damage":51,"enemies":"Hexaghost","floor":16,"turns":16}],"seed_played":"-221215807188231138","potions_obtained":[{"floor":10,"key":"AttackPotion"},{"floor":13,"key":"AttackPotion"}],"is_trial":false,"path_per_floor":["M","$","?","?","?","E","M","M","T","M","M","$","M","M","R","B"],"character_chosen":"DOCTOR_CLASS","items_purchased":["ats:Calcification"],"campfire_rested":0,"item_purchase_floors":[12],"current_hp_per_floor":[72,72,72,61,61,61,61,53,53,28,26,26,32,31,31,0,0],"gold":57,"neow_bonus":"THREE_ENEMY_KILL","is_daily":false,"chose_seed":false,"campfire_upgraded":1,"win_rate":0.0,"timestamp":1610177473,"path_taken":["M","$","?","?","?","E","M","M","T","?","M","?","M","M","R","BOSS"],"items_purchased_type":["Card"],"build_version":"2020-12-22","purchased_purges":1,"victory":false,"max_hp_per_floor":[72,72,72,72,72,72,72,72,72,72,72,72,72,72,72,72,72],"card_choices":[{"not_picked":["ats:Shell Defense","ats:Leaping Hammer","ats:Sword Rain"],"picked":"SKIP","floor":1},{"not_picked":["ats:Explosion Area Strengthen","ats:Hook Shot"],"picked":"ats:Healing Strengthening","floor":6},{"not_picked":["ats:Cat Scratch","ats:Ignite"],"picked":"ats:Soul Absorption","floor":7},{"not_picked":["ats:Hook Shot","ats:Assault Order","ats:Poison Spread"],"picked":"SKIP","floor":8},{"not_picked":["ats:Red Shift","ats:Ambush","ats:Hammer On"],"picked":"SKIP","floor":10},{"not_picked":["ats:Flexible Camouflage","ats:Poison Spread"],"picked":"ats:Charging Defense","floor":11},{"not_picked":["ats:Hammer On","ats:Consecutive Shot Auto","ats:Flexible Camouflage"],"picked":"SKIP","floor":13},{"not_picked":["ats:Neurotoxin","ats:Hammer On","ats:Assault Order"],"picked":"SKIP","floor":14}],"player_experience":205282,"relics_obtained":[{"floor":6,"key":"ats:Originium"},{"floor":6,"key":"ats:Rhine Circuitry"}],"event_choices":[{"cards_removed":["ats:Strike C"],"damage_healed":0,"gold_gain":0,"player_choice":"Forget","damage_taken":0,"max_hp_gain":0,"max_hp_loss":0,"event_name":"Living Wall","floor":3,"gold_loss":0},{"damage_healed":0,"gold_gain":75,"player_choice":"Gather Gold","damage_taken":11,"max_hp_gain":0,"max_hp_loss":0,"event_name":"World of Goop","floor":4,"gold_loss":0},{"cards_removed":["ats:Defend"],"damage_healed":0,"gold_gain":0,"player_choice":"Purged","damage_taken":0,"max_hp_gain":0,"max_hp_loss":0,"event_name":"Purifier","floor":5,"gold_loss":0}],"is_beta":false,"boss_relics":[],"items_purged_floors":[2],"is_endless":false,"potions_floor_spawned":[10,13],"killed_by":"Hexaghost","ascension_level":0}}