{"host":"c97twqu0op5dg8i4","time":1610210115,"event":{"mods":["BaseMod","Minty Spire (QoL Compilation)"],"gold_per_floor":[15,15,15,15,56,56,83,130,181,181,256,256,256,285,285,390,390,433,449,509,182,198,198,239,265,277,289,349,392,404,433,445,556,568,600,494,521,573,185,210,210,229,229,229,255,130,142,142,142,142],"floor_reached":51,"playtime":2191,"items_purged":["Strike_P","Strike_P","Parasite"],"score":941,"play_id":"ad6e6a3d-cbce-4460-b831-a15a604f6134","local_time":"20210109113514","is_ascension_mode":true,"campfire_choices":[{"data":"Eruption","floor":6.0,"key":"SMITH"},{"floor":10.0,"key":"REST"},{"data":"Protect","floor":12.0,"key":"SMITH"},{"data":"BattleHymn","floor":15.0,"key":"SMITH"},{"floor":23.0,"key":"REST"},{"floor":27.0,"key":"REST"},{"data":"Vault","floor":32,"key":"SMITH"},{"data":"Malaise","floor":41,"key":"SMITH"},{"data":"FollowUp","floor":44,"key":"SMITH"},{"data":"Protect","floor":49,"key":"SMITH"}],"circlet_count":0,"master_deck":["Strike_P","Strike_P","Defend_P","Defend_P","Defend_P+1","Defend_P","Eruption+1","Vigilance+1","Wish+1","FollowUp+1","Protect+1","Halt","FlyingSleeves","BattleHymn+1","Vault+1","Protect+1","CarveReality","FlurryOfBlows","Malaise+1","True Grit+1","Skim","Flechettes+1","Acrobatics","Leap+1","Eruption+1","Clothesline+1","Beam Cell+1","Double Energy+1","Bouncing Flask"],"relics":["PureWater","Pen Nib","Ornamental Fan","Regal Pillow","Gremlin Horn","Pantograph","Philosopher\u0027s Stone","Red Mask","PrismaticShard","MawBank","Bag of Preparation","Bronze Scales","Cursed Key","War Paint","DollysMirror","Centennial Puzzle","Vajra","TeardropLocket","CaptainsWheel"],"acts_visited":["TheBeyond"],"potions_floor_usage":[33,45,50,50],"damage_taken":[{"damage":1.0,"enemies":"Jaw Worm","floor":1.0,"turns":5.0},{"damage":0.0,"enemies":"Small Slimes","floor":5.0,"turns":3.0},{"damage":10.0,"enemies":"Lagavulin","floor":7.0,"turns":14.0},{"damage":15.0,"enemies":"2 Louse","floor":8.0,"turns":3.0},{"damage":7.0,"enemies":"3 Sentries","floor":14.0,"turns":9.0},{"damage":11.0,"enemies":"The Guardian","floor":16.0,"turns":6.0},{"damage":0.0,"enemies":"Chosen","floor":18.0,"turns":5.0},{"damage":16.0,"enemies":"2 Thieves","floor":19.0,"turns":3.0},{"damage":14.0,"enemies":"Masked Bandits","floor":20.0,"turns":5.0},{"damage":35.0,"enemies":"Snake Plant","floor":22.0,"turns":3.0},{"damage":12.0,"enemies":"Centurion and Healer","floor":24.0,"turns":5.0},{"damage":14.0,"enemies":"Slavers","floor":25.0,"turns":5.0},{"damage":0.0,"enemies":"Cultist and Chosen","floor":28.0,"turns":5.0},{"damage":31.0,"enemies":"Book of Stabbing","floor":29.0,"turns":5.0},{"damage":0.0,"enemies":"Sentry and Sphere","floor":31.0,"turns":3.0},{"damage":57,"enemies":"Champ","floor":33,"turns":10},{"damage":2,"enemies":"Orb Walker","floor":35,"turns":3},{"damage":3,"enemies":"3 Darklings","floor":37,"turns":3},{"damage":0,"enemies":"Jaw Worm Horde","floor":38,"turns":3},{"damage":0,"enemies":"Giant Head","floor":40,"turns":5},{"damage":0,"enemies":"Sphere and 2 Shapes","floor":42,"turns":5},{"damage":0,"enemies":"Nemesis","floor":45,"turns":1},{"damage":8,"enemies":"4 Shapes","floor":47,"turns":1},{"damage":63,"enemies":"Time Eater","floor":50,"turns":10}],"seed_played":"-6889286563933911536","potions_obtained":[{"floor":7.0,"key":"FearPotion"},{"floor":8.0,"key":"GamblersBrew"},{"floor":16.0,"key":"Dexterity Potion"},{"floor":22.0,"key":"Regen Potion"},{"floor":25.0,"key":"Regen Potion"},{"floor":29.0,"key":"AttackPotion"},{"floor":33,"key":"AttackPotion"},{"floor":38,"key":"Swift Potion"},{"floor":45,"key":"Weak Potion"}],"is_trial":false,"path_per_floor":["M","?","$","?","M","R","E","M","T","R","?","R","T","E","R","B",null,"M","M","?","$","M","R","M","E","T","R","M","E","?","M","R","B",null,"M","?","M","M","$","E","R","M","T","R","E","$","M","?","R","B",null],"character_chosen":"WATCHER","items_purchased":["Fruit Juice","PrismaticShard","DollysMirror","Centennial Puzzle"],"campfire_rested":3,"item_purchase_floors":[21,21,39,39],"current_hp_per_floor":[71,71,71,68,68,68,58,43,43,72,61,61,61,54,54,61,72,72,56,42,47,12,50,52,38,38,76,76,50,75,75,75,20,77,75,75,72,72,72,72,72,72,72,72,72,72,64,64,64,11],"gold":142,"neow_bonus":"THREE_RARE_CARDS","is_daily":false,"chose_seed":false,"campfire_upgraded":7,"win_rate":0.0,"timestamp":1610210114,"path_taken":["M","?","$","?","M","R","E","M","T","R","?","R","?","E","R","BOSS","M","M","?","$","M","R","M","E","T","R","M","E","?","M","R","BOSS","M","?","M","M","$","E","R","M","T","R","E","$","?","?","R","BOSS"],"items_purchased_type":["Potion","Relic","Relic","Relic"],"build_version":"2020-12-22","purchased_purges":3,"victory":true,"max_hp_per_floor":[72,72,72,72,72,72,72,72,72,72,72,72,72,72,72,72,72,72,72,72,77,77,77,77,77,77,77,77,77,77,77,77,77,77,77,77,77,77,77,77,77,77,77,77,77,74,74,74,74,74],"card_choices":[{"not_picked":["SpiritShield","Blasphemy"],"picked":"Wish","floor":0.0},{"not_picked":["Prostrate","Evaluate"],"picked":"FollowUp","floor":1.0},{"not_picked":["WreathOfFlame","FollowUp"],"picked":"Protect","floor":5.0},{"not_picked":["ThirdEye","ClearTheMind"],"picked":"Halt","floor":7.0},{"not_picked":["Halt","CrushJoints"],"picked":"FlyingSleeves","floor":8.0},{"not_picked":["Wallop","EmptyMind"],"picked":"BattleHymn","floor":14.0},{"not_picked":["Establishment","DeusExMachina"],"picked":"Vault","floor":16.0},{"not_picked":["Halt","Prostrate"],"picked":"Protect","floor":18.0},{"not_picked":["EmptyBody","ClearTheMind"],"picked":"CarveReality","floor":19.0},{"not_picked":["DeceiveReality+1","Prostrate+1"],"picked":"FlurryOfBlows","floor":20.0},{"not_picked":["InnerPeace","WheelKick+1"],"picked":"Malaise","floor":22.0},{"not_picked":["Underhanded Strike","Protect+1","SashWhip+1"],"picked":"SKIP","floor":24.0},{"not_picked":["Dropkick+1","Crescendo","Combust+1"],"picked":"SKIP","floor":25.0},{"not_picked":["ClearTheMind+1","Reckless Charge+1"],"picked":"True Grit+1","floor":28.0},{"not_picked":["White Noise+1","SashWhip"],"picked":"Skim","floor":29.0},{"not_picked":["Aggregate+1","Perfected Strike"],"picked":"Flechettes+1","floor":31},{"not_picked":["FlyingSleeves","Flechettes+1"],"picked":"Acrobatics","floor":35},{"not_picked":["PiercingWail+1","Consume","Sanctity+1"],"picked":"SKIP","floor":37},{"not_picked":["Protect","PiercingWail"],"picked":"Leap+1","floor":38},{"not_picked":["ClearTheMind","Doom and Gloom+1"],"picked":"Clothesline+1","floor":40},{"not_picked":["Metamorphosis","Setup+1"],"picked":"Beam Cell+1","floor":42},{"not_picked":["Iron Wave+1","Blur"],"picked":"Double Energy+1","floor":45},{"not_picked":["Barrage+1","JustLucky"],"picked":"Bouncing Flask","floor":47}],"player_experience":261812,"relics_obtained":[{"floor":7.0,"key":"Ornamental Fan"},{"floor":9.0,"key":"Regal Pillow"},{"floor":13.0,"key":"Gremlin Horn"},{"floor":14.0,"key":"Pantograph"},{"floor":20.0,"key":"Red Mask"},{"floor":25.0,"key":"MawBank"},{"floor":26.0,"key":"Bag of Preparation"},{"floor":29.0,"key":"Bronze Scales"},{"floor":40,"key":"Vajra"},{"floor":43,"key":"TeardropLocket"},{"floor":45,"key":"CaptainsWheel"}],"event_choices":[{"damage_healed":0.0,"max_hp_gain":0.0,"max_hp_loss":0.0,"gold_gain":0.0,"event_name":"Living Wall","player_choice":"Grow","floor":2.0,"gold_loss":0.0,"damage_taken":0.0,"cards_upgraded":["Wish"]},{"damage_healed":0.0,"max_hp_gain":0.0,"max_hp_loss":0.0,"gold_gain":0.0,"event_name":"Scrap Ooze","player_choice":"Success","floor":4.0,"gold_loss":0.0,"damage_taken":3.0,"relics_obtained":["Pen Nib"]},{"damage_healed":0.0,"max_hp_gain":0.0,"max_hp_loss":0.0,"gold_gain":75.0,"event_name":"World of Goop","player_choice":"Gather Gold","floor":11.0,"gold_loss":0.0,"damage_taken":11.0},{"damage_healed":0.0,"max_hp_gain":0.0,"max_hp_loss":0.0,"gold_gain":0.0,"event_name":"Masked Bandits","player_choice":"Fought Bandits","floor":20.0,"gold_loss":0.0,"damage_taken":0.0},{"damage_healed":25.0,"max_hp_gain":0.0,"max_hp_loss":0.0,"gold_gain":0.0,"event_name":"The Library","player_choice":"Heal","floor":30.0,"gold_loss":0.0,"damage_taken":0.0},{"damage_healed":0,"gold_gain":0,"player_choice":"Paid Gold","damage_taken":0,"relics_obtained":["War Paint"],"max_hp_gain":0,"max_hp_loss":0,"event_name":"WeMeetAgain","floor":36,"gold_loss":118},{"damage_healed":0,"gold_gain":0,"player_choice":"Ignored","damage_taken":0,"max_hp_gain":0,"max_hp_loss":0,"event_name":"Mysterious Sphere","floor":48,"gold_loss":0}],"is_beta":false,"boss_relics":[{"not_picked":["Fusion Hammer","Runic Pyramid"],"picked":"Philosopher\u0027s Stone"},{"not_picked":["Runic Dome","HolyWater"],"picked":"Cursed Key"}],"items_purged_floors":[21,39,46],"is_endless":false,"potions_floor_spawned":[7,8,16,22,25,29,33,38,45],"ascension_level":3}}