{"host":"qn4ko1j4l4p4bco5","time":1610159907,"event":{"mods":["BaseMod","Minty Spire (QoL Compilation)","Quick Restart"],"gold_per_floor":[114,124,140,140,140,155,6,106,106,106,126,126,159,178,178,282,282,295,315,315,315],"floor_reached":20,"playtime":1796,"items_purged":[],"score":176,"play_id":"73d741f7-2321-4f10-a9d5-f4c7a95b4ca1","local_time":"20210108183827","is_ascension_mode":false,"campfire_choices":[{"floor":10.0,"key":"REST"},{"floor":12.0,"key":"REST"},{"floor":15.0,"key":"REST"}],"circlet_count":0,"master_deck":["Strike_G","Strike_G","Strike_G+1","Strike_G","Strike_G","Defend_G","Defend_G","Defend_G","Defend_G","Defend_G","Survivor","Neutralize","Flying Knee+1","PiercingWail","Phantasmal Killer","Dagger Spray","Noxious Fumes","Heel Hook","Corpse Explosion","Envenom","Outmaneuver+1","Deadly Poison"],"relics":["Ring of the Snake","NeowsBlessing","TwistedFunnel","Kunai","Whetstone","SlaversCollar"],"acts_visited":[],"potions_floor_usage":[20],"damage_taken":[{"damage":0.0,"enemies":"Small Slimes","floor":1.0,"turns":1.0},{"damage":0.0,"enemies":"2 Louse","floor":2.0,"turns":1.0},{"damage":0.0,"enemies":"Jaw Worm","floor":3.0,"turns":1.0},{"damage":41.0,"enemies":"Gremlin Gang","floor":6.0,"turns":7.0},{"damage":1.0,"enemies":"Exordium Thugs","floor":11.0,"turns":4.0},{"damage":19.0,"enemies":"Lagavulin","floor":13.0,"turns":8.0},{"damage":3.0,"enemies":"Blue Slaver","floor":14.0,"turns":4.0},{"damage":53.0,"enemies":"Slime Boss","floor":16.0,"turns":12.0},{"damage":48,"enemies":"Spheric Guardian","floor":18,"turns":6},{"damage":16,"enemies":"Chosen","floor":19,"turns":6},{"damage":11,"enemies":"Snake Plant","floor":20,"turns":4}],"seed_played":"5833727153077524845","potions_obtained":[{"floor":2.0,"key":"SteroidPotion"},{"floor":6.0,"key":"Strength Potion"},{"floor":14.0,"key":"Energy Potion"},{"floor":18,"key":"ColorlessPotion"}],"is_trial":false,"path_per_floor":["M","M","M","?","?","M","$","?","T","R","M","R","E","M","R","B",null,"M","M","M"],"character_chosen":"THE_SILENT","items_purchased":["TwistedFunnel"],"campfire_rested":3,"item_purchase_floors":[7],"current_hp_per_floor":[70,70,70,70,75,34,34,34,34,56,55,75,56,53,75,22,75,27,11,0,0],"gold":315,"neow_bonus":"THREE_ENEMY_KILL","is_daily":false,"chose_seed":false,"campfire_upgraded":0,"win_rate":0.0,"timestamp":1610159907,"path_taken":["M","M","M","?","?","M","$","?","T","R","M","R","E","M","R","BOSS","M","M","M"],"items_purchased_type":["Relic"],"build_version":"2020-12-22","purchased_purges":0,"victory":false,"max_hp_per_floor":[70,70,70,70,75,75,75,75,75,75,75,75,75,75,75,75,75,75,75,75,75],"card_choices":[{"not_picked":["Skewer","Dodge and Roll"],"picked":"Flying Knee","floor":1.0},{"not_picked":["Blade Dance","Dagger Throw"],"picked":"PiercingWail","floor":2.0},{"not_picked":["Calculated Gamble","Underhanded Strike"],"picked":"Phantasmal Killer","floor":3.0},{"not_picked":["Reflex","Blade Dance"],"picked":"Dagger Spray","floor":6.0},{"not_picked":["Deflect","Poisoned Stab"],"picked":"Noxious Fumes","floor":11.0},{"not_picked":["Underhanded Strike","Well Laid Plans"],"picked":"Heel Hook","floor":13.0},{"not_picked":["Flying Knee","Poisoned Stab"],"picked":"Corpse Explosion","floor":14.0},{"not_picked":["Night Terror","Burst"],"picked":"Envenom","floor":16.0},{"not_picked":["Flying Knee+1","Blade Dance"],"picked":"Outmaneuver+1","floor":18},{"not_picked":["Blade Dance","Bane"],"picked":"Deadly Poison","floor":19}],"player_experience":59121,"relics_obtained":[{"floor":9.0,"key":"Kunai"},{"floor":13.0,"key":"Whetstone"}],"event_choices":[{"damage_healed":0.0,"max_hp_gain":0.0,"max_hp_loss":0.0,"gold_gain":0.0,"event_name":"Liars Game","player_choice":"Ignored","floor":4.0,"gold_loss":0.0,"damage_taken":0.0},{"damage_healed":0.0,"max_hp_gain":5.0,"max_hp_loss":0.0,"gold_gain":0.0,"event_name":"Big Fish","player_choice":"Donut","floor":5.0,"gold_loss":0.0,"damage_taken":0.0},{"damage_healed":0.0,"max_hp_gain":0.0,"max_hp_loss":0.0,"gold_gain":100.0,"event_name":"Wheel of Change","player_choice":"Gold","floor":8.0,"gold_loss":0.0,"damage_taken":0.0}],"is_beta":false,"boss_relics":[{"not_picked":["Ring of the Serpent","Runic Dome"],"picked":"SlaversCollar"}],"items_purged_floors":[],"is_endless":false,"potions_floor_spawned":[2,6,14,18,19],"killed_by":"Snake Plant","ascension_level":0}}