{"host":"nkolxg4se00n20yf","time":1610224789,"event":{"mods":["BaseMod","CatGirl Mod","Chen","Colored Map","Colored Powertips","Downfall","Friendly Minions","Infinite Spire","Kiyohime????","Marisa????????","Minty Spire (QoL Compilation)","StSLib","Td1madao Mod","The Administrix","The Cursed","The Exalted","The Hierophant","The Servant 0.9.4"],"gold_per_floor":[15,27,43,43,60,86,86,120,120,149,166,166,193,213,213,288,288,298,73,87,100,117,117,117,131,181,181,181,206,222,222,222,222,222],"floor_reached":33,"playtime":1419,"items_purged":[],"score":578,"play_id":"93f74d57-23df-428d-8deb-3984555d3d2e","local_time":"20210109213949","is_ascension_mode":true,"campfire_choices":[{"floor":7.0,"key":"REST"},{"floor":15.0,"key":"REST"},{"floor":24.0,"key":"REST"},{"floor":28.0,"key":"REST"},{"floor":32.0,"key":"REST"}],"circlet_count":0,"master_deck":["AscendersBane","Strike_R","Strike_R","Strike_R","Strike_R","Defend_R","Defend_R","Defend_R","Bash","Spot Weakness","Blood for Blood","Infernal Blade+1","Flex","Ghostly Armor","Fiend Fire","Perfected Strike","Thunderclap","Bludgeon","Rage","Headbutt","Twin Strike+1","Shrug It Off+1","Inflame","infinitespire:Menacing","Pummel+1","Reaper","infinitespire:Collect"],"relics":["Burning Blood","Ancient Tea Set","Self Forming Clay","Bottled Flame","Boot","Akabeko","Runic Cube","Bromod:ArcaneNullifier","Black Blood","Chemical X","Lantern","Potion Belt"],"acts_visited":["Exordium","TheCity"],"potions_floor_usage":[],"damage_taken":[{"damage":12.0,"enemies":"2 Louse","floor":1.0,"turns":3.0},{"damage":7.0,"enemies":"Cultist","floor":2.0,"turns":4.0},{"damage":15.0,"enemies":"Small Slimes","floor":3.0,"turns":4.0},{"damage":21.0,"enemies":"Blue Slaver","floor":5.0,"turns":4.0},{"damage":35.0,"enemies":"Lagavulin","floor":6.0,"turns":6.0},{"damage":10.0,"enemies":"3 Sentries","floor":8.0,"turns":6.0},{"damage":27.0,"enemies":"Lagavulin","floor":10.0,"turns":6.0},{"damage":9.0,"enemies":"Lots of Slimes","floor":11.0,"turns":4.0},{"damage":7.0,"enemies":"Exordium Thugs","floor":14.0,"turns":3.0},{"damage":56.0,"enemies":"The Guardian","floor":16.0,"turns":10.0},{"damage":22.0,"enemies":"Chosen","floor":18.0,"turns":4.0},{"damage":5.0,"enemies":"2 Thieves","floor":20.0,"turns":4.0},{"damage":24.0,"enemies":"Snake Plant","floor":21.0,"turns":2.0},{"damage":28.0,"enemies":"Centurion and Healer","floor":22.0,"turns":7.0},{"damage":18.0,"enemies":"Shelled Parasite and Fungi","floor":25.0,"turns":4.0},{"damage":40.0,"enemies":"Nightmare","floor":29.0,"turns":8.0},{"damage":6.0,"enemies":"3 Cultists","floor":30.0,"turns":5.0},{"damage":88,"enemies":"Champ","floor":33,"turns":11}],"seed_played":"-591509545757069919","potions_obtained":[{"floor":3.0,"key":"BloodPotion"},{"floor":5.0,"key":"FearPotion"},{"floor":8.0,"key":"BloodPotion"},{"floor":11.0,"key":"AttackPotion"},{"floor":14.0,"key":"SpeedPotion"},{"floor":20.0,"key":"Explosive Potion"},{"floor":29.0,"key":"Regen Potion"}],"is_trial":false,"path_per_floor":["M","M","M","?","M","E","R","E","T","E","M","?","T","M","R","B",null,"M","$","M","M","M","AVR","R","M","T","$","R","NM","M","?","R","B"],"character_chosen":"IRONCLAD","items_purchased":["Bromod:ArcaneNullifier","Headbutt"],"campfire_rested":5,"item_purchase_floors":[19,19],"current_hp_per_floor":[62,61,52,52,37,23,45,41,41,35,32,37,37,36,60,10,63,47,47,48,30,8,8,32,32,32,32,56,34,60,40,64,0,0],"gold":222,"neow_bonus":"REMOVE_TWO","is_daily":false,"chose_seed":false,"campfire_upgraded":0,"win_rate":0.0,"timestamp":1610224789,"path_taken":["M","M","M","?","?","E","R","E","T","E","M","?","?","M","R","BOSS","M","?","M","M","?","AVR","R","M","T","$","R","NM","M","?","R","BOSS"],"items_purchased_type":["Relic","Card"],"build_version":"2020-12-22","purchased_purges":0,"victory":false,"max_hp_per_floor":[75,75,75,75,75,75,75,75,75,75,75,80,80,80,80,80,80,80,80,80,80,80,80,80,80,80,80,80,80,80,80,80,80,80],"card_choices":[{"not_picked":["Dual Wield","Body Slam"],"picked":"Spot Weakness","floor":1.0},{"not_picked":["Dark Embrace","Evolve"],"picked":"Blood for Blood","floor":2.0},{"not_picked":["Anger","Warcry"],"picked":"Infernal Blade","floor":3.0},{"not_picked":["Fire Breathing","Seeing Red"],"picked":"Flex","floor":5.0},{"not_picked":["Flame Barrier","Iron Wave"],"picked":"Ghostly Armor","floor":6.0},{"not_picked":["Havoc","Warcry"],"picked":"Fiend Fire","floor":8.0},{"not_picked":["Infernal Blade","Second Wind"],"picked":"Perfected Strike","floor":10.0},{"not_picked":["Perfected Strike","Dark Embrace","Warcry"],"picked":"SKIP","floor":11.0},{"not_picked":["Clash","Body Slam"],"picked":"Thunderclap","floor":14.0},{"not_picked":["Barricade","Berserk"],"picked":"Bludgeon","floor":16.0},{"not_picked":["Havoc","Uppercut"],"picked":"Rage","floor":18.0},{"not_picked":["Seeing Red","Body Slam"],"picked":"Twin Strike+1","floor":20.0},{"not_picked":["Warcry+1","Entrench+1"],"picked":"Shrug It Off+1","floor":21.0},{"not_picked":["Sword Boomerang","Ghostly Armor"],"picked":"Inflame","floor":22.0},{"not_picked":["Havoc","Second Wind"],"picked":"Pummel+1","floor":25.0},{"not_picked":["Intimidate","Flex+1"],"picked":"Reaper","floor":29.0},{"not_picked":["Flex","Warcry","Body Slam"],"picked":"SKIP","floor":30.0},{"not_picked":["infinitespire:Oblivion","infinitespire:SealOfDarkness+"],"picked":"infinitespire:Collect","floor":31.0}],"player_experience":1094990,"relics_obtained":[{"floor":6.0,"key":"Ancient Tea Set"},{"floor":8.0,"key":"Self Forming Clay"},{"floor":9.0,"key":"Bottled Flame"},{"floor":10.0,"key":"Boot"},{"floor":13.0,"key":"Akabeko"},{"floor":26.0,"key":"Lantern"},{"floor":29.0,"key":"Potion Belt"}],"event_choices":[{"damage_healed":0.0,"max_hp_gain":0.0,"max_hp_loss":0.0,"gold_gain":0.0,"event_name":"Accursed Blacksmith","player_choice":"Forge","floor":4.0,"gold_loss":0.0,"damage_taken":0.0,"cards_upgraded":["Infernal Blade"]},{"damage_healed":0.0,"max_hp_gain":5.0,"max_hp_loss":0.0,"gold_gain":0.0,"event_name":"Big Fish","player_choice":"Donut","floor":12.0,"gold_loss":0.0,"damage_taken":0.0}],"is_beta":false,"boss_relics":[{"not_picked":["Ectoplasm","Bromod:ArcaneBarrier"],"picked":"Runic Cube"}],"items_purged_floors":[],"is_endless":false,"potions_floor_spawned":[3,5,8,11,14,20,22,29],"killed_by":"Champ","ascension_level":20}}