{"host":"xqy2zcdkw56uhhws","time":1610197045,"event":{"mods":["BaseMod","Hermit","KOR Keyword Fix","Minty Spire (QoL Compilation)","StSLib","The Bug Knight","The Cursed","The Hierophant","The Runesmith"],"gold_per_floor":[99,274,332,332,326,343,343,339,362,362,219,235,259,205,205,157,157],"floor_reached":16,"playtime":1209,"items_purged":[],"score":93,"play_id":"087e14a3-f9c9-4731-b4c8-bea9dc9f1007","local_time":"20210109215725","is_ascension_mode":false,"campfire_choices":[{"data":"hierophant:Punish","floor":7,"key":"SMITH"},{"floor":15,"key":"REST"}],"circlet_count":0,"master_deck":["hierophant:Strike_Hierophant","hierophant:Strike_Hierophant","hierophant:Strike_Hierophant","hierophant:Strike_Hierophant","hierophant:Punish+1","hierophant:Defend_Hierophant","hierophant:Defend_Hierophant","hierophant:Defend_Hierophant","hierophant:Defend_Hierophant","hierophant:ChurchCoffers","hierophant:SealAway","hierophant:Zeal","hierophant:Smite","hierophant:Smite","hierophant:RepressedViolence","hierophant:Zeal","hierophant:HammerAndAnvil","hierophant:Shelter","hierophant:RustyCrate","hierophant:Doubloon","hierophant:Doubloon","hierophant:FieryStrike"],"relics":["hierophant:PropheticMaskRelic","Spirit Poop","Vajra"],"acts_visited":["Exordium"],"potions_floor_usage":[],"damage_taken":[{"damage":5,"enemies":"2 Louse","floor":1,"turns":2},{"damage":10,"enemies":"Jaw Worm","floor":5,"turns":4},{"damage":0,"enemies":"Cultist","floor":6,"turns":4},{"damage":13,"enemies":"Red Slaver","floor":8,"turns":2},{"damage":0,"enemies":"Blue Slaver","floor":10,"turns":2},{"damage":0,"enemies":"Lots of Slimes","floor":12,"turns":1},{"damage":0,"enemies":"Exordium Wildlife","floor":13,"turns":2},{"damage":78,"enemies":"The Guardian","floor":16,"turns":10}],"seed_played":"7467957092658663424","potions_obtained":[{"floor":12,"key":"Ancient Potion"}],"is_trial":false,"path_per_floor":["M","?","?","?","M","M","R","M","T","M","$","M","M","$","R","B"],"character_chosen":"HIEROPHANT","items_purchased":["hierophant:Zeal","hierophant:HammerAndAnvil","hierophant:Shelter","hierophant:FieryStrike"],"campfire_rested":1,"item_purchase_floors":[11,11,11,14],"current_hp_per_floor":[77,77,77,77,67,67,67,54,54,54,54,54,54,54,78,0,0],"gold":157,"neow_bonus":"TEN_PERCENT_HP_BONUS","is_daily":false,"chose_seed":false,"campfire_upgraded":1,"win_rate":0.0,"timestamp":1610197045,"path_taken":["M","?","?","?","M","M","R","M","T","?","$","M","M","?","R","BOSS"],"items_purchased_type":["Card","Card","Card","Card"],"build_version":"2020-12-22","purchased_purges":0,"victory":false,"max_hp_per_floor":[82,82,82,82,82,82,82,82,82,82,82,82,82,82,82,82,82],"card_choices":[{"not_picked":["hierophant:Rebuild","hierophant:RecallFunds"],"picked":"hierophant:SealAway","floor":1},{"not_picked":["hierophant:Martyrdom","hierophant:Sermon"],"picked":"hierophant:Zeal","floor":5},{"not_picked":["hierophant:Community","hierophant:Racketeering"],"picked":"hierophant:Smite","floor":6},{"not_picked":["hierophant:Upheaval","hierophant:Glossolalia"],"picked":"hierophant:Smite","floor":8},{"not_picked":["hierophant:EyeForCoin","hierophant:Rebuild"],"picked":"hierophant:RepressedViolence","floor":10},{"not_picked":["hierophant:Doubloon","hierophant:Encroach"],"picked":"hierophant:RustyCrate","floor":12},{"not_picked":["hierophant:Remorse","hierophant:MorningPrayer","hierophant:Racketeering"],"picked":"SKIP","floor":13}],"player_experience":17879,"relics_obtained":[{"floor":9,"key":"Vajra"}],"event_choices":[{"damage_healed":0,"gold_gain":175,"player_choice":"AGREE","damage_taken":0,"max_hp_gain":0,"max_hp_loss":0,"event_name":"Liars Game","floor":2,"gold_loss":0,"cards_obtained":["Doubt"]},{"damage_healed":0,"gold_gain":58,"player_choice":"Gained Gold","damage_taken":0,"max_hp_gain":0,"max_hp_loss":0,"event_name":"Golden Wing","floor":3,"gold_loss":0},{"cards_removed":["Doubt"],"damage_healed":0,"gold_gain":0,"player_choice":"Offered Curse","damage_taken":0,"relics_obtained":["Spirit Poop"],"max_hp_gain":0,"max_hp_loss":0,"event_name":"Bonfire Elementals","floor":4,"gold_loss":0}],"is_beta":false,"boss_relics":[],"items_purged_floors":[],"is_endless":false,"potions_floor_spawned":[1,6,12],"killed_by":"The Guardian","ascension_level":0}}