{"host":"bf9sa99gaumonoeu","time":1610161635,"event":{"mods":["AchievementEnabler","Act Like it!","BaseMod","Better Sensory Stone","Colored Map","Colored Powertips","Downfall","Friendly Minions","Gensokyo","GifTheSpireLib","Googly Eyes","Hallownest","Hermit","Jorbs\u0027s Wanderer Trilogy","KinomotoSakuraMod(????)","Koishi","Lobotomy","Marisa????????","Minty Spire (QoL Compilation)","Rare Cards Sparkle","Reimu??????","Relic Stats","Remilia??????","StSLib","The Administrix","The Animator","The Blue Laboratory","The Bug Knight","The Construct","The Cursed","The Disciple","The Hierophant","The Mystic","The Necromancer","The Poker Player","The Runesmith","The Senshi","The Servant 0.9.4","TheLocksmith"],"gold_per_floor":[115,129,143,159,177,177,207,207,207,225,238,269,285,235,235,235,235],"floor_reached":16,"playtime":963,"items_purged":[],"score":191,"play_id":"7be0d2eb-87f7-439e-a1fd-5471b5ff1c6e","local_time":"20210109010715","is_ascension_mode":true,"campfire_choices":[{"data":"Wild Strike","floor":6,"key":"SMITH"},{"data":"True Grit","floor":8,"key":"SMITH"},{"data":"Armaments","floor":15,"key":"SMITH"}],"circlet_count":0,"master_deck":["AscendersBane","Strike_R","Strike_R","Strike_R","Strike_R","Defend_R","Defend_R","Defend_R","Defend_R","Bash","Wild Strike+1","Shockwave","Shrug It Off","Headbutt","Cleave","True Grit+1","Shrug It Off","Carnage","Dark Embrace+1","Armaments+1","Pummel"],"relics":["Burning Blood","Frozen Egg 2","Blue Candle","theSenshi:FeatherClipsRelic"],"acts_visited":["Exordium"],"potions_floor_usage":[7,7,12,16],"damage_taken":[{"damage":1,"enemies":"2 Louse","floor":1,"turns":4},{"damage":7,"enemies":"Small Slimes","floor":2,"turns":3},{"damage":4,"enemies":"Jaw Worm","floor":3,"turns":3},{"damage":6,"enemies":"Looter","floor":4,"turns":4},{"damage":9,"enemies":"3 Louse","floor":5,"turns":6},{"damage":30,"enemies":"3 Sentries","floor":7,"turns":7},{"damage":6,"enemies":"2 Fungi Beasts","floor":10,"turns":3},{"damage":1,"enemies":"Exordium Thugs","floor":11,"turns":5},{"damage":16,"enemies":"Gremlin Nob","floor":12,"turns":3},{"damage":8,"enemies":"Blue Slaver","floor":13,"turns":3},{"damage":90,"enemies":"Hexaghost","floor":16,"turns":14}],"seed_played":"-7318671404688800095","potions_obtained":[{"floor":1,"key":"ElixirPotion"},{"floor":5,"key":"Regen Potion"},{"floor":7,"key":"blueLaboratory:FruitPreserves"},{"floor":10,"key":"Swift Potion"}],"is_trial":false,"path_per_floor":["M","M","M","M","M","R","E","R","T","M","M","E","M","?","R","B"],"character_chosen":"IRONCLAD","items_purchased":[],"campfire_rested":0,"item_purchase_floors":[],"current_hp_per_floor":[77,76,78,78,75,75,66,66,66,66,71,61,65,65,65,0,0],"gold":235,"neow_bonus":"THREE_CARDS","is_daily":false,"chose_seed":false,"campfire_upgraded":3,"win_rate":0.0,"timestamp":1610161635,"path_taken":["M","M","M","M","M","R","E","R","T","M","M","E","M","?","R","BOSS"],"items_purchased_type":[],"build_version":"2020-12-22","purchased_purges":0,"victory":false,"max_hp_per_floor":[80,80,80,80,80,80,80,80,80,80,80,80,80,80,80,80,80],"relic_stats":{"counters":[11,55],"Blue Candle":[0],"obtain_stats":[{"Blue Candle":9,"theSenshi:FeatherClipsRelic":12,"Frozen Egg 2":7,"Burning Blood":0},{"Blue Candle":6,"theSenshi:FeatherClipsRelic":9,"Frozen Egg 2":6,"Burning Blood":0},{"Blue Candle":27,"theSenshi:FeatherClipsRelic":38,"Frozen Egg 2":27,"Burning Blood":0}],"Burning Blood":60},"card_choices":[{"not_picked":["Sword Boomerang","Flex"],"picked":"Wild Strike","floor":0},{"not_picked":["True Grit","Power Through"],"picked":"Shockwave","floor":1},{"not_picked":["Headbutt","Thunderclap"],"picked":"Shrug It Off","floor":2},{"not_picked":["Sever Soul","Intimidate"],"picked":"Headbutt","floor":3},{"not_picked":["Sword Boomerang","Shrug It Off"],"picked":"Cleave","floor":4},{"not_picked":["Twin Strike","Armaments"],"picked":"True Grit","floor":5},{"not_picked":["Rage","Warcry"],"picked":"Shrug It Off","floor":7},{"not_picked":["Cleave","Juggernaut+1"],"picked":"Carnage","floor":10},{"not_picked":["Sword Boomerang","Thunderclap"],"picked":"Dark Embrace+1","floor":11},{"not_picked":["Pommel Strike","Thunderclap"],"picked":"Armaments","floor":12},{"not_picked":["Thunderclap","Rage"],"picked":"Pummel","floor":13}],"player_experience":886126,"relics_obtained":[{"floor":7,"key":"Frozen Egg 2"},{"floor":9,"key":"Blue Candle"},{"floor":12,"key":"theSenshi:FeatherClipsRelic"}],"event_choices":[{"cards_removed":["Strike_R"],"damage_healed":0,"gold_gain":0,"player_choice":"Card Removal","damage_taken":0,"max_hp_gain":0,"max_hp_loss":0,"event_name":"The Cleric","floor":14,"gold_loss":50}],"is_beta":false,"boss_relics":[],"items_purged_floors":[],"is_endless":false,"potions_floor_spawned":[1,5,7,10],"killed_by":"Hexaghost","ascension_level":13}}