{"host":"3y2rtlgteqp2nuo3","time":1610186231,"event":{"mods":["2.2 Compatiblity","AchievementEnabler","BaseMod","Colored Map","DeckTracker","Highlight Path","Keyboard Shortcuts","Minty Spire (QoL Compilation)","Permanent Neow","Quick Restart","StSLib","SuperFastMode","everything is the same but u backflip on backflip"],"gold_per_floor":[109,123,137,156,172,172,172],"floor_reached":6,"playtime":148,"items_purged":[],"score":68,"play_id":"dc2a6883-f71c-4dcc-987a-4258297d6cbf","local_time":"20210109185711","is_ascension_mode":true,"campfire_choices":[],"circlet_count":0,"master_deck":["AscendersBane","Strike_B","Strike_B","Strike_B","Strike_B","Defend_B","Defend_B","Defend_B","Defend_B","Zap","Dualcast","Compile Driver","Chill","Darkness","Rebound","Sweeping Beam"],"relics":["Cracked Core"],"acts_visited":["Exordium"],"potions_floor_usage":[],"damage_taken":[{"damage":7.0,"enemies":"Jaw Worm","floor":1.0,"turns":3.0},{"damage":0.0,"enemies":"Cultist","floor":2.0,"turns":4.0},{"damage":0.0,"enemies":"2 Louse","floor":3.0,"turns":2.0},{"damage":6.0,"enemies":"2 Fungi Beasts","floor":4.0,"turns":3.0},{"damage":24.0,"enemies":"Large Slime","floor":5.0,"turns":5.0},{"damage":0,"enemies":"Gremlin Nob","floor":6,"turns":1}],"seed_played":"-2078486308324894871","potions_obtained":[{"floor":1.0,"key":"SpeedPotion"},{"floor":5.0,"key":"FearPotion"}],"is_trial":false,"path_per_floor":["M","M","M","M","M","E"],"character_chosen":"DEFECT","items_purchased":[],"campfire_rested":0,"item_purchase_floors":[],"current_hp_per_floor":[57,57,57,51,27,27,27],"gold":172,"neow_bonus":"THREE_CARDS","is_daily":false,"chose_seed":false,"campfire_upgraded":0,"win_rate":0.0,"timestamp":1610186231,"path_taken":["M","M","M","M","M","E"],"items_purchased_type":[],"build_version":"2020-12-22","purchased_purges":0,"victory":false,"max_hp_per_floor":[71,71,71,71,71,71,71],"card_choices":[{"not_picked":["Hello World","Gash"],"picked":"Compile Driver","floor":0.0},{"not_picked":["Beam Cell","Gash"],"picked":"Chill","floor":1.0},{"not_picked":["Gash","Sweeping Beam"],"picked":"Darkness","floor":2.0},{"not_picked":["Compile Driver","Heatsinks","Gash"],"picked":"SKIP","floor":3.0},{"not_picked":["Steam","Redo"],"picked":"Rebound","floor":4.0},{"not_picked":["Loop","Conserve Battery"],"picked":"Sweeping Beam","floor":5.0}],"player_experience":646681,"relics_obtained":[],"event_choices":[],"is_beta":false,"boss_relics":[],"items_purged_floors":[],"is_endless":false,"potions_floor_spawned":[1,5],"killed_by":"Gremlin Nob","ascension_level":14}}