{"host":"5wznv0010959mrmz","time":1610210997,"event":{"mods":["BaseMod","Highlight Path","Minty Spire (QoL Compilation)","Relic Stats"],"gold_per_floor":[114,134,149,149,160,195,195,195,195,215,54,81,98,161,161,161,161],"floor_reached":16,"playtime":523,"items_purged":[],"score":224,"play_id":"9e6044cb-f2ea-4f6a-9eff-99fe056be898","local_time":"20210109104957","is_ascension_mode":true,"campfire_choices":[{"data":"Dagger Spray","floor":7,"key":"SMITH"},{"data":"Prepared","floor":15,"key":"SMITH"}],"circlet_count":0,"master_deck":["AscendersBane","Strike_G","Strike_G","Strike_G","Strike_G","Defend_G+1","Defend_G","Defend_G","Defend_G","Defend_G+1","Survivor","Neutralize","Blade Dance","Finisher","Backstab","Skewer","Dagger Throw","Dagger Spray+1","Reflex","Prepared+1"],"relics":["Ring of the Snake","Happy Flower","Meat on the Bone","Orichalcum","Oddly Smooth Stone","Bronze Scales"],"acts_visited":["Exordium"],"potions_floor_usage":[10,12,13,16],"damage_taken":[{"damage":13,"enemies":"Jaw Worm","floor":1,"turns":6},{"damage":0,"enemies":"Cultist","floor":2,"turns":4},{"damage":0,"enemies":"2 Louse","floor":3,"turns":2},{"damage":1,"enemies":"2 Fungi Beasts","floor":5,"turns":3},{"damage":8,"enemies":"Gremlin Nob","floor":6,"turns":3},{"damage":2,"enemies":"Large Slime","floor":10,"turns":4},{"damage":2,"enemies":"3 Sentries","floor":12,"turns":4},{"damage":0,"enemies":"3 Louse","floor":13,"turns":2},{"damage":5,"enemies":"3 Sentries","floor":14,"turns":4},{"damage":50,"enemies":"Slime Boss","floor":16,"turns":5}],"seed_played":"-8640860009864852331","potions_obtained":[{"floor":5,"key":"Fruit Juice"},{"floor":6,"key":"FearPotion"},{"floor":10,"key":"CunningPotion"},{"floor":12,"key":"GamblersBrew"}],"is_trial":false,"path_per_floor":["M","M","M","?","M","E","R","?","T","M","$","E","M","?","R","B"],"character_chosen":"THE_SILENT","items_purchased":["Orichalcum"],"campfire_rested":0,"item_purchase_floors":[11],"current_hp_per_floor":[46,46,46,46,45,37,37,17,17,32,32,42,42,37,37,0,0],"gold":161,"neow_bonus":"RANDOM_COMMON_RELIC","is_daily":false,"chose_seed":false,"campfire_upgraded":2,"win_rate":0.0,"timestamp":1610210997,"path_taken":["M","M","M","?","?","E","R","?","T","M","$","E","M","?","R","BOSS"],"items_purchased_type":["Relic"],"build_version":"2020-12-22","purchased_purges":0,"victory":false,"max_hp_per_floor":[66,66,66,66,66,66,66,66,66,71,71,71,71,71,71,71,71],"relic_stats":{"Happy Flower":[12],"counters":[10,37],"Bronze Scales":[6],"Orichalcum":[24],"obtain_stats":[{"Happy Flower":0,"Bronze Scales":14,"Oddly Smooth Stone":12,"Orichalcum":11,"Ring of the Snake":0,"Meat on the Bone":6},{"Happy Flower":0,"Bronze Scales":9,"Oddly Smooth Stone":7,"Orichalcum":6,"Ring of the Snake":0,"Meat on the Bone":5},{"Happy Flower":0,"Bronze Scales":32,"Oddly Smooth Stone":26,"Orichalcum":22,"Ring of the Snake":0,"Meat on the Bone":18}],"Ring of the Snake":[20],"Meat on the Bone":24},"card_choices":[{"not_picked":["Backflip","Flying Knee"],"picked":"Blade Dance","floor":1},{"not_picked":["Skewer","Underhanded Strike"],"picked":"Finisher","floor":2},{"not_picked":["Dagger Throw","Well Laid Plans"],"picked":"Backstab","floor":3},{"not_picked":["Outmaneuver","Quick Slash"],"picked":"Dagger Throw","floor":5},{"not_picked":["Flying Knee","A Thousand Cuts"],"picked":"Dagger Spray","floor":6},{"not_picked":["Flying Knee","Poisoned Stab"],"picked":"Reflex","floor":10},{"not_picked":["Bouncing Flask","PiercingWail","Dagger Spray"],"picked":"SKIP","floor":12},{"not_picked":["Choke","Backflip"],"picked":"Prepared","floor":13}],"player_experience":425981,"relics_obtained":[{"floor":6,"key":"Meat on the Bone"},{"floor":12,"key":"Oddly Smooth Stone"},{"floor":14,"key":"Bronze Scales"}],"event_choices":[{"damage_healed":0,"gold_gain":0,"cards_transformed":["Strike_G"],"player_choice":"Transformed","damage_taken":0,"max_hp_gain":0,"max_hp_loss":0,"event_name":"Transmorgrifier","floor":4,"gold_loss":0,"cards_obtained":["Skewer"]},{"damage_healed":0,"gold_gain":0,"player_choice":"Entered Light","damage_taken":20,"max_hp_gain":0,"max_hp_loss":0,"event_name":"Shining Light","floor":8,"gold_loss":0,"cards_upgraded":["Defend_G","Defend_G"]},{"damage_healed":0,"gold_gain":0,"player_choice":"Searched \u00272\u0027 times","damage_taken":0,"max_hp_gain":0,"max_hp_loss":0,"event_name":"Dead Adventurer","floor":14,"gold_loss":0}],"is_beta":false,"boss_relics":[],"items_purged_floors":[],"is_endless":false,"potions_floor_spawned":[5,6,10,12],"killed_by":"Slime Boss","ascension_level":20}}