{"host":"bf9sa99gaumonoeu","time":1610222004,"event":{"mods":["AchievementEnabler","Act Like it!","BaseMod","Better Sensory Stone","Colored Map","Colored Powertips","Downfall","Friendly Minions","Gensokyo","GifTheSpireLib","Googly Eyes","Hallownest","Hermit","Jorbs\u0027s Wanderer Trilogy","KinomotoSakuraMod(????)","Koishi","Lobotomy","Marisa????????","Minty Spire (QoL Compilation)","Rare Cards Sparkle","Reimu??????","Relic Stats","Remilia??????","StSLib","The Administrix","The Animator","The Bug Knight","The Construct","The Cursed","The Disciple","The Hierophant","The Mystic","The Necromancer","The Poker Player","The Runesmith","The Senshi","The Servant 0.9.4","TheLocksmith"],"gold_per_floor":[130,142,142,56,80,80,114,114,114,147,186,270,293,5,5,108,133,147,147,164,179,199,199,56,56,107,119,147,172,172,172,172],"floor_reached":31,"playtime":3842,"items_purged":["animator:Guy"],"score":382,"play_id":"ee0b9b7f-a1d0-4685-8d8e-dd4ef604e046","local_time":"20210109175324","is_ascension_mode":true,"campfire_choices":[{"data":"animator:DolaRiku","floor":6.0,"key":"SMITH"},{"data":"animator:DolaStephanie","floor":8.0,"key":"SMITH"},{"floor":15,"key":"REST"},{"floor":23,"key":"REST"},{"floor":25,"key":"REST"},{"floor":30,"key":"RECALL"}],"circlet_count":0,"master_deck":["AscendersBane","animator:Strike_NoGameNoLife","animator:Defend_NoGameNoLife","animator:DolaSchwi","animator:DolaCouronne","animator:TukaLunaMarceau","animator:KrulTepes+1","animator:Strike_Elsword","animator:Strike_HitsugiNoChaika","animator:Defend_Konosuba","animator:Defend_Katanagatari+1","animator:Defend_GoblinSlayer","animator:DolaRiku+1","animator:DolaStephanie+1","animator:EmiyaShirou","animator:FielNirvalen","animator:ChlammyZell","animator:Gilgamesh+3","animator:Caster","animator:Arpeggio","animator:Darkness","animator:LeleiLaLalena","animator:GuildGirl","Writhe"],"relics":["animator:LivingPicture","animator:TheMissingPiece","Blood Vial","animator:WornHelmet","MawBank","Ornamental Fan","FossilizedHelix","Blood Vial","Fusion Hammer","Boot","animator:Buoy"],"acts_visited":["Exordium","TheCity"],"potions_floor_usage":[13,16,20,27,28],"damage_taken":[{"damage":0.0,"enemies":"Cultist","floor":1.0,"turns":4.0},{"damage":0.0,"enemies":"Small Slimes","floor":2.0,"turns":4.0},{"damage":0.0,"enemies":"2 Louse","floor":5.0,"turns":3.0},{"damage":14.0,"enemies":"Lagavulin","floor":7.0,"turns":7.0},{"damage":0.0,"enemies":"Blue Slaver","floor":10.0,"turns":4.0},{"damage":1,"enemies":"Looter","floor":11,"turns":4},{"damage":33,"enemies":"Gremlin Nob","floor":12,"turns":5},{"damage":4,"enemies":"Large Slime","floor":13,"turns":8},{"damage":8,"enemies":"Slime Boss","floor":16,"turns":8},{"damage":12,"enemies":"3 Byrds","floor":18,"turns":4},{"damage":11,"enemies":"Spheric Guardian","floor":20,"turns":5},{"damage":21,"enemies":"Cultist and Chosen","floor":21,"turns":8},{"damage":0,"enemies":"Snecko","floor":22,"turns":5},{"damage":0,"enemies":"Snake Plant","floor":27,"turns":4},{"damage":2,"enemies":"Centurion and Healer","floor":28,"turns":8},{"damage":85,"enemies":"3 Cultists","floor":31,"turns":5}],"seed_played":"-5887772836176382791","potions_obtained":[{"floor":7.0,"key":"Explosive Potion"},{"floor":10.0,"key":"Dexterity Potion"},{"floor":12,"key":"DuplicationPotion"},{"floor":16,"key":"BlessingOfTheForge"},{"floor":18,"key":"PowerPotion"},{"floor":22,"key":"Weak Potion"}],"is_trial":false,"path_per_floor":["M","M","?","?","M","R","E","R","T","M","M","?","M","$","R","B",null,"M","?","M","M","M","R","$","R","T","M","M","?","R","M"],"character_chosen":"THE_ANIMATOR","items_purchased":["FossilizedHelix","animator:GuildGirl"],"campfire_rested":3,"item_purchase_floors":[14,24],"current_hp_per_floor":[59,59,46,46,46,46,33,33,33,35,36,5,4,4,24,18,56,48,48,41,24,29,49,49,69,69,69,67,67,67,0,0],"gold":172,"neow_bonus":"REMOVE_CARD","is_daily":false,"chose_seed":false,"campfire_upgraded":2,"win_rate":0.0,"timestamp":1610222004,"path_taken":["M","M","?","?","M","R","E","R","T","M","M","?","?","$","R","BOSS","M","?","M","M","M","R","$","R","T","M","M","?","R","M"],"items_purchased_type":["Relic","Card"],"build_version":"2020-12-22","purchased_purges":1,"victory":false,"max_hp_per_floor":[66,66,66,66,66,66,67,67,67,67,67,67,68,68,68,68,68,68,68,68,68,69,69,69,69,69,69,69,69,69,69,69],"relic_stats":{"Blood Vial":28,"counters":[16,86],"Ornamental Fan":[32],"MawBank":60,"Boot":[2],"obtain_stats":[{"Blood Vial":7,"animator:Buoy":29,"Ornamental Fan":12,"animator:TheMissingPiece":0,"animator:LivingPicture":0,"Fusion Hammer":17,"animator:WornHelmet":7,"MawBank":9,"Boot":26,"FossilizedHelix":14},{"Blood Vial":4,"animator:Buoy":15,"Ornamental Fan":7,"animator:TheMissingPiece":0,"animator:LivingPicture":0,"Fusion Hammer":9,"animator:WornHelmet":4,"MawBank":4,"Boot":13,"FossilizedHelix":8},{"Blood Vial":18,"animator:Buoy":81,"Ornamental Fan":31,"animator:TheMissingPiece":0,"animator:LivingPicture":0,"Fusion Hammer":47,"animator:WornHelmet":18,"MawBank":18,"Boot":69,"FossilizedHelix":39}]},"card_choices":[{"not_picked":["animator:Vanir","animator:LizardPriest"],"picked":"animator:TukaLunaMarceau","floor":1.0},{"not_picked":["animator:Spearman","animator:HighElfArcher"],"picked":"animator:KrulTepes","floor":2.0},{"not_picked":["animator:Berserker","animator:Caster"],"picked":"animator:DolaRiku","floor":5.0},{"not_picked":["animator:Tet","animator:ChlammyZell"],"picked":"animator:DolaStephanie","floor":7.0},{"not_picked":["animator:Archer","animator:Vanir"],"picked":"animator:EmiyaShirou","floor":10.0},{"not_picked":["animator:LeleiLaLalena","animator:Jibril"],"picked":"animator:FielNirvalen","floor":11},{"not_picked":["animator:Yoichi","animator:DolaRiku"],"picked":"animator:Guy","floor":12},{"not_picked":["animator:DolaCouronne","animator:DolaRiku"],"picked":"animator:ChlammyZell","floor":13},{"not_picked":["animator:FeridBathory","animator:ChaikaTrabant"],"picked":"animator:Gilgamesh","floor":16},{"not_picked":["animator:Yoichi","animator:CrowleyEusford"],"picked":"animator:Caster","floor":18},{"not_picked":["animator:Layla+1","animator:Mikaela","animator:DwarfShaman"],"picked":"SKIP","floor":20},{"not_picked":["animator:Layla","animator:Tet"],"picked":"animator:Darkness","floor":21},{"not_picked":["animator:Arpeggio","animator:RoryMercury"],"picked":"animator:LeleiLaLalena","floor":22},{"not_picked":["animator:Priestess","animator:Berserker","animator:Verdia+1"],"picked":"SKIP","floor":27},{"not_picked":["animator:Witch","animator:Layla","animator:Viivi"],"picked":"SKIP","floor":28}],"player_experience":904091,"relics_obtained":[{"floor":7.0,"key":"Blood Vial"},{"floor":7.0,"key":"animator:WornHelmet"},{"floor":9.0,"key":"MawBank"},{"floor":12,"key":"Ornamental Fan"},{"floor":16,"key":"Blood Vial"},{"floor":26,"key":"Boot"}],"event_choices":[{"damage_healed":0.0,"max_hp_gain":0.0,"max_hp_loss":0.0,"gold_gain":0.0,"event_name":"Shining Light","player_choice":"Entered Light","floor":3.0,"gold_loss":0.0,"damage_taken":13.0,"cards_upgraded":["animator:Defend","animator:KrulTepes"]},{"damage_healed":0,"gold_gain":30,"player_choice":"Searched \u00272\u0027 times","damage_taken":0,"max_hp_gain":0,"max_hp_loss":0,"event_name":"Dead Adventurer","floor":12,"gold_loss":0},{"damage_healed":0,"gold_gain":0,"player_choice":"Read","damage_taken":0,"max_hp_gain":0,"max_hp_loss":0,"event_name":"The Library","floor":19,"gold_loss":0,"cards_obtained":["animator:Arpeggio"]},{"damage_healed":0,"gold_gain":0,"player_choice":"Opened","damage_taken":0,"relics_obtained":["animator:Buoy"],"max_hp_gain":0,"max_hp_loss":0,"event_name":"The Mausoleum","floor":29,"gold_loss":0,"cards_obtained":["Writhe"]}],"is_beta":false,"boss_relics":[{"not_picked":["construct:ClawGrip","Runic Dome"],"picked":"Fusion Hammer"}],"items_purged_floors":[24],"is_endless":false,"potions_floor_spawned":[7,10,12,16,18,22],"killed_by":"3 Cultists","ascension_level":12}}