{"host":"vjkx177ju3wjmzef","time":1610228910,"event":{"mods":["BaseMod","Block Reminder","Colored Map","Colored Powertips","DeckTracker","Googly Eyes","Highlight Path","Minty Spire (QoL Compilation)","Quick Restart","Random Character Button","Relic Stats","Replay The Spire","StSLib"],"gold_per_floor":[118,118,133,133,195,215,215,215,215],"floor_reached":8,"playtime":459,"items_purged":[],"score":46,"play_id":"740be584-fcd8-4d1f-b015-e969de395ac5","local_time":"20210109154830","is_ascension_mode":false,"campfire_choices":[{"data":"Prostrate","floor":7,"key":"SMITH"}],"circlet_count":0,"master_deck":["Strike_P+1","Strike_P","Strike_P","Strike_P","Defend_P","Defend_P+1","Defend_P","Defend_P","Eruption","Vigilance","CutThroughFate","Prostrate+1","Halt","ClearTheMind"],"relics":["PureWater","Art of War","Garlic"],"acts_visited":["Exordium"],"potions_floor_usage":[8],"damage_taken":[{"damage":0,"enemies":"2 Louse","floor":1,"turns":2},{"damage":0,"enemies":"Small Slimes","floor":3,"turns":4},{"damage":3,"enemies":"Jaw Worm","floor":6,"turns":2},{"damage":29,"enemies":"3 Sentries","floor":8,"turns":9}],"seed_played":"5410016191970115637","potions_obtained":[{"floor":5,"key":"Elixir"},{"floor":6,"key":"SpeedPotion"}],"is_trial":false,"path_per_floor":["M","?","M","?","?","M","R","E"],"character_chosen":"WATCHER","items_purchased":[],"campfire_rested":0,"item_purchase_floors":[],"current_hp_per_floor":[79,63,63,51,32,29,29,0,0],"gold":215,"neow_bonus":"TEN_PERCENT_HP_BONUS","is_daily":false,"chose_seed":false,"campfire_upgraded":1,"win_rate":0.0,"timestamp":1610228910,"path_taken":["M","?","M","?","?","M","R","E"],"items_purchased_type":[],"build_version":"2020-12-22","purchased_purges":0,"victory":false,"max_hp_per_floor":[79,79,79,79,79,79,79,79,79],"relic_stats":{"counters":[4,17],"Art of War":[2],"obtain_stats":[{"Art of War":4,"Garlic":5,"PureWater":0},{"Art of War":2,"Garlic":2,"PureWater":0},{"Art of War":6,"Garlic":6,"PureWater":0}]},"card_choices":[{"not_picked":["PathToVictory","WheelKick"],"picked":"CutThroughFate","floor":1},{"not_picked":["Replay:BluntJabs","Vengeance"],"picked":"Prostrate","floor":3},{"not_picked":["Crescendo","Evaluate"],"picked":"Halt","floor":5},{"not_picked":["SashWhip","Evaluate"],"picked":"ClearTheMind","floor":6}],"player_experience":157803,"relics_obtained":[{"floor":5,"key":"Garlic"}],"event_choices":[{"damage_healed":0,"gold_gain":0,"player_choice":"Entered Light","damage_taken":16,"max_hp_gain":0,"max_hp_loss":0,"event_name":"Shining Light","floor":2,"gold_loss":0,"cards_upgraded":["Strike_P","Defend_P"]},{"damage_healed":0,"gold_gain":0,"player_choice":"Success","damage_taken":12,"relics_obtained":["Art of War"],"max_hp_gain":0,"max_hp_loss":0,"event_name":"Scrap Ooze","floor":4,"gold_loss":0}],"is_beta":false,"boss_relics":[],"items_purged_floors":[],"is_endless":false,"potions_floor_spawned":[6],"killed_by":"3 Sentries","ascension_level":0}}