{"host":"k6u7q08ihsmpx7o5","time":1610211525,"event":{"mods":["BaseMod","Bestiary","Filter the Spire","Minty Spire (QoL Compilation)","Permanent Neow","Relic Stats","StSLib"],"gold_per_floor":[111,126,146,157,157,187,219,231,296,335,363,404,491,503,515,604,616,639,676,700,217,217,246,258,258,282,312,328,328,128,145,145,223,223,242,253,475,493,504,504,530,544,590,130,180,207,226,251,251,251,251,251],"floor_reached":51,"playtime":2500,"items_purged":["Strike_G","Strike_G+1","Well Laid Plans"],"score":1848,"play_id":"39ecda67-48d8-4b6e-97e3-619792d7e04b","local_time":"20210109175845","is_ascension_mode":true,"campfire_choices":[{"data":"Cloak And Dagger","floor":8.0,"key":"SMITH"},{"data":"Neutralize","floor":15.0,"key":"SMITH"},{"data":"Cloak And Dagger","floor":25,"key":"SMITH"},{"floor":32,"key":"DIG"},{"floor":40,"key":"DIG"},{"floor":49,"key":"RECALL"}],"circlet_count":0,"master_deck":["AscendersBane","Strike_G+1","Strike_G+1","Defend_G+1","Defend_G+1","Defend_G+1","Defend_G+1","Defend_G+1","Survivor","Neutralize+1","Masterful Stab","Cloak And Dagger+1","Slice","Endless Agony","Heel Hook","Slice","Backstab","Corpse Explosion","Leg Sweep","Cloak And Dagger+1","Terror+1","Blade Dance+1","Blade Dance","Acrobatics","Panacea","Backflip+1","Tools of the Trade","Outmaneuver+1","Blade Dance","Sucker Punch+1"],"relics":["WristBlade","MawBank","Pen Nib","Darkstone Periapt","Lantern","Coffee Dripper","Red Mask","Lee\u0027s Waffle","War Paint","Anchor","Potion Belt","Shovel","MutagenicStrength","Bag of Preparation","Runic Pyramid","Juzu Bracelet","Bag of Marbles","Chemical X","Strawberry","Toy Ornithopter","Pear"],"acts_visited":["Exordium","TheCity","TheBeyond"],"potions_floor_usage":[41,47,50,50,50,50,50,50,51],"damage_taken":[{"damage":0.0,"enemies":"Jaw Worm","floor":1.0,"turns":5.0},{"damage":0.0,"enemies":"Cultist","floor":2.0,"turns":4.0},{"damage":0.0,"enemies":"Small Slimes","floor":3.0,"turns":2.0},{"damage":1.0,"enemies":"Exordium Thugs","floor":4.0,"turns":4.0},{"damage":5.0,"enemies":"Gremlin Nob","floor":6.0,"turns":3.0},{"damage":0.0,"enemies":"2 Fungi Beasts","floor":7.0,"turns":2.0},{"damage":10.0,"enemies":"Lagavulin","floor":10.0,"turns":3.0},{"damage":0.0,"enemies":"Looter","floor":11.0,"turns":2.0},{"damage":0.0,"enemies":"Gremlin Nob","floor":12.0,"turns":3.0},{"damage":13.0,"enemies":"Slime Boss","floor":16.0,"turns":7.0},{"damage":0.0,"enemies":"3 Byrds","floor":18.0,"turns":2.0},{"damage":23.0,"enemies":"Masked Bandits","floor":19.0,"turns":4.0},{"damage":7.0,"enemies":"Chosen","floor":20.0,"turns":4.0},{"damage":0,"enemies":"Book of Stabbing","floor":23,"turns":4},{"damage":2,"enemies":"Centurion and Healer","floor":24,"turns":4},{"damage":9,"enemies":"Gremlin Leader","floor":27,"turns":5},{"damage":0,"enemies":"Snecko","floor":28,"turns":2},{"damage":0,"enemies":"Cultist and Chosen","floor":31,"turns":1},{"damage":10,"enemies":"Champ","floor":33,"turns":7},{"damage":0,"enemies":"3 Darklings","floor":35,"turns":2},{"damage":0,"enemies":"Orb Walker","floor":36,"turns":3},{"damage":0,"enemies":"Transient","floor":38,"turns":6},{"damage":0,"enemies":"3 Darklings","floor":39,"turns":1},{"damage":0,"enemies":"Reptomancer","floor":41,"turns":2},{"damage":0,"enemies":"Maw","floor":42,"turns":4},{"damage":0,"enemies":"Giant Head","floor":46,"turns":2},{"damage":0,"enemies":"Spire Growth","floor":47,"turns":3},{"damage":0,"enemies":"Reptomancer","floor":48,"turns":3},{"damage":114,"enemies":"Time Eater","floor":50,"turns":11},{"damage":16,"enemies":"Donu and Deca","floor":51,"turns":4}],"seed_played":"8740196566441768239","potions_obtained":[{"floor":1.0,"key":"AttackPotion"},{"floor":6.0,"key":"SkillPotion"},{"floor":7.0,"key":"Poison Potion"},{"floor":10.0,"key":"Explosive Potion"},{"floor":11.0,"key":"Swift Potion"},{"floor":14.0,"key":"FearPotion"},{"floor":19.0,"key":"Explosive Potion"},{"floor":20.0,"key":"Poison Potion"},{"floor":27,"key":"Block Potion"},{"floor":28,"key":"Fire Potion"},{"floor":38,"key":"EntropicBrew"},{"floor":41,"key":"Swift Potion"}],"is_trial":false,"path_per_floor":["M","M","M","M","?","E","M","R","T","E","M","E","?","?","R","B",null,"M","?","M","$","?","E","M","R","T","E","M","?","$","M","R","B",null,"M","M","?","M","M","R","E","M","T","$","?","E","M","E","R","B","B"],"character_chosen":"THE_SILENT","items_purchased":["Lee\u0027s Waffle","Cloak And Dagger","Terror","War Paint","Panacea","Chemical X","Strawberry"],"campfire_rested":0,"item_purchase_floors":[21,21,21,21,30,44,44],"current_hp_per_floor":[59,59,59,58,58,53,53,53,53,43,43,43,32,32,32,19,54,54,31,24,73,73,73,71,71,71,62,62,62,62,62,62,52,68,68,68,68,68,68,68,68,68,68,75,75,75,80,90,90,6,0,0],"gold":251,"neow_bonus":"BOSS_RELIC","is_daily":false,"chose_seed":false,"campfire_upgraded":3,"win_rate":0.0,"timestamp":1610211525,"path_taken":["M","M","M","M","?","E","M","R","T","E","?","E","?","?","R","BOSS","M","?","M","$","?","E","M","R","T","E","M","?","$","M","R","BOSS","M","M","?","M","M","R","E","M","T","$","?","E","M","E","R","BOSS","BOSS"],"items_purchased_type":["Relic","Card","Card","Relic","Card","Relic","Relic"],"build_version":"2020-12-22","purchased_purges":3,"victory":false,"max_hp_per_floor":[66,66,66,66,66,66,66,66,66,66,66,66,66,66,66,66,66,66,66,66,73,73,73,73,73,73,73,73,73,73,73,73,73,73,73,73,73,73,73,73,73,73,73,80,80,80,80,90,90,90,90,90],"relic_stats":{"Darkstone Periapt":0,"Lee\u0027s Waffle":49,"Shovel":2,"counters":[30,109],"Pen Nib":[35],"Bag of Preparation":[27],"Juzu Bracelet":0,"Chemical X":[1],"War Paint":["Terror","Defend_G"],"MawBank":180,"obtain_stats":[{"Darkstone Periapt":10,"Potion Belt":26,"Lantern":12,"Lee\u0027s Waffle":21,"Pear":48,"Pen Nib":9,"Bag of Preparation":32,"Juzu Bracelet":40,"War Paint":21,"MawBank":6,"Anchor":23,"Shovel":27,"WristBlade":0,"MutagenicStrength":29,"Strawberry":44,"Coffee Dripper":17,"Red Mask":19,"Bag of Marbles":41,"Chemical X":44,"Toy Ornithopter":46,"Ring of the Snake":0,"Runic Pyramid":34},{"Darkstone Periapt":7,"Potion Belt":15,"Lantern":9,"Lee\u0027s Waffle":13,"Pear":28,"Pen Nib":6,"Bag of Preparation":18,"Juzu Bracelet":23,"War Paint":13,"MawBank":5,"Anchor":14,"Shovel":16,"WristBlade":0,"MutagenicStrength":17,"Strawberry":25,"Coffee Dripper":10,"Red Mask":12,"Bag of Marbles":24,"Chemical X":25,"Toy Ornithopter":26,"Ring of the Snake":0,"Runic Pyramid":19},{"Darkstone Periapt":23,"Potion Belt":53,"Lantern":28,"Lee\u0027s Waffle":45,"Pear":94,"Pen Nib":20,"Bag of Preparation":61,"Juzu Bracelet":80,"War Paint":45,"MawBank":18,"Anchor":49,"Shovel":58,"WristBlade":0,"MutagenicStrength":60,"Strawberry":86,"Coffee Dripper":35,"Red Mask":41,"Bag of Marbles":82,"Chemical X":86,"Toy Ornithopter":88,"Ring of the Snake":0,"Runic Pyramid":68}],"Toy Ornithopter":40},"card_choices":[{"not_picked":["Calculated Gamble","Dagger Throw"],"picked":"Masterful Stab","floor":1.0},{"not_picked":["Leg Sweep","Flechettes"],"picked":"Cloak And Dagger","floor":2.0},{"not_picked":["Terror","Leg Sweep"],"picked":"Slice","floor":3.0},{"not_picked":["Flying Knee","Catalyst"],"picked":"Endless Agony","floor":4.0},{"not_picked":["Predator","Setup","Choke"],"picked":"SKIP","floor":6.0},{"not_picked":["Bane","Blur"],"picked":"Slice","floor":7.0},{"not_picked":["Outmaneuver","Underhanded Strike","Sucker Punch"],"picked":"SKIP","floor":10.0},{"not_picked":["Outmaneuver","Underhanded Strike","Sucker Punch"],"picked":"SKIP","floor":10.0},{"not_picked":["Flechettes","All Out Attack"],"picked":"Backstab","floor":11.0},{"not_picked":["Outmaneuver","Leg Sweep"],"picked":"Well Laid Plans","floor":12.0},{"not_picked":["Grand Finale","Wraith Form v2"],"picked":"Corpse Explosion","floor":16.0},{"not_picked":["Dodge and Roll","Deadly Poison","Quick Slash"],"picked":"SKIP","floor":18.0},{"not_picked":["Dash","Caltrops"],"picked":"Leg Sweep","floor":20.0},{"not_picked":["A Thousand Cuts","Finisher","Leg Sweep"],"picked":"SKIP","floor":23},{"not_picked":["Deflect","Dash+1"],"picked":"Blade Dance+1","floor":24},{"not_picked":["Terror","Finisher"],"picked":"Blade Dance","floor":27},{"not_picked":["Quick Slash","Eviscerate"],"picked":"Acrobatics","floor":28},{"not_picked":["Underhanded Strike","Poisoned Stab"],"picked":"Backflip+1","floor":31},{"not_picked":["Corpse Explosion","A Thousand Cuts"],"picked":"Tools of the Trade","floor":33},{"not_picked":["Bouncing Flask","Expertise"],"picked":"Outmaneuver+1","floor":35},{"not_picked":["Poisoned Stab","Predator","Quick Slash"],"picked":"SKIP","floor":36},{"not_picked":["Noxious Fumes","Dodge and Roll","Predator"],"picked":"SKIP","floor":38},{"not_picked":["Setup","Blade Dance","Poisoned Stab+1"],"picked":"SKIP","floor":39},{"not_picked":["Setup","Poisoned Stab+1"],"picked":"Blade Dance","floor":39},{"not_picked":["Deadly Poison+1","Cloak And Dagger","Riddle With Holes"],"picked":"SKIP","floor":41},{"not_picked":["Slice","All Out Attack+1","Distraction+1"],"picked":"SKIP","floor":42},{"not_picked":["Quick Slash","Unload","Dagger Spray"],"picked":"SKIP","floor":46},{"not_picked":["Quick Slash","Unload","Dagger Spray"],"picked":"SKIP","floor":46},{"not_picked":["Deflect","Flying Knee+1","Blade Dance"],"picked":"SKIP","floor":47},{"not_picked":["Dodge and Roll","Backstab"],"picked":"Sucker Punch+1","floor":48}],"player_experience":1979911,"relics_obtained":[{"floor":6.0,"key":"MawBank"},{"floor":9.0,"key":"Pen Nib"},{"floor":10.0,"key":"Darkstone Periapt"},{"floor":12.0,"key":"Lantern"},{"floor":19.0,"key":"Red Mask"},{"floor":23,"key":"Anchor"},{"floor":26,"key":"Potion Belt"},{"floor":27,"key":"Shovel"},{"floor":32,"key":"Bag of Preparation"},{"floor":40,"key":"Juzu Bracelet"},{"floor":41,"key":"Bag of Marbles"},{"floor":46,"key":"Toy Ornithopter"},{"floor":48,"key":"Pear"}],"event_choices":[{"damage_healed":0.0,"max_hp_gain":0.0,"max_hp_loss":0.0,"gold_gain":0.0,"cards_transformed":["Strike_G"],"event_name":"Transmorgrifier","player_choice":"Transformed","floor":5.0,"gold_loss":0.0,"damage_taken":0.0,"cards_obtained":["Heel Hook"]},{"damage_healed":0.0,"max_hp_gain":0.0,"max_hp_loss":0.0,"gold_gain":75.0,"event_name":"World of Goop","player_choice":"Gather Gold","floor":13.0,"gold_loss":0.0,"damage_taken":11.0},{"damage_healed":0.0,"max_hp_gain":0.0,"max_hp_loss":0.0,"gold_gain":0.0,"event_name":"Lab","player_choice":"Got Potions","floor":14.0,"gold_loss":0.0,"damage_taken":0.0},{"damage_healed":0.0,"max_hp_gain":0.0,"max_hp_loss":0.0,"gold_gain":0.0,"event_name":"Masked Bandits","player_choice":"Fought Bandits","floor":19.0,"gold_loss":0.0,"damage_taken":0.0},{"damage_healed":0.0,"max_hp_gain":0.0,"max_hp_loss":0.0,"gold_gain":0.0,"event_name":"Back to Basics","player_choice":"Simplicity","floor":22.0,"gold_loss":0.0,"damage_taken":0.0,"cards_upgraded":["Strike_G","Strike_G","Strike_G","Defend_G","Defend_G","Defend_G","Defend_G"]},{"damage_healed":0,"gold_gain":0,"player_choice":"Inject Mutagens","damage_taken":0,"relics_obtained":["MutagenicStrength"],"max_hp_gain":0,"max_hp_loss":0,"event_name":"Drug Dealer","floor":29,"gold_loss":0},{"damage_healed":0,"gold_gain":222,"player_choice":"Wore Mask","damage_taken":0,"max_hp_gain":0,"max_hp_loss":0,"event_name":"Tomb of Lord Red Mask","floor":37,"gold_loss":0},{"damage_healed":0,"gold_gain":50,"player_choice":"Pray","damage_taken":0,"max_hp_gain":0,"max_hp_loss":0,"event_name":"Golden Shrine","floor":45,"gold_loss":0}],"is_beta":false,"boss_relics":[{"not_picked":["Fusion Hammer","Velvet Choker"],"picked":"Coffee Dripper"},{"not_picked":["Busted Crown","Philosopher\u0027s Stone"],"picked":"Runic Pyramid"}],"items_purged_floors":[21,30,44],"is_endless":false,"potions_floor_spawned":[1,6,7,10,11,19,20,27,28,35,38,41,46],"killed_by":"Donu and Deca","ascension_level":20}}