{"host":"36ls4ricihodphgx","time":1610192967,"event":{"mods":["AchievementEnabler","BaseMod","Colored Map","Downfall","Hermit","HololiveMod","Jorbs\u0027s Wanderer Trilogy","Koishi","Marisa????????","Minty Spire (QoL Compilation)","Replay The Spire","Shop Mod","StSLib","SuperFastMode","The Animator","The Bug Knight","The Cursed","The Hierophant","The Servant 0.9.4"],"gold_per_floor":[84,95,95,110,41,71,71,89,89,89,100,25,37,37,37,133,133,150,150,150,168,216,216,250,250,274,288,288,288,323,32,32,127,177,192,212,212,212,64,94,111,111,111,131,131,146,146,146,146,146,146],"floor_reached":50,"playtime":1760,"items_purged":["Doubt"],"score":713,"play_id":"d2aae83c-d81f-4c76-8ef3-12f315089c03","local_time":"20210109044927","is_ascension_mode":false,"campfire_choices":[{"data":"expansioncontent:StudyTheSpire","floor":7,"key":"SMITH"},{"data":"Hololive_CallManoAloe","floor":15,"key":"SMITH"},{"data":"Hololive_CallHoushouMarine","floor":23,"key":"SMITH"},{"data":"Hololive_CallDoris","floor":25,"key":"SMITH"},{"data":"Hololive_CocoNews","floor":29,"key":"SMITH"},{"floor":32,"key":"RECALL"},{"data":"Hololive_MaximGun","floor":42,"key":"SMITH"},{"data":"Hololive_CocoNews","floor":45,"key":"SMITH"},{"data":"Hololive_CocoNews","floor":47,"key":"SMITH"},{"data":"Hololive_CallNakiriAyame","floor":49,"key":"SMITH"}],"circlet_count":0,"master_deck":["Hololive_Strike","Hololive_Strike","Hololive_Defend","Hololive_Defend","Hololive_CocoNews+1","Hololive_CallUsadaPekora","Hololive_CallInugamiKorone+1","Hololive_CallAkiRosenthal+1","Hololive_CallNakiriAyame+1","expansioncontent:StudyTheSpire+1","Hololive_CocoNews+1","Hololive_CallDoris+1","Hololive_CocoNews+1","Hololive_DevilCharm","Hololive_Psychosis","Hololive_CallHoushouMarine+1","Hololive_CallManoAloe+1","Hololive_Recruit","Hololive_Psychosis","Hololive_CallAkaiHaato+1","Hololive_MaximGun+1","Hololive_IdolExercise","Hololive_Spy+1","Dramatic Entrance","Hololive_IdolExercise"],"relics":["Hololive_TheStar","Pen Nib","White Beast Statue","Hololive_Finger","Darkstone Periapt","Mango","Replay:Baseball","Red Mask","Blue Doll","Tiny House","Medical Kit","Gremlin Food","Chameleon Ring"],"acts_visited":["Exordium","TheCity","TheBeyond"],"potions_floor_usage":[16,44,50],"damage_taken":[{"damage":0,"enemies":"Small Slimes","floor":1,"turns":4},{"damage":0,"enemies":"Cultist","floor":2,"turns":3},{"damage":0,"enemies":"2 Louse","floor":4,"turns":5},{"damage":0,"enemies":"Lagavulin","floor":6,"turns":5},{"damage":2,"enemies":"Exordium Wildlife","floor":8,"turns":3},{"damage":0,"enemies":"Looter","floor":11,"turns":3},{"damage":0,"enemies":"Lots of Slimes","floor":13,"turns":4},{"damage":0,"enemies":"The Guardian","floor":16,"turns":5},{"damage":0,"enemies":"Shell Parasite","floor":18,"turns":4},{"damage":0,"enemies":"Chosen","floor":21,"turns":3},{"damage":0,"enemies":"Replay:Snechameleon","floor":24,"turns":6},{"damage":0,"enemies":"Snecko","floor":27,"turns":3},{"damage":0,"enemies":"Masked Bandits","floor":30,"turns":3},{"damage":0,"enemies":"Automaton","floor":33,"turns":6},{"damage":0,"enemies":"Orb Walker","floor":35,"turns":3},{"damage":1,"enemies":"3 Darklings","floor":36,"turns":5},{"damage":0,"enemies":"R_Hoarder","floor":40,"turns":5},{"damage":0,"enemies":"Spire Growth","floor":41,"turns":5},{"damage":0,"enemies":"Jaw Worm Horde","floor":44,"turns":4},{"damage":0,"enemies":"Writhing Mass","floor":46,"turns":5},{"damage":57,"enemies":"Awakened One","floor":50,"turns":7}],"seed_played":"-7367123472386463277","potions_obtained":[{"floor":6,"key":"SteroidPotion"},{"floor":8,"key":"Explosive Potion"},{"floor":11,"key":"Energy Potion"},{"floor":16,"key":"Elixir"},{"floor":44,"key":"ColorlessPotion"}],"is_trial":false,"path_per_floor":["M","M","?","M","$","E","R","M","T","$","M","$","M","?","R","B",null,"M","?","?","M","?","R","E","R","T","M","?","R","?","$","R_BF","B",null,"M","M","?","?","$","E","M","R","T","M","R","M","R","$","R","B"],"character_chosen":"Hololive_HololiveCharacter","items_purchased":["Hololive_DevilCharm","Hololive_MaximGun","Blue Doll","Medical Kit"],"campfire_rested":0,"item_purchase_floors":[5,31,31,39],"current_hp_per_floor":[35,35,35,35,35,35,35,33,33,33,33,33,33,33,33,33,35,35,35,35,35,27,27,41,41,41,41,41,41,41,41,41,41,54,54,53,53,53,53,53,53,53,53,53,53,53,53,53,53,0,0],"gold":146,"neow_bonus":"RANDOM_COLORLESS_2","is_daily":false,"chose_seed":false,"campfire_upgraded":9,"win_rate":0.0,"timestamp":1610192967,"path_taken":["M","M","?","?","$","E","R","M","T","?","?","$","M","?","R","BOSS","M","?","?","?","?","R","E","R","T","M","?","R","?","?","R_BF","BOSS","M","M","?","?","$","E","?","R","T","M","R","M","R","?","R","BOSS"],"items_purchased_type":["Card","Card","Relic","Relic"],"build_version":"2020-12-22","purchased_purges":1,"victory":false,"max_hp_per_floor":[35,35,35,35,35,35,35,35,35,35,35,35,35,35,35,35,35,35,35,35,35,35,35,49,49,49,49,49,49,49,49,49,49,54,54,54,54,54,54,54,54,54,54,54,54,54,54,54,54,54,54],"card_choices":[{"not_picked":["Midas Touch","ReplayTheSpireMod:Necrogeddon"],"picked":"expansioncontent:StudyTheSpire","floor":0},{"not_picked":["Hololive_CallAmaneKanata","Hololive_Drill","Hololive_Trident"],"picked":"Hololive_CocoNews","floor":1},{"not_picked":["Hololive_RevenueBasedLive","Hololive_OvertimeWork","Hololive_CallSakuraMiko"],"picked":"Hololive_CallDoris","floor":2},{"not_picked":["Hololive_CallYogiri","Hololive_Breathe","Hololive_CallShirakamiFubuki"],"picked":"Hololive_CocoNews","floor":4},{"not_picked":["Hololive_Drill","Hololive_CallSpadeEcho","Hololive_FlyingPonyTail"],"picked":"Hololive_Psychosis","floor":6},{"not_picked":["Hololive_HuntDinosaur","Hololive_Sequa","Hololive_FlyingPonyTail"],"picked":"Hololive_CallHoushouMarine","floor":8},{"not_picked":["Hololive_CallYogiri","Hololive_CallInugamiKorone","Hololive_Sequa"],"picked":"Hololive_CallManoAloe","floor":11},{"not_picked":["Hololive_ScarfAndHalo","Hololive_Rebound","Hololive_CallNekomataOkayu","Hololive_Breathe"],"picked":"SKIP","floor":13},{"not_picked":["Hololive_ScarfAndHalo","Hololive_DiamondStrike","Hololive_FlareMind"],"picked":"Hololive_Recruit","floor":16},{"not_picked":["Hololive_LuckPotion","Hololive_Drill","Hololive_Yoholoon+1","Hololive_StrengthChampion"],"picked":"SKIP","floor":18},{"not_picked":["Hololive_Breathe","Hololive_Rebound+1","Hololive_Trident","Hololive_Thief"],"picked":"SKIP","floor":21},{"not_picked":["Hololive_SummonFox","Hololive_CallAZKi","Hololive_Drill"],"picked":"Hololive_Psychosis","floor":22},{"not_picked":["Hololive_LuckPotion+1","Hololive_CallMomosuzuNene","Hololive_CallRosalyn"],"picked":"Hololive_CallAkaiHaato+1","floor":22},{"not_picked":["Hololive_LuckPotion","Hololive_RevenueBasedLive+1","Hololive_Thief","Hololive_CallFriendA"],"picked":"SKIP","floor":24},{"not_picked":["Hololive_LuckPotion+1","Hololive_SummonFox+1","Hololive_StrengthChampion","Hololive_Rebound"],"picked":"SKIP","floor":27},{"not_picked":["Hololive_DiamondStrike","Hololive_Rebirth","Hololive_OpenUp"],"picked":"Hololive_IdolExercise","floor":33},{"not_picked":["Hololive_CallYukihanaLamy+1","Hololive_CallAmaneKanata","Hololive_HuntDinosaur+1","Hololive_RevenueBasedLive"],"picked":"SKIP","floor":35},{"not_picked":["Hololive_Breathe+1","Hololive_CandyCastle","Hololive_Rebound"],"picked":"Hololive_Spy+1","floor":36},{"not_picked":["Poisoned Strike","Mayhem","Mind Blast"],"picked":"Dramatic Entrance","floor":37},{"not_picked":["Hololive_Trident","Hololive_CallNekomataOkayu+1","Hololive_StrengthChampion","Hololive_CallArtia"],"picked":"SKIP","floor":40},{"not_picked":["Hololive_ManjiGathering+1","Hololive_CallMoonaHoshinova+1","Hololive_Rebound+1","Hololive_StrengthChampion"],"picked":"SKIP","floor":41},{"not_picked":["Hololive_LuckPotion","Hololive_CallUruhaRushia","Hololive_BringToTrial+1","Hololive_CallDoris"],"picked":"SKIP","floor":44},{"not_picked":["Hololive_Sequa","Hololive_Psychosis+1","Hololive_LuckPotion","Hololive_CallMoonaHoshinova"],"picked":"SKIP","floor":46}],"player_experience":62719,"relics_obtained":[{"floor":6,"key":"Pen Nib"},{"floor":9,"key":"White Beast Statue"},{"floor":22,"key":"Darkstone Periapt"},{"floor":24,"key":"Mango"},{"floor":26,"key":"Replay:Baseball"},{"floor":30,"key":"Red Mask"},{"floor":40,"key":"Gremlin Food"},{"floor":43,"key":"Chameleon Ring"}],"event_choices":[{"damage_healed":0,"gold_gain":0,"player_choice":"Upgraded","damage_taken":0,"max_hp_gain":0,"max_hp_loss":0,"event_name":"Upgrade Shrine","floor":3,"gold_loss":0,"cards_upgraded":["Hololive_CallAkiRosenthal"]},{"damage_healed":0,"gold_gain":0,"player_choice":"Leave","damage_taken":0,"max_hp_gain":0,"max_hp_loss":0,"event_name":"The Cleric","floor":14,"gold_loss":0},{"damage_healed":0,"gold_gain":0,"player_choice":"Ignored","damage_taken":0,"max_hp_gain":0,"max_hp_loss":0,"event_name":"Beggar","floor":19,"gold_loss":0},{"cards_removed":["Hololive_CallAmaneKanata"],"damage_healed":0,"gold_gain":0,"player_choice":"Offered Uncommon","damage_taken":0,"max_hp_gain":0,"max_hp_loss":0,"event_name":"Bonfire Elementals","floor":20,"gold_loss":0},{"damage_healed":0,"gold_gain":0,"player_choice":"Fought Bandits","damage_taken":0,"max_hp_gain":0,"max_hp_loss":0,"event_name":"Masked Bandits","floor":30,"gold_loss":0},{"damage_healed":0,"gold_gain":0,"player_choice":"Memory 1","damage_taken":0,"max_hp_gain":0,"max_hp_loss":0,"event_name":"SensoryStone","floor":37,"gold_loss":0},{"damage_healed":0,"gold_gain":0,"player_choice":"Copied","damage_taken":0,"max_hp_gain":0,"max_hp_loss":0,"event_name":"Duplicator","floor":38,"gold_loss":0,"cards_obtained":["Hololive_IdolExercise"]}],"is_beta":false,"boss_relics":[{"not_picked":["Sozu","SlaversCollar"],"picked":"Hololive_Finger"},{"not_picked":["Calling Bell","Replay:Wanted Poster"],"picked":"Tiny House"}],"items_purged_floors":[12],"is_endless":false,"potions_floor_spawned":[6,8,11,13,16,18,21,24,27,30,33,35,36,40,41,44,46],"killed_by":"Awakened One","ascension_level":0}}