{"host":"g8a0qo0vjtg6u5wv","time":1610168067,"event":{"mods":["BaseMod","Colored Map","Custom Start","KOR Keyword Fix","Minty Spire (QoL Compilation)","StSLib","SuperFastMode","The Jungle"],"gold_per_floor":[114,130,130,144,160,160,179,104,128,128,162,162,187,187,187,290,290,306,306,406,306,324,324,358,370,370,398,398,122,139,172,172,267,267,282,302,302,6,22,53,64,64,64,114,144,160,160,187,187,187,187,187,12,42,42],"floor_reached":56,"playtime":2254,"items_purged":["Strike_P","Strike_P","Strike_P","Defend_P","ThirdEye"],"score":1586,"play_id":"a1825a3d-0538-4810-9ed3-a5ad2ecfa357","local_time":"20210109135427","is_ascension_mode":true,"campfire_choices":[{"data":"Tantrum","floor":6.0,"key":"SMITH"},{"data":"SignatureMove","floor":10.0,"key":"SMITH"},{"data":"ClearTheMind","floor":12.0,"key":"SMITH"},{"data":"Prostrate","floor":15.0,"key":"SMITH"},{"data":"Vault","floor":23.0,"key":"SMITH"},{"data":"Meditate","floor":28.0,"key":"SMITH"},{"data":"Vigilance","floor":32.0,"key":"SMITH"},{"data":"Adaptation","floor":42,"key":"SMITH"},{"floor":49,"key":"RECALL"},{"data":"Prostrate","floor":52,"key":"SMITH"}],"circlet_count":0,"master_deck":["Defend_P+1","Defend_P+1","Eruption+1","Vigilance+1","SignatureMove+1","Tantrum+1","Prostrate+1","EmptyFist","ClearTheMind+1","Vault+1","Halt+1","EmptyMind+1","Meditate+1","Swivel","Adaptation+1","Adaptation+1","Master of Strategy","Finesse","FearNoEvil","Prostrate+1"],"relics":["PureWater","NeowsBlessing","MealTicket","Boot","Blood Vial","StrikeDummy","Black Star","War Paint","Gremlin Horn","Meat on the Bone","Lantern","CaptainsWheel","Oddly Smooth Stone","Juzu Bracelet","Singing Bowl","Empty Cage","OrangePellets","Letter Opener","White Beast Statue","Dead Branch","Unceasing Top","Vajra","Ginger","Dream Catcher","Kunai","Centennial Puzzle"],"acts_visited":["Exordium","TheCity","TheBeyond","TheEnding"],"potions_floor_usage":[48,50,50,55,55],"damage_taken":[{"damage":0.0,"enemies":"Jaw Worm","floor":1.0,"turns":1.0},{"damage":0.0,"enemies":"Cultist","floor":2.0,"turns":1.0},{"damage":0.0,"enemies":"2 Louse","floor":4.0,"turns":1.0},{"damage":6.0,"enemies":"2 Fungi Beasts","floor":5.0,"turns":2.0},{"damage":6.0,"enemies":"Exordium Thugs","floor":7.0,"turns":2.0},{"damage":4.0,"enemies":"3 Sentries","floor":11.0,"turns":3.0},{"damage":0.0,"enemies":"Lagavulin","floor":13.0,"turns":3.0},{"damage":0.0,"enemies":"Slime Boss","floor":16.0,"turns":5.0},{"damage":0.0,"enemies":"Spheric Guardian","floor":18.0,"turns":2.0},{"damage":0.0,"enemies":"3 Byrds","floor":22.0,"turns":4.0},{"damage":11.0,"enemies":"Gremlin Leader","floor":24.0,"turns":4.0},{"damage":9.0,"enemies":"Snake Plant","floor":25.0,"turns":3.0},{"damage":11.0,"enemies":"Slavers","floor":27.0,"turns":4.0},{"damage":4.0,"enemies":"Centurion and Healer","floor":30.0,"turns":4.0},{"damage":0.0,"enemies":"Gremlin Leader","floor":31.0,"turns":3.0},{"damage":1.0,"enemies":"Collector","floor":33.0,"turns":5.0},{"damage":0.0,"enemies":"3 Shapes","floor":35.0,"turns":2.0},{"damage":9.0,"enemies":"3 Darklings","floor":36.0,"turns":5.0},{"damage":17.0,"enemies":"Transient","floor":39.0,"turns":6.0},{"damage":10.0,"enemies":"Giant Head","floor":40.0,"turns":7.0},{"damage":0,"enemies":"Maw","floor":41,"turns":7},{"damage":0,"enemies":"Mind Bloom Boss Battle","floor":44,"turns":4},{"damage":0,"enemies":"Reptomancer","floor":45,"turns":3},{"damage":0,"enemies":"Jaw Worm Horde","floor":46,"turns":3},{"damage":1,"enemies":"Nemesis","floor":48,"turns":6},{"damage":9,"enemies":"Donu and Deca","floor":50,"turns":7},{"damage":0,"enemies":"Shield and Spear","floor":54,"turns":5},{"damage":30,"enemies":"The Heart","floor":55,"turns":8}],"seed_played":"3010130331019295102","potions_obtained":[{"floor":1.0,"key":"AttackPotion"},{"floor":4.0,"key":"Explosive Potion"},{"floor":7.0,"key":"LiquidMemories"},{"floor":25.0,"key":"Ambrosia"},{"floor":30.0,"key":"Fire Potion"},{"floor":31.0,"key":"Ambrosia"},{"floor":40,"key":"GamblersBrew"},{"floor":41,"key":"StancePotion"},{"floor":44,"key":"LiquidMemories"},{"floor":48,"key":"SteroidPotion"},{"floor":54,"key":"BottledMiracle"}],"is_trial":false,"path_per_floor":["M","M","?","M","M","R","M","$","T","R","E","R","E","?","R","B",null,"M","?","?","$","M","R","E","M","T","E","R","$","M","E","R","B",null,"M","M","?","$","M","E","M","R","T","?","E","M","$","E","R","B",null,"R","$","E","B",null],"character_chosen":"WATCHER","items_purchased":["Oddly Smooth Stone","OrangePellets"],"campfire_rested":0,"item_purchase_floors":[29,38],"current_hp_per_floor":[72,72,72,72,66,66,60,60,60,60,56,56,56,53,53,55,72,72,72,72,72,72,72,61,54,54,45,45,60,58,60,60,63,74,74,65,57,72,59,51,55,55,55,59,63,65,80,83,83,76,86,86,86,88,58],"gold":42,"neow_bonus":"THREE_ENEMY_KILL","is_daily":false,"chose_seed":false,"campfire_upgraded":9,"win_rate":0.0,"timestamp":1610168067,"path_taken":["M","M","?","M","M","R","M","?","T","R","E","R","E","?","R","BOSS","M","?","?","$","M","R","E","M","T","E","R","$","?","E","R","BOSS","M","M","?","$","M","E","M","R","T","?","E","M","$","E","R","BOSS","R","$","E","BOSS"],"items_purchased_type":["Relic","Relic"],"build_version":"2020-12-22","purchased_purges":5,"victory":true,"max_hp_per_floor":[72,72,72,72,72,72,72,72,72,72,72,72,72,72,72,72,72,72,72,72,72,72,72,72,72,72,72,72,72,72,72,72,74,74,74,74,76,76,78,78,80,80,80,82,84,84,84,86,86,86,86,86,86,88,88],"card_choices":[{"not_picked":["Prostrate","Nirvana"],"picked":"SignatureMove","floor":1.0},{"not_picked":["FlyingSleeves","FollowUp"],"picked":"ThirdEye","floor":2.0},{"not_picked":["JustLucky","Prostrate"],"picked":"Tantrum","floor":4.0},{"not_picked":["JustLucky","FlyingSleeves"],"picked":"Prostrate","floor":5.0},{"not_picked":["Fasting2","BowlingBash"],"picked":"EmptyFist","floor":7.0},{"not_picked":["FollowUp","SandsOfTime"],"picked":"ClearTheMind","floor":11.0},{"not_picked":["WheelKick","LikeWater","Protect"],"picked":"SKIP","floor":13.0},{"not_picked":["ConjureBlade","Scrawl"],"picked":"Vault","floor":16.0},{"not_picked":["PathToVictory","BattleHymn","FlurryOfBlows+1"],"picked":"SKIP","floor":18.0},{"not_picked":["Indignation","FlyingSleeves"],"picked":"Halt+1","floor":22.0},{"not_picked":["Wireheading+1","FlurryOfBlows"],"picked":"EmptyMind+1","floor":24.0},{"not_picked":["Consecrate+1","WheelKick"],"picked":"Meditate","floor":25.0},{"not_picked":["ClearTheMind+1","Consecrate+1","SpiritShield"],"picked":"SKIP","floor":27.0},{"not_picked":["FlyingSleeves","CutThroughFate","Conclude"],"picked":"SKIP","floor":30.0},{"not_picked":["Wish","FollowUp"],"picked":"Swivel","floor":31.0},{"not_picked":["DevaForm","Establishment","Judgement"],"picked":"Singing Bowl","floor":33.0},{"not_picked":["Sanctity","CrushJoints+1"],"picked":"Adaptation","floor":35.0},{"not_picked":["Protect+1","Consecrate"],"picked":"Adaptation+1","floor":36.0},{"not_picked":["Discovery","Secret Technique"],"picked":"Master of Strategy","floor":37.0},{"not_picked":["Mayhem","Deep Breath"],"picked":"Finesse","floor":37.0},{"not_picked":["Blind","Purity","HandOfGreed"],"picked":"Singing Bowl","floor":37.0},{"not_picked":["BowlingBash","CrushJoints","Protect"],"picked":"Singing Bowl","floor":39.0},{"not_picked":["CutThroughFate","Protect+1"],"picked":"FearNoEvil","floor":40},{"not_picked":["FollowUp+1","Nirvana","JustLucky"],"picked":"Singing Bowl","floor":41},{"not_picked":["CutThroughFate+1","FlyingSleeves","Study+1"],"picked":"Singing Bowl","floor":44},{"not_picked":["CutThroughFate+1","Swivel+1","DeceiveReality+1"],"picked":"Singing Bowl","floor":45},{"not_picked":["Collect+1","SashWhip"],"picked":"Prostrate","floor":46},{"not_picked":["Protect+1","Prostrate","Meditate"],"picked":"Singing Bowl","floor":48},{"not_picked":["Halt+1","Judgement","EmptyFist+1"],"picked":"Singing Bowl","floor":54}],"player_experience":550834,"relics_obtained":[{"floor":9.0,"key":"MealTicket"},{"floor":11.0,"key":"Boot"},{"floor":13.0,"key":"Blood Vial"},{"floor":24.0,"key":"War Paint"},{"floor":24.0,"key":"Gremlin Horn"},{"floor":26.0,"key":"Meat on the Bone"},{"floor":27.0,"key":"Lantern"},{"floor":27.0,"key":"CaptainsWheel"},{"floor":31.0,"key":"Juzu Bracelet"},{"floor":31.0,"key":"Singing Bowl"},{"floor":40,"key":"Letter Opener"},{"floor":40,"key":"White Beast Statue"},{"floor":44,"key":"Dead Branch"},{"floor":45,"key":"Unceasing Top"},{"floor":45,"key":"Vajra"},{"floor":48,"key":"Ginger"},{"floor":48,"key":"Dream Catcher"},{"floor":54,"key":"Kunai"},{"floor":54,"key":"Centennial Puzzle"}],"event_choices":[{"damage_healed":0.0,"max_hp_gain":0.0,"max_hp_loss":0.0,"gold_gain":0.0,"event_name":"Accursed Blacksmith","player_choice":"Forge","floor":3.0,"gold_loss":0.0,"damage_taken":0.0,"cards_upgraded":["Eruption"]},{"damage_healed":0.0,"max_hp_gain":0.0,"max_hp_loss":0.0,"gold_gain":0.0,"event_name":"Scrap Ooze","player_choice":"Success","floor":14.0,"gold_loss":0.0,"damage_taken":3.0,"relics_obtained":["StrikeDummy"]},{"damage_healed":0.0,"max_hp_gain":0.0,"max_hp_loss":0.0,"gold_gain":0.0,"event_name":"Ghosts","player_choice":"Ignored","floor":19.0,"gold_loss":0.0,"damage_taken":0.0},{"damage_healed":0.0,"max_hp_gain":0.0,"max_hp_loss":0.0,"gold_gain":100.0,"event_name":"Golden Shrine","player_choice":"Pray","floor":20.0,"gold_loss":0.0,"damage_taken":0.0},{"damage_healed":0.0,"max_hp_gain":0.0,"max_hp_loss":0.0,"gold_gain":0.0,"event_name":"SensoryStone","player_choice":"Memory 3","floor":37.0,"gold_loss":0.0,"damage_taken":10.0},{"damage_healed":0,"gold_gain":0,"player_choice":"Fight","damage_taken":0,"max_hp_gain":0,"max_hp_loss":0,"event_name":"MindBloom","floor":44,"gold_loss":0}],"is_beta":false,"boss_relics":[{"not_picked":["Fusion Hammer","SlaversCollar"],"picked":"Black Star"},{"not_picked":["Pandora\u0027s Box","Cursed Key"],"picked":"Empty Cage"}],"items_purged_floors":[8,21,29,38,53],"is_endless":false,"potions_floor_spawned":[1,4,7,25,30,31,35,40,41,44,45,46,48,54],"ascension_level":1}}