{"host":"kn32u0f2pym5bozc","time":1610182483,"event":{"mods":["2.2 Compatiblity","BaseMod","Better Third Choice","Minty Spire (QoL Compilation)","Permanent Neow","Relic Stats","StSLib","The Animator"],"gold_per_floor":[112,112,132,151,151,151,123,123,174,198,222,238,257,275,275,275,275],"floor_reached":16,"playtime":822,"items_purged":[],"score":174,"play_id":"cfbe1f64-8c3e-47ad-93e6-0b4d6072be2c","local_time":"20210109035443","is_ascension_mode":true,"campfire_choices":[{"floor":6.0,"key":"REST"},{"data":"animator:Berserker","floor":8.0,"key":"SMITH"},{"floor":15.0,"key":"REST"}],"circlet_count":0,"master_deck":["AscendersBane","animator:Strike_Fate","animator:Defend_Fate","animator:Strike","animator:Strike","animator:Strike","animator:Defend","animator:Defend","animator:Defend","animator:Alexander+1","animator:Rider","animator:Witch","animator:Konayuki","animator:Mitsuba","animator:Berserker+1","animator:Saber","animator:Verdia","animator:Alexander"],"relics":["animator:LivingPicture","animator:TheMissingPiece","animator:PurgingStone","Golden Idol","Tiny Chest","Orichalcum","Strawberry"],"acts_visited":["Exordium"],"potions_floor_usage":[16],"damage_taken":[{"damage":1.0,"enemies":"2 Louse","floor":1.0,"turns":4.0},{"damage":4.0,"enemies":"Jaw Worm","floor":3.0,"turns":7.0},{"damage":4.0,"enemies":"Small Slimes","floor":4.0,"turns":5.0},{"damage":0.0,"enemies":"Looter","floor":7.0,"turns":4.0},{"damage":9.0,"enemies":"Lots of Slimes","floor":11.0,"turns":4.0},{"damage":7.0,"enemies":"Large Slime","floor":12.0,"turns":6.0},{"damage":4.0,"enemies":"Blue Slaver","floor":13.0,"turns":6.0},{"damage":7.0,"enemies":"Gremlin Gang","floor":14.0,"turns":5.0},{"damage":38,"enemies":"Slime Boss","floor":16,"turns":7}],"seed_played":"4375310220481754421","potions_obtained":[{"floor":4.0,"key":"animator:FalseLifePotion"},{"floor":14.0,"key":"Strength Potion"}],"is_trial":false,"path_per_floor":["M","?","M","M","?","R","M","R","T","T","M","M","M","M","R","B"],"character_chosen":"THE_ANIMATOR","items_purchased":[],"campfire_rested":2,"item_purchase_floors":[],"current_hp_per_floor":[53,32,28,24,13,31,31,31,31,38,30,23,19,12,32,0,0],"gold":275,"neow_bonus":"UPGRADE_CARD","is_daily":false,"chose_seed":false,"campfire_upgraded":1,"win_rate":0.0,"timestamp":1610182483,"path_taken":["M","?","M","M","?","R","M","R","T","?","M","M","M","M","R","BOSS"],"items_purchased_type":[],"build_version":"2020-12-22","purchased_purges":0,"victory":false,"max_hp_per_floor":[60,60,60,60,60,60,60,60,60,67,68,68,68,68,68,68,68],"relic_stats":{"counters":[9,48],"Golden Idol":24,"Tiny Chest":0,"Orichalcum":[42],"obtain_stats":[{"animator:PurgingStone":0,"Golden Idol":2,"animator:TheMissingPiece":0,"Strawberry":10,"Tiny Chest":5,"animator:LivingPicture":0,"Orichalcum":9},{"animator:PurgingStone":0,"Golden Idol":1,"animator:TheMissingPiece":0,"Strawberry":4,"Tiny Chest":3,"animator:LivingPicture":0,"Orichalcum":4},{"animator:PurgingStone":0,"Golden Idol":4,"animator:TheMissingPiece":0,"Strawberry":20,"Tiny Chest":16,"animator:LivingPicture":0,"Orichalcum":20}]},"card_choices":[{"not_picked":["animator:Millim","animator:Evileye"],"picked":"animator:Witch","floor":1.0},{"not_picked":["animator:Kaijin","animator:DolaCouronne"],"picked":"animator:Konayuki","floor":3.0},{"not_picked":["animator:IzunaHatsuse","animator:LeleiLaLalena"],"picked":"animator:Mitsuba","floor":4.0},{"not_picked":["animator:Illya","animator:Alexander"],"picked":"animator:Berserker","floor":7.0},{"not_picked":["animator:IzunaHatsuse","animator:Shuna"],"picked":"animator:Saber","floor":11.0},{"not_picked":["animator:Tyuule","animator:Vanir"],"picked":"animator:Verdia","floor":12.0},{"not_picked":["animator:Nanami","animator:YaoHaDucy"],"picked":"animator:Alexander","floor":13.0}],"player_experience":811926,"relics_obtained":[{"floor":9.0,"key":"Orichalcum"},{"floor":10.0,"key":"Strawberry"}],"event_choices":[{"damage_healed":0.0,"max_hp_gain":0.0,"max_hp_loss":0.0,"gold_gain":0.0,"event_name":"Golden Idol","player_choice":"Take Damage","floor":2.0,"gold_loss":0.0,"damage_taken":21.0,"relics_obtained":["Golden Idol"]},{"damage_healed":0.0,"max_hp_gain":0.0,"max_hp_loss":0.0,"gold_gain":1.0,"event_name":"betterThird:BetterScrap","player_choice":"Relic ","floor":5.0,"gold_loss":0.0,"damage_taken":11.0,"cards_obtained":["Escape Plan"]}],"is_beta":false,"boss_relics":[],"items_purged_floors":[],"is_endless":false,"potions_floor_spawned":[4,14],"killed_by":"Slime Boss","ascension_level":17}}