{"host":"a2lvm7nbw6nkrc91","time":1610176333,"event":{"mods":["BaseMod","Friendly Minions","Hermit","Lobotomy","Minty Spire (QoL Compilation)","Replay The Spire","StSLib"],"gold_per_floor":[115,134,150,325,336,336,371,371,443,454,181,181,195,209,209,310,310,280,280,280],"floor_reached":19,"playtime":718,"items_purged":["hermit:Defend_Hermit"],"score":171,"play_id":"7b6508d8-0ad1-4165-8e03-814b595eb365","local_time":"20210109161213","is_ascension_mode":false,"campfire_choices":[{"data":"hermit:CursedWeapon","floor":6.0,"key":"SMITH"},{"floor":12.0,"key":"REST"},{"data":"hermit:Defend_Hermit","floor":15,"key":"PURGE"}],"circlet_count":0,"master_deck":["hermit:Strike_Hermit","hermit:Strike_Hermit","hermit:Strike_Hermit","hermit:Defend_Hermit","hermit:Defend_Hermit","hermit:Snapshot","hermit:Covet","hermit:Headshot","OldLady","hermit:Vantage","MHz","hermit:CursedWeapon+1","Doubt","Wellcheers","hermit:TrackingShot","PunishingBird","hermit:Showdown+1","WhitesApple","hermit:Combo","hermit:EyeOfTheStorm","hermit:GoldenBullet","SpiderBud","hermit:FullyLoaded","Funeral","Parasite","HappyTeddy","hermit:DeadOrAlive","WallGazer","hermit:HighCaliber"],"relics":["hermit:Momento","CogitoBucket","Lizard Tail","StrikeDummy","FleshIdol","Ectoplasm"],"acts_visited":["Exordium","TheCity"],"potions_floor_usage":[18,19,19],"damage_taken":[{"damage":1.0,"enemies":"Jaw Worm","floor":1.0,"turns":5.0},{"damage":0.0,"enemies":"2 Louse","floor":2.0,"turns":3.0},{"damage":0.0,"enemies":"Cultist","floor":3.0,"turns":3.0},{"damage":14.0,"enemies":"Exordium Wildlife","floor":5.0,"turns":5.0},{"damage":34.0,"enemies":"Replay:BlueRogue","floor":7.0,"turns":8.0},{"damage":120.0,"enemies":"3 Louse","floor":10.0,"turns":6.0},{"damage":13.0,"enemies":"2 Fungi Beasts","floor":13.0,"turns":4.0},{"damage":14,"enemies":"Exordium Wildlife","floor":14,"turns":3},{"damage":17,"enemies":"Hexaghost","floor":16,"turns":4},{"damage":13,"enemies":"2 Thieves","floor":18,"turns":2},{"damage":71,"enemies":"Spheric Guardian","floor":19,"turns":3}],"seed_played":"-1051853579724014257","potions_obtained":[{"floor":2.0,"key":"Elixir"},{"floor":5.0,"key":"LiquidMemories"},{"floor":10.0,"key":"Strength Potion"},{"floor":16,"key":"Dexterity Potion"}],"is_trial":false,"path_per_floor":["M","M","M","?","M","R","E","?","T","M","$","R","M","M","R","B",null,"M","M"],"character_chosen":"HERMIT","items_purchased":["hermit:Combo","hermit:EyeOfTheStorm","hermit:GoldenBullet"],"campfire_rested":1,"item_purchase_floors":[11,11,11],"current_hp_per_floor":[74,74,74,74,60,60,26,26,26,31,31,53,44,30,30,17,75,63,0,0],"gold":280,"neow_bonus":"","is_daily":false,"chose_seed":false,"campfire_upgraded":1,"win_rate":0.0,"timestamp":1610176333,"path_taken":["M","M","M","?","M","R","E","?","T","M","$","R","M","?","R","BOSS","M","M"],"items_purchased_type":["Card","Card","Card"],"build_version":"2020-12-22","purchased_purges":1,"victory":false,"max_hp_per_floor":[75,75,75,75,75,75,75,75,75,75,75,75,75,75,75,75,75,75,75,75],"card_choices":[{"not_picked":["hermit:Cheat","hermit:Roulette"],"picked":"hermit:Headshot","floor":1.0},{"not_picked":["VoidDream","Murderer"],"picked":"OldLady","floor":2.0},{"not_picked":["hermit:Grudge","hermit:PistolWhip"],"picked":"hermit:Vantage","floor":2.0},{"not_picked":["OSAHOGD","Scorched"],"picked":"MHz","floor":3.0},{"not_picked":["hermit:Midnight","hermit:HighCaliber"],"picked":"hermit:CursedWeapon","floor":3.0},{"not_picked":["Murderer","LittlePrince"],"picked":"Wellcheers","floor":5.0},{"not_picked":["hermit:NoHoldsBarred","hermit:LowProfile"],"picked":"hermit:TrackingShot","floor":5.0},{"not_picked":["UniverseFragment","GalaxyChild"],"picked":"PunishingBird","floor":7.0},{"not_picked":["hermit:Manifest","hermit:Snipe"],"picked":"hermit:Showdown","floor":7.0},{"not_picked":["CrumblingArmor","Scorched"],"picked":"WhitesApple","floor":10.0},{"not_picked":["hermit:Coalescence","hermit:Grudge"],"picked":"hermit:Vantage","floor":10.0},{"not_picked":["BeautyBeast","Yin"],"picked":"SpiderBud","floor":13.0},{"not_picked":["hermit:NoHoldsBarred","hermit:Ricochet"],"picked":"hermit:FullyLoaded","floor":13.0},{"not_picked":["MeatLantern","CrumblingArmor"],"picked":"Funeral","floor":14},{"not_picked":["hermit:Dive","hermit:Headshot"],"picked":"hermit:BlackWind","floor":14},{"not_picked":["CENSORED","Scorched"],"picked":"HappyTeddy","floor":16},{"not_picked":["hermit:FinalCanter","hermit:OverwhelmingPower"],"picked":"hermit:DeadOrAlive","floor":16},{"not_picked":["DespairKnight","Bloodbath"],"picked":"WallGazer","floor":18},{"not_picked":["hermit:BodyArmor","hermit:FullyLoaded"],"picked":"hermit:HighCaliber","floor":18}],"player_experience":499925,"relics_obtained":[{"floor":7.0,"key":"Lizard Tail"},{"floor":9.0,"key":"StrikeDummy"}],"event_choices":[{"damage_healed":0.0,"max_hp_gain":0.0,"max_hp_loss":0.0,"gold_gain":175.0,"event_name":"Liars Game","player_choice":"AGREE","floor":4.0,"gold_loss":0.0,"damage_taken":0.0,"cards_obtained":["Doubt"]}],"is_beta":false,"boss_relics":[{"not_picked":["Velvet Choker","Coffee Dripper"],"picked":"Ectoplasm"}],"items_purged_floors":[11],"is_endless":false,"potions_floor_spawned":[2,5,10,16],"killed_by":"Spheric Guardian","ascension_level":0}}