{"host":"pqs17sqrgflf4eqa","time":1610230435,"event":{"mods":["AchievementEnabler","BaseMod","Bestiary","Better Altar","Colored Map","Colored Powertips","Emptier Cage","Googly Eyes","Highlight Path","Minty Spire (QoL Compilation)","Quick Restart","StSLib","SuperFastMode","Transform Curses","slay the spire mod where everything is the same but ironclad has a cowboy hat"],"gold_per_floor":[113,288,288,305,319,319,336,336,336,349,349,12,43,54,54,159,159,179,179,179,24,24,24,36,36,83,83,83],"floor_reached":27,"playtime":495,"items_purged":[],"score":252,"play_id":"fe3ddd67-e9c5-43d9-a0fa-d0a6c4a1d387","local_time":"20210109171355","is_ascension_mode":true,"campfire_choices":[{"data":"Zap","floor":6.0,"key":"SMITH"},{"data":"Dualcast","floor":8.0,"key":"SMITH"},{"data":"Loop","floor":11.0,"key":"SMITH"},{"data":"Echo Form","floor":15.0,"key":"SMITH"},{"floor":23,"key":"REST"}],"circlet_count":0,"master_deck":["Strike_B+1","Strike_B","Strike_B","Strike_B","Defend_B","Defend_B","Defend_B","Defend_B","Zap+1","Dualcast+1","Conserve Battery","Cold Snap","Loop+1","Echo Form+1","Conserve Battery","Self Repair","Undo","Sweeping Beam","Lockon+1","Cold Snap","Barrage","Biased Cognition","Beam Cell+1"],"relics":["Cracked Core","NeowsBlessing","Spirit Poop","Ornamental Fan","Lee\u0027s Waffle","Bird Faced Urn","Inserter","Bloody Idol","Pen Nib","Whetstone"],"acts_visited":["Exordium","TheCity"],"potions_floor_usage":[16,27],"damage_taken":[{"damage":0.0,"enemies":"Jaw Worm","floor":1.0,"turns":1.0},{"damage":0.0,"enemies":"Small Slimes","floor":4.0,"turns":1.0},{"damage":0.0,"enemies":"Cultist","floor":5.0,"turns":1.0},{"damage":28.0,"enemies":"Exordium Wildlife","floor":7.0,"turns":5.0},{"damage":15.0,"enemies":"3 Louse","floor":10.0,"turns":3.0},{"damage":10.0,"enemies":"Lagavulin","floor":13.0,"turns":6.0},{"damage":4.0,"enemies":"Gremlin Gang","floor":14.0,"turns":3.0},{"damage":24,"enemies":"Slime Boss","floor":16,"turns":9},{"damage":37,"enemies":"Chosen","floor":18,"turns":7},{"damage":18,"enemies":"Spheric Guardian","floor":24,"turns":5},{"damage":46,"enemies":"Gremlin Leader","floor":27,"turns":5}],"seed_played":"8691437344160410963","potions_obtained":[{"floor":4.0,"key":"BlessingOfTheForge"},{"floor":5.0,"key":"DistilledChaos"},{"floor":13.0,"key":"PotionOfCapacity"},{"floor":14.0,"key":"BlessingOfTheForge"}],"is_trial":false,"path_per_floor":["M","?","?","M","M","R","M","R","T","M","R","$","E","M","R","B",null,"M","?","?","$","?","R","M","$","T","E"],"character_chosen":"DEFECT","items_purchased":["Self Repair","Undo","Lee\u0027s Waffle","Sweeping Beam","Pen Nib"],"campfire_rested":1,"item_purchase_floors":[12,12,12,12,21],"current_hp_per_floor":[75,75,75,75,75,75,47,47,47,32,32,82,82,80,80,58,82,54,13,4,4,4,28,26,26,31,0,0],"gold":83,"neow_bonus":"THREE_ENEMY_KILL","is_daily":false,"chose_seed":false,"campfire_upgraded":4,"win_rate":0.0,"timestamp":1610230435,"path_taken":["M","?","?","M","M","R","M","R","T","?","R","$","E","M","R","BOSS","M","?","?","$","?","R","M","$","T","E"],"items_purchased_type":["Card","Card","Relic","Card","Relic"],"build_version":"2020-12-22","purchased_purges":0,"victory":false,"max_hp_per_floor":[75,75,75,75,75,75,75,75,75,75,75,82,82,82,82,82,82,82,82,82,82,82,82,82,82,82,82,82],"card_choices":[{"not_picked":["Gash","Steam"],"picked":"Conserve Battery","floor":1.0},{"not_picked":["Barrage","Conserve Battery"],"picked":"Cold Snap","floor":4.0},{"not_picked":["FTL","Steam"],"picked":"Loop","floor":5.0},{"not_picked":["Gash","Melter"],"picked":"Echo Form","floor":7.0},{"not_picked":["Compile Driver","Steam"],"picked":"Conserve Battery","floor":10.0},{"not_picked":["Gash","Leap"],"picked":"Lockon","floor":13.0},{"not_picked":["Go for the Eyes","Fusion"],"picked":"Cold Snap","floor":14.0},{"not_picked":["Rainbow","Seek"],"picked":"Multi-Cast","floor":16},{"not_picked":["Force Field","Go for the Eyes"],"picked":"Barrage","floor":18},{"not_picked":["Conserve Battery","Rebound"],"picked":"Beam Cell+1","floor":24}],"player_experience":145530,"relics_obtained":[{"floor":9.0,"key":"Ornamental Fan"},{"floor":13.0,"key":"Bird Faced Urn"},{"floor":26,"key":"Whetstone"}],"event_choices":[{"damage_healed":0.0,"max_hp_gain":0.0,"max_hp_loss":0.0,"gold_gain":175.0,"event_name":"Liars Game","player_choice":"AGREE","floor":2.0,"gold_loss":0.0,"damage_taken":0.0,"cards_obtained":["Doubt"]},{"cards_removed":["Doubt"],"damage_healed":0.0,"max_hp_gain":0.0,"max_hp_loss":0.0,"gold_gain":0.0,"event_name":"Bonfire Elementals","player_choice":"Offered Curse","floor":3.0,"gold_loss":0.0,"damage_taken":0.0,"relics_obtained":["Spirit Poop"]},{"damage_healed":0,"gold_gain":0,"player_choice":" Idol ","damage_taken":41,"relics_obtained":["Bloody Idol"],"max_hp_gain":54,"max_hp_loss":13,"event_name":"betterAltar:BetterAltar","floor":19,"potions_obtained":[],"relics_lost":[],"gold_loss":0},{"damage_healed":0,"gold_gain":0,"player_choice":"Stopped","damage_taken":9,"max_hp_gain":0,"max_hp_loss":0,"event_name":"Cursed Tome","floor":20,"gold_loss":0},{"damage_healed":0,"gold_gain":0,"cards_transformed":["Multi-Cast"],"player_choice":"Transformed","damage_taken":0,"max_hp_gain":0,"max_hp_loss":0,"event_name":"Transmorgrifier","floor":22,"gold_loss":0,"cards_obtained":["Biased Cognition"]}],"is_beta":false,"boss_relics":[{"not_picked":["Snecko Eye","Cursed Key"],"picked":"Inserter"}],"items_purged_floors":[],"is_endless":false,"potions_floor_spawned":[4,5,13,14],"killed_by":"Gremlin Leader","ascension_level":4}}