{"host":"yo9wwslrag05lh37","time":1610216890,"event":{"mods":["AchievementEnabler","BaseMod","Block Reminder","Colored Map","Colored Powertips","GifTheSpireLib","HexUI Lib","Highlight Path","Minty Spire (QoL Compilation)","Rare Cards Sparkle","Relic Stats","StSLib","everything is the same but u backflip on backflip"],"gold_per_floor":[115,20,195,195,155,155,188,206,233,27,41,41,41],"floor_reached":12,"playtime":420,"items_purged":[],"score":95,"play_id":"12f8bfc9-7d5c-4a90-bd4a-78574e10cdb1","local_time":"20210109192810","is_ascension_mode":true,"campfire_choices":[{"data":"Infinite Blades","floor":6.0,"key":"SMITH"}],"circlet_count":0,"master_deck":["Strike_G","Strike_G","Strike_G","Strike_G","Strike_G","Defend_G","Defend_G","Defend_G","Defend_G","Defend_G","Survivor","Neutralize","Riddle With Holes","Sucker Punch","Infinite Blades+1","Doubt","Prepared","Deadly Poison","Dagger Spray","Crippling Poison","Underhanded Strike"],"relics":["Ring of the Snake","Art of War","Golden Idol","Lizard Tail","Vajra","Membership Card"],"acts_visited":[],"potions_floor_usage":[],"damage_taken":[{"damage":0.0,"enemies":"Cultist","floor":1.0,"turns":4.0},{"damage":34.0,"enemies":"Gremlin Nob","floor":7.0,"turns":5.0},{"damage":8.0,"enemies":"Jaw Worm","floor":8.0,"turns":4.0},{"damage":10.0,"enemies":"Small Slimes","floor":11.0,"turns":2.0},{"damage":0,"enemies":"3 Sentries","floor":12,"turns":1}],"seed_played":"2467608618915025524","potions_obtained":[{"floor":5.0,"key":"SneckoOil"},{"floor":5.0,"key":"SneckoOil"},{"floor":5.0,"key":"Strength Potion"}],"is_trial":false,"path_per_floor":["M","$","?","?","?","R","E","M","T","$","M","E"],"character_chosen":"THE_SILENT","items_purchased":["Sucker Punch","Infinite Blades","Membership Card","Dagger Spray","Crippling Poison"],"campfire_rested":0,"item_purchase_floors":[2,2,10,10,10],"current_hp_per_floor":[70,70,70,65,65,65,31,23,23,23,13,13,13],"gold":41,"neow_bonus":"RANDOM_COMMON_RELIC","is_daily":false,"chose_seed":false,"campfire_upgraded":1,"win_rate":0.0,"timestamp":1610216890,"path_taken":["M","$","?","?","?","R","E","M","T","$","M","E"],"items_purchased_type":["Card","Card","Relic","Card","Card"],"build_version":"2020-12-22","purchased_purges":0,"victory":false,"max_hp_per_floor":[70,70,70,65,65,65,65,65,65,65,65,65,65],"relic_stats":{"Lizard Tail":0,"counters":[1,1],"Golden Idol":0,"Art of War":[0],"obtain_stats":[{"Lizard Tail":0,"Golden Idol":0,"Vajra":0,"Art of War":0,"Membership Card":0,"Ring of the Snake":0},{"Lizard Tail":0,"Golden Idol":0,"Vajra":0,"Art of War":0,"Membership Card":0,"Ring of the Snake":0},{"Lizard Tail":0,"Golden Idol":0,"Vajra":0,"Art of War":0,"Membership Card":0,"Ring of the Snake":0}],"Ring of the Snake":[2]},"card_choices":[{"not_picked":["Quick Slash","Deflect"],"picked":"Riddle With Holes","floor":1.0},{"not_picked":["Acrobatics","Dagger Spray"],"picked":"Prepared","floor":7.0},{"not_picked":["Sucker Punch","Poisoned Stab"],"picked":"Deadly Poison","floor":8.0},{"not_picked":["Sucker Punch","Endless Agony"],"picked":"Underhanded Strike","floor":11.0}],"player_experience":1470671,"relics_obtained":[{"floor":7.0,"key":"Lizard Tail"},{"floor":9.0,"key":"Vajra"}],"event_choices":[{"damage_healed":0.0,"max_hp_gain":0.0,"max_hp_loss":0.0,"gold_gain":175.0,"event_name":"Liars Game","player_choice":"AGREE","floor":3.0,"gold_loss":0.0,"damage_taken":0.0,"cards_obtained":["Doubt"]},{"damage_healed":0.0,"max_hp_gain":0.0,"max_hp_loss":5.0,"gold_gain":0.0,"event_name":"Golden Idol","player_choice":"Lose Max HP","floor":4.0,"gold_loss":0.0,"damage_taken":0.0,"relics_obtained":["Golden Idol"]},{"damage_healed":0.0,"max_hp_gain":0.0,"max_hp_loss":0.0,"gold_gain":0.0,"event_name":"The Woman in Blue","player_choice":"Bought 3 Potions","floor":5.0,"gold_loss":0.0,"damage_taken":0.0}],"is_beta":false,"boss_relics":[],"items_purged_floors":[],"is_endless":false,"potions_floor_spawned":[],"killed_by":"3 Sentries","ascension_level":5}}