{"host":"7k2a2omxz3voj5ax","time":1610178346,"event":{"mods":["BaseMod","Marisa£¨ìFÓê¡¡Ä§ÀíÉ³£©","Minty Spire (QoL Compilation)","Quick Restart","Spicy Shops","StSLib","Starting Relic: Pandora\u0027s Box","óô»ðÖ¸ÄÏ"],"gold_per_floor":[117,163,238,256,276,39,74,91,91,123,143,168,168,4173,3587,3665,3665,3680,3692,3429,3429,3439,3224,3256,3306,3306,3306,3337,2899,2802,2833,2416,2493,2493,2506,2526,2306,2320,2345,2377,2033,2060,2060,2060,2105,2114,2114,2138,2150,2162,2174,2186,2028,1846,1879,1879],"floor_reached":57,"playtime":1666,"items_purged":["EnergyRecoil","UpSweep","SprinkleStarSeal","MasterSpark","PowerUp","SprinkleStarSeal","WitchLeyline","DoubleSpark","MagicChant","Acceleration"],"score":3239,"play_id":"00573e17-284b-47d6-9a25-af85c6ce272c","local_time":"20210109164546","is_ascension_mode":true,"campfire_choices":[{"data":"BlazeAway","floor":27.0,"key":"SMITH"},{"data":"Deep Breath","floor":47,"key":"SMITH"},{"floor":49,"key":"RECALL"}],"circlet_count":0,"master_deck":["AscendersBane","ShootingEcho+1","GalacticHalo","FinalSpark+1","SuperPerseids+1","EarthLightRay+1","FinalSpark+1","BlazeAway+1","UltimateShortwave+1","EscapeVelocity","Deep Breath+1"],"relics":["MiniHakkero","Potion Belt","Whetstone","HornCleat","Mummified Hand","Omamori","Bag of Preparation","Membership Card","Peace Pipe","Meat on the Bone","Smiling Mask","Centennial Puzzle","Molten Egg 2","Lee\u0027s Waffle","Matryoshka","Snecko Eye","DollysMirror","Pen Nib","Old Coin","Pantograph","Torii","Tiny Chest","Happy Flower","Blood Vial","Ornamental Fan","Strange Spoon","Incense Burner","Toy Ornithopter","Regal Pillow","SimpleLauncher","PrismaticShard","Lantern","Art of War","Runic Dome","Akabeko","ClockworkSouvenir","PreservedInsect","CeramicFish","Medical Kit","War Paint","Prayer Wheel","Juzu Bracelet","Sundial","CatCart","MawBank","Bag of Marbles","Strawberry","AmplifyWand","Kunai","StrikeDummy"],"acts_visited":["Exordium","TheCity","TheBeyond","TheEnding"],"potions_floor_usage":[51,56,56,56,56],"damage_taken":[{"damage":0.0,"enemies":"Cultist","floor":1.0,"turns":2.0},{"damage":2.0,"enemies":"2 Louse","floor":4.0,"turns":2.0},{"damage":0.0,"enemies":"Jaw Worm","floor":5.0,"turns":2.0},{"damage":10.0,"enemies":"3 Sentries","floor":7.0,"turns":2.0},{"damage":0.0,"enemies":"Looter","floor":8.0,"turns":2.0},{"damage":18.0,"enemies":"Lagavulin","floor":10.0,"turns":4.0},{"damage":3.0,"enemies":"Gremlin Gang","floor":11.0,"turns":3.0},{"damage":0.0,"enemies":"Gremlin Nob","floor":12.0,"turns":3.0},{"damage":22.0,"enemies":"Hexaghost","floor":16.0,"turns":6.0},{"damage":0.0,"enemies":"Chosen","floor":18.0,"turns":2.0},{"damage":11.0,"enemies":"2 Thieves","floor":19.0,"turns":2.0},{"damage":0.0,"enemies":"Shelled Parasite and Fungi","floor":22.0,"turns":1.0},{"damage":0.0,"enemies":"Slavers","floor":24.0,"turns":1.0},{"damage":0.0,"enemies":"Gremlin Leader","floor":28.0,"turns":2.0},{"damage":0.0,"enemies":"Slavers","floor":31.0,"turns":1.0},{"damage":0.0,"enemies":"Collector","floor":33.0,"turns":3.0},{"damage":2.0,"enemies":"3 Shapes","floor":35.0,"turns":1.0},{"damage":0.0,"enemies":"Orb Walker","floor":36.0,"turns":1.0},{"damage":0.0,"enemies":"Jaw Worm Horde","floor":38.0,"turns":1.0},{"damage":0.0,"enemies":"Reptomancer","floor":40.0,"turns":1.0},{"damage":1.0,"enemies":"Giant Head","floor":42.0,"turns":3.0},{"damage":0.0,"enemies":"Orin","floor":45.0,"turns":2.0},{"damage":24,"enemies":"Time Eater","floor":50,"turns":3},{"damage":1,"enemies":"Donu and Deca","floor":51,"turns":2},{"damage":0,"enemies":"Shield and Spear","floor":55,"turns":1},{"damage":70,"enemies":"The Heart","floor":56,"turns":6}],"seed_played":"-8452356587864860217","potions_obtained":[{"floor":5.0,"key":"BottledSpark"},{"floor":7.0,"key":"PowerPotion"},{"floor":10.0,"key":"Ancient Potion"},{"floor":13.0,"key":"SkillPotion"},{"floor":13.0,"key":"LiquidMemories"},{"floor":16.0,"key":"DistilledChaos"},{"floor":18.0,"key":"SpeedPotion"},{"floor":22.0,"key":"DistilledChaos"},{"floor":55,"key":"EssenceOfSteel"}],"is_trial":false,"path_per_floor":["M","T","?","M","M","R","E","M","T","E","M","E","?","$","R","B",null,"M","M","$","?","M","R","E","?","T","R","E","R","?","E","R","B",null,"M","M","$","M","T","E","R","E","T","?","?","?","R","T","R","B","B",null,"R","$","E","B",null],"character_chosen":"MARISA","items_purchased":["Whetstone","Membership Card","Peace Pipe","Meat on the Bone","Smiling Mask","Centennial Puzzle","Molten Egg 2","Lee\u0027s Waffle","Matryoshka","DollysMirror","Pen Nib","Old Coin","Pantograph","Torii","Ornamental Fan","Strange Spoon","Incense Burner","SimpleLauncher","PrismaticShard","Lantern","Art of War","Akabeko","ClockworkSouvenir","EscapeVelocity","Medical Kit","War Paint","Prayer Wheel","Bag of Marbles","Strawberry","AmplifyWand","Kunai"],"campfire_rested":0,"item_purchase_floors":[6,14,14,14,15,15,15,15,15,20,20,23,23,23,29,29,29,32,32,32,32,37,37,37,41,41,41,53,53,54,54],"current_hp_per_floor":[45,45,34,32,32,32,22,26,26,12,13,17,17,17,77,55,72,76,69,69,47,47,47,47,47,47,47,51,51,51,53,53,82,82,80,82,82,82,82,82,82,81,81,81,82,72,72,72,72,58,81,82,89,89,89,46],"gold":1879,"neow_bonus":"THREE_RARE_CARDS","is_daily":false,"chose_seed":false,"campfire_upgraded":2,"win_rate":0.0,"timestamp":1610178346,"path_taken":["M","?","?","M","M","R","E","M","T","E","M","E","?","$","R","BOSS","M","?","$","?","M","R","E","?","T","R","E","R","?","E","R","BOSS","M","?","$","M","?","E","R","E","T","?","?","?","R","?","R","BOSS","BOSS","R","$","E","BOSS"],"items_purchased_type":["Relic","Relic","Relic","Relic","Relic","Relic","Relic","Relic","Relic","Relic","Relic","Relic","Relic","Relic","Relic","Relic","Relic","Relic","Relic","Relic","Relic","Relic","Relic","Card","Relic","Relic","Relic","Relic","Relic","Relic","Relic"],"build_version":"2020-12-22","purchased_purges":10,"victory":true,"max_hp_per_floor":[70,70,70,70,70,70,70,70,70,70,70,70,70,70,77,77,77,77,77,77,82,82,82,82,82,82,82,82,82,82,82,82,82,82,82,82,82,82,82,82,82,82,82,82,82,82,82,82,82,82,82,82,89,89,89,89],"card_choices":[{"not_picked":["CollectingQuirk","MillisecondPulsars"],"picked":"FinalSpark","floor":0.0},{"not_picked":["Robbery","WitchLeyline","ChargeUpSpray"],"picked":"SKIP","floor":1.0},{"not_picked":["SporeBomb","ShootTheMoon","OpenUniverse"],"picked":"SKIP","floor":4.0},{"not_picked":["StarlightTyphoon","SporeBomb"],"picked":"SuperPerseids","floor":5.0},{"not_picked":["WitchOfGreed","GrandCross"],"picked":"EarthLightRay","floor":7.0},{"not_picked":["EventHorizon","ShootingEcho"],"picked":"Acceleration","floor":8.0},{"not_picked":["WitchOfGreed","Acceleration","BlazingStar"],"picked":"SKIP","floor":10.0},{"not_picked":["WitchOfGreed","Acceleration","BlazingStar"],"picked":"SKIP","floor":10.0},{"not_picked":["DragonMeteor","FairyDestructionRay"],"picked":"DoubleSpark","floor":11.0},{"not_picked":["GravityBeat","JA","TreasureHunter"],"picked":"SKIP","floor":12.0},{"not_picked":["LuminesStrike+1","GalacticHalo+1","PowerUp+1"],"picked":"SKIP","floor":18.0},{"not_picked":["Acceleration","BlazingStar+1","AsteroidBelt"],"picked":"SKIP","floor":19.0},{"not_picked":["Orbital","EnergyFlow","GalacticHalo"],"picked":"SKIP","floor":22.0},{"not_picked":["ChargeUpSpray+1","MilkyWay"],"picked":"BlazeAway","floor":24.0},{"not_picked":["MeteoricShower+1","FairyDestructionRay+1","DragonMeteor+1"],"picked":"SKIP","floor":28.0},{"not_picked":["PowerUp","GalacticHalo","6A+1"],"picked":"SKIP","floor":31.0},{"not_picked":["Brilliance+1","Demon Form"],"picked":"UltimateShortwave","floor":33.0},{"not_picked":["Pray+1","Underhanded Strike+1","Shrug It Off"],"picked":"SKIP","floor":35.0},{"not_picked":["Headbutt+1","Outmaneuver","FollowUp+1"],"picked":"SKIP","floor":36.0},{"not_picked":["WindmillStrike+1","GalacticHalo+1","Vengeance"],"picked":"SKIP","floor":38.0},{"not_picked":["InnerPeace","WitchLeyline+1","Power Through"],"picked":"SKIP","floor":40.0},{"not_picked":["Hello World","Pommel Strike+1","Tantrum+1"],"picked":"SKIP","floor":42.0},{"not_picked":["Secret Weapon","Good Instincts"],"picked":"Deep Breath","floor":46},{"not_picked":["Prepared","Go for the Eyes+1","Sanctity"],"picked":"SKIP","floor":55}],"player_experience":419715,"relics_obtained":[{"floor":2.0,"key":"Potion Belt"},{"floor":7.0,"key":"HornCleat"},{"floor":9.0,"key":"Mummified Hand"},{"floor":10.0,"key":"Omamori"},{"floor":12.0,"key":"Bag of Preparation"},{"floor":24.0,"key":"Tiny Chest"},{"floor":26.0,"key":"Happy Flower"},{"floor":28.0,"key":"Blood Vial"},{"floor":31.0,"key":"Regal Pillow"},{"floor":39.0,"key":"PreservedInsect"},{"floor":39.0,"key":"CeramicFish"},{"floor":42.0,"key":"Juzu Bracelet"},{"floor":43.0,"key":"Sundial"},{"floor":45.0,"key":"CatCart"},{"floor":48,"key":"MawBank"},{"floor":55,"key":"StrikeDummy"}],"event_choices":[{"damage_healed":0.0,"max_hp_gain":0.0,"max_hp_loss":0.0,"gold_gain":75.0,"event_name":"World of Goop","player_choice":"Gather Gold","floor":3.0,"gold_loss":0.0,"damage_taken":11.0},{"damage_healed":0.0,"max_hp_gain":0.0,"max_hp_loss":0.0,"gold_gain":0.0,"event_name":"Lab","player_choice":"Got Potions","floor":13.0,"gold_loss":0.0,"damage_taken":0.0},{"damage_healed":0.0,"max_hp_gain":5.0,"max_hp_loss":0.0,"gold_gain":0.0,"event_name":"Forgotten Altar","player_choice":"Shed Blood","floor":21.0,"gold_loss":0.0,"damage_taken":27.0},{"damage_healed":0.0,"max_hp_gain":0.0,"max_hp_loss":0.0,"gold_gain":50.0,"event_name":"Nest","player_choice":"Stole From Cult","floor":25.0,"gold_loss":0.0,"damage_taken":0.0},{"damage_healed":0.0,"max_hp_gain":0.0,"max_hp_loss":0.0,"gold_gain":0.0,"event_name":"WeMeetAgain","player_choice":"Paid Gold","floor":30.0,"gold_loss":97.0,"damage_taken":0.0,"relics_obtained":["Toy Ornithopter"]},{"damage_healed":0.0,"max_hp_gain":0.0,"max_hp_loss":0.0,"gold_gain":0.0,"event_name":"Accursed Blacksmith","player_choice":"Forge","floor":44.0,"gold_loss":0.0,"damage_taken":0.0,"cards_upgraded":["UltimateShortwave"]},{"damage_healed":0.0,"max_hp_gain":0.0,"max_hp_loss":0.0,"gold_gain":0.0,"event_name":"OrinTheCat","player_choice":"Fight","floor":45.0,"gold_loss":0.0,"damage_taken":0.0},{"damage_healed":0,"gold_gain":0,"player_choice":"Memory 3","damage_taken":10,"max_hp_gain":0,"max_hp_loss":0,"event_name":"SensoryStone","floor":46,"gold_loss":0}],"is_beta":false,"boss_relics":[{"not_picked":["Velvet Choker","Empty Cage"],"picked":"Snecko Eye"},{"not_picked":["Busted Crown","Philosopher\u0027s Stone"],"picked":"Runic Dome"}],"items_purged_floors":[6,14,15,15,20,20,23,29,37,41],"is_endless":false,"potions_floor_spawned":[5,7,10,16,18,22,24,38,40,45,55],"ascension_level":20}}