{"host":"skzt5oiq3jmvln28","time":1610187491,"event":{"mods":["AchievementEnabler","Act Like it!","BaseMod","GifTheSpireLib","Minty Spire (QoL Compilation)","StSLib","The Saiyan"],"gold_per_floor":[90,101,111,111,111,123,152,167,167,167,191,211,230,230,230,332,332,332,332],"floor_reached":18,"playtime":1589,"items_purged":[],"score":189,"play_id":"09289b96-2b97-42aa-a8ae-7174dc889c4f","local_time":"20210109021811","is_ascension_mode":false,"campfire_choices":[{"floor":10,"key":"REST"},{"floor":15,"key":"REST"}],"circlet_count":0,"master_deck":["Saiyan:SAIYA_Strike","Saiyan:SAIYA_Strike","Saiyan:SAIYA_Strike","Saiyan:SAIYA_Strike+1","Saiyan:SAIYA_Defend","Saiyan:SAIYA_Defend","Saiyan:SAIYA_Defend","Saiyan:SAIYA_Defend","Saiyan:EnergyBlast","Saiyan:KaioKen+1","Saiyan:RuthlessBlow","Saiyan:Scouter","Saiyan:BackAttack","Saiyan:PowerUp","Saiyan:CCCapsule","Saiyan:Flurry","Saiyan:Kienzan+1","Saiyan:PlotArmor","Saiyan:Planning","Saiyan:SenzuBean"],"relics":["SaiyanSoul","SaiyanHeart","Mercury Hourglass","White Beast Statue","Whetstone","Busted Crown"],"acts_visited":["Exordium","TheCity"],"potions_floor_usage":[7,16],"damage_taken":[{"damage":2,"enemies":"Small Slimes","floor":1,"turns":3},{"damage":4,"enemies":"Jaw Worm","floor":2,"turns":4},{"damage":0,"enemies":"Cultist","floor":3,"turns":4},{"damage":0,"enemies":"Red Slaver","floor":6,"turns":4},{"damage":26,"enemies":"3 Sentries","floor":7,"turns":10},{"damage":17,"enemies":"3 Louse","floor":8,"turns":2},{"damage":4,"enemies":"Exordium Wildlife","floor":12,"turns":3},{"damage":0,"enemies":"Lots of Slimes","floor":13,"turns":3},{"damage":24,"enemies":"Slime Boss","floor":16,"turns":11},{"damage":79,"enemies":"Spheric Guardian","floor":18,"turns":12}],"seed_played":"3853715975964025507","potions_obtained":[{"floor":1,"key":"Block Potion"},{"floor":8,"key":"AttackPotion"},{"floor":12,"key":"Swift Potion"},{"floor":13,"key":"DuplicationPotion"},{"floor":16,"key":"Ancient Potion"}],"is_trial":false,"path_per_floor":["M","M","M","?","?","M","E","M","T","R","T","M","M","?","R","B",null,"M"],"character_chosen":"SAIYAJIN","items_purchased":[],"campfire_rested":2,"item_purchase_floors":[],"current_hp_per_floor":[64,60,61,66,66,67,41,24,24,45,45,42,43,43,65,42,76,0,0],"gold":332,"neow_bonus":"TEN_PERCENT_HP_BONUS","is_daily":false,"chose_seed":false,"campfire_upgraded":0,"win_rate":0.0,"timestamp":1610187491,"path_taken":["M","M","M","?","?","M","E","M","T","R","?","M","M","?","R","BOSS","M"],"items_purchased_type":[],"build_version":"2020-12-22","purchased_purges":0,"victory":false,"max_hp_per_floor":[66,66,67,72,72,73,73,73,73,73,73,74,75,75,75,76,76,78,78],"card_choices":[{"not_picked":["Saiyan:DragonRadar","Saiyan:PlotArmor"],"picked":"Saiyan:Scouter","floor":1},{"not_picked":["Saiyan:SoulSpice","Saiyan:FingerParry"],"picked":"Saiyan:BackAttack","floor":2},{"not_picked":["Saiyan:Expend","Saiyan:DoubleMasenko"],"picked":"Saiyan:PowerUp","floor":3},{"not_picked":["Saiyan:Fly","Saiyan:Planning"],"picked":"Saiyan:CCCapsule","floor":6},{"not_picked":["Saiyan:TheBomb","Saiyan:Kienzan"],"picked":"Saiyan:Flurry","floor":7},{"not_picked":["Saiyan:SpiritSword","Saiyan:BurningSoul"],"picked":"Saiyan:Kienzan","floor":8},{"not_picked":["Saiyan:PowerPole","Saiyan:FingerParry"],"picked":"Saiyan:PlotArmor","floor":12},{"not_picked":["Saiyan:ExtremeSpeed","Saiyan:Kienzan"],"picked":"Saiyan:Planning","floor":13},{"not_picked":["Saiyan:MindBoom","Saiyan:HyperTimeChamber"],"picked":"Saiyan:SenzuBean","floor":16}],"player_experience":19902,"relics_obtained":[{"floor":7,"key":"Mercury Hourglass"},{"floor":9,"key":"White Beast Statue"},{"floor":11,"key":"Whetstone"}],"event_choices":[{"damage_healed":0,"gold_gain":0,"player_choice":"Donut","damage_taken":0,"max_hp_gain":5,"max_hp_loss":0,"event_name":"Big Fish","floor":4,"gold_loss":0},{"damage_healed":0,"gold_gain":0,"player_choice":"Ignored","damage_taken":0,"max_hp_gain":0,"max_hp_loss":0,"event_name":"Liars Game","floor":5,"gold_loss":0},{"damage_healed":0,"gold_gain":0,"player_choice":"Forge","damage_taken":0,"max_hp_gain":0,"max_hp_loss":0,"event_name":"Accursed Blacksmith","floor":14,"gold_loss":0,"cards_upgraded":["Saiyan:KaioKen"]}],"is_beta":false,"boss_relics":[{"not_picked":["SlaversCollar","Runic Pyramid"],"picked":"Busted Crown"}],"items_purged_floors":[],"is_endless":false,"potions_floor_spawned":[1,8,12,13,16],"killed_by":"Spheric Guardian","ascension_level":0}}