{"host":"s41rn2jhghpwfrvz","time":1610220922,"event":{"mods":["BaseMod","Minty Spire (QoL Compilation)","Quick Restart","Relic Stats","SuperFastMode"],"gold_per_floor":[119,119,139,139,151,163,163,197,197,207,207,236,249,265,265,340,340,358,390,280,295,307,307,334,344,415,449,464,483,312,342,342,413,413,432,444,60,71,88,118,118,146,146,175,175,203,203,231,231,231,231,231,231,71,101,101],"floor_reached":57,"playtime":2061,"items_purged":[],"score":3998,"play_id":"09a9b8c9-e5d7-4dbe-ae9b-a8a76989209a","local_time":"20210109213522","daily_mods":["SealedDeck","Vintage","Diverse"],"is_ascension_mode":true,"campfire_choices":[{"data":"Deadly Poison","floor":7,"key":"SMITH"},{"data":"Acrobatics","floor":15,"key":"SMITH"},{"data":"Blur","floor":23,"key":"SMITH"},{"floor":32,"key":"RECALL"},{"data":"Berserk","floor":41,"key":"SMITH"},{"data":"Adrenaline","floor":47,"key":"SMITH"},{"data":"Master of Strategy","floor":49,"key":"SMITH"},{"data":"Storm","floor":53,"key":"PURGE"}],"circlet_count":0,"master_deck":["AscendersBane","Caltrops","Turbo+1","Blur+1","Shrug It Off+1","Acrobatics+1","Berserk+1","Master of Strategy+1","Body Slam+1","Adrenaline+1"],"relics":["Burning Blood","Lantern","Mummified Hand","Bottled Lightning","Boot","Strawberry","Nunchaku","Vajra","InkBottle","HornCleat","Potion Belt","Empty Cage","Whetstone","Red Mask","Mercury Hourglass","Molten Egg 2","Toy Ornithopter","StrikeDummy","Matryoshka","Ornamental Fan","Oddly Smooth Stone","Dream Catcher","OrangePellets","Coffee Dripper","Omamori","Peace Pipe","Anchor","PreservedInsect","Unceasing Top","Prayer Wheel","Question Card","Red Skull","Thread and Needle","Gremlin Horn","Pantograph","Medical Kit","Centennial Puzzle"],"acts_visited":["Exordium","TheCity","TheBeyond","TheEnding"],"potions_floor_usage":[33,56,56,56,56],"damage_taken":[{"damage":1,"enemies":"Cultist","floor":1,"turns":5},{"damage":0,"enemies":"2 Louse","floor":3,"turns":3},{"damage":7,"enemies":"Jaw Worm","floor":5,"turns":3},{"damage":0,"enemies":"Looter","floor":6,"turns":3},{"damage":40,"enemies":"Gremlin Nob","floor":8,"turns":4},{"damage":1,"enemies":"Red Slaver","floor":10,"turns":3},{"damage":0,"enemies":"Lagavulin","floor":12,"turns":6},{"damage":1,"enemies":"Lots of Slimes","floor":13,"turns":2},{"damage":0,"enemies":"Exordium Thugs","floor":14,"turns":3},{"damage":12,"enemies":"Slime Boss","floor":16,"turns":8},{"damage":0,"enemies":"2 Thieves","floor":18,"turns":4},{"damage":74,"enemies":"Masked Bandits","floor":19,"turns":6},{"damage":0,"enemies":"Shell Parasite","floor":21,"turns":4},{"damage":0,"enemies":"Centurion and Healer","floor":22,"turns":7},{"damage":0,"enemies":"Gremlin Leader","floor":24,"turns":5},{"damage":0,"enemies":"Snake Plant","floor":25,"turns":3},{"damage":0,"enemies":"Book of Stabbing","floor":27,"turns":4},{"damage":0,"enemies":"3 Cultists","floor":28,"turns":4},{"damage":0,"enemies":"Centurion and Healer","floor":29,"turns":5},{"damage":0,"enemies":"Gremlin Leader","floor":31,"turns":5},{"damage":12,"enemies":"Automaton","floor":33,"turns":10},{"damage":0,"enemies":"3 Shapes","floor":35,"turns":3},{"damage":0,"enemies":"3 Darklings","floor":36,"turns":4},{"damage":0,"enemies":"Maw","floor":38,"turns":6},{"damage":0,"enemies":"4 Shapes","floor":39,"turns":5},{"damage":0,"enemies":"Giant Head","floor":40,"turns":6},{"damage":75,"enemies":"Reptomancer","floor":42,"turns":4},{"damage":0,"enemies":"Giant Head","floor":44,"turns":2},{"damage":0,"enemies":"Reptomancer","floor":46,"turns":2},{"damage":0,"enemies":"Nemesis","floor":48,"turns":2},{"damage":0,"enemies":"Donu and Deca","floor":50,"turns":2},{"damage":0,"enemies":"Time Eater","floor":51,"turns":4},{"damage":0,"enemies":"Shield and Spear","floor":55,"turns":1},{"damage":0,"enemies":"The Heart","floor":56,"turns":4}],"seed_played":"-8094615361584457482","potions_obtained":[{"floor":5,"key":"EssenceOfSteel"},{"floor":12,"key":"CultistPotion"},{"floor":18,"key":"Strength Potion"},{"floor":22,"key":"Fire Potion"},{"floor":35,"key":"SpeedPotion"}],"is_trial":true,"path_per_floor":["M","?","M","$","M","M","R","E","T","M","?","E","M","M","R","B",null,"M","?","?","M","M","R","E","M","T","E","M","M","$","E","R","B",null,"M","M","$","M","M","E","R","E","T","E","?","E","R","E","R","B","B",null,"R","$","E","B",null],"character_chosen":"IRONCLAD","items_purchased":["OrangePellets","Anchor","Master of Strategy","Medical Kit"],"campfire_rested":0,"item_purchase_floors":[30,37,37,54],"current_hp_per_floor":[73,73,75,75,74,75,75,48,48,53,28,34,39,45,45,39,71,77,9,9,15,21,21,27,33,33,39,45,51,51,57,57,56,76,82,82,82,82,82,82,82,13,13,19,19,25,25,31,31,62,82,82,82,82,82,82],"gold":101,"neow_bonus":"","is_daily":false,"chose_seed":false,"campfire_upgraded":6,"win_rate":0.0,"timestamp":1610220922,"path_taken":["M","?","M","$","M","M","R","E","T","M","?","E","M","M","R","BOSS","M","?","?","M","M","R","E","M","T","E","M","M","$","E","R","BOSS","M","M","$","M","M","E","R","E","T","E","?","E","R","E","R","BOSS","BOSS","R","$","E","BOSS"],"items_purchased_type":["Relic","Relic","Card","Relic"],"build_version":"2020-12-22","purchased_purges":0,"victory":true,"max_hp_per_floor":[75,75,75,75,75,75,75,82,82,82,82,82,82,82,82,82,82,82,82,82,82,82,82,82,82,82,82,82,82,82,82,82,82,82,82,82,82,82,82,82,82,82,82,82,82,82,82,82,82,82,82,82,82,82,82,82],"relic_stats":{"Gremlin Horn":[2,2],"counters":[34,142],"PreservedInsect":508,"Whetstone":[],"Boot":[33],"Question Card":4,"Medical Kit":[9],"Burning Blood":153,"Mercury Hourglass":[427],"Peace Pipe":1,"OrangePellets":[9],"Nunchaku":[6],"Dream Catcher":0,"Centennial Puzzle":[0],"Mummified Hand":[74],"Ornamental Fan":[36],"Pantograph":45,"Prayer Wheel":0,"obtain_stats":[{"Lantern":1,"Gremlin Horn":46,"Vajra":10,"Whetstone":18,"Boot":6,"Empty Cage":17,"Burning Blood":0,"Nunchaku":9,"Dream Catcher":29,"Centennial Puzzle":55,"HornCleat":13,"Matryoshka":26,"Mummified Hand":3,"Strawberry":8,"Pantograph":48,"Prayer Wheel":40,"Red Mask":19,"InkBottle":12,"Red Skull":43,"Potion Belt":14,"Oddly Smooth Stone":28,"Thread and Needle":44,"PreservedInsect":38,"Omamori":35,"Question Card":42,"Medical Kit":54,"Mercury Hourglass":21,"Peace Pipe":36,"OrangePellets":30,"Anchor":37,"Ornamental Fan":27,"Molten Egg 2":22,"Coffee Dripper":34,"Bottled Lightning":5,"StrikeDummy":25,"Toy Ornithopter":24,"Unceasing Top":39},{"Lantern":1,"Gremlin Horn":29,"Vajra":6,"Whetstone":11,"Boot":4,"Empty Cage":10,"Burning Blood":0,"Nunchaku":5,"Dream Catcher":19,"Centennial Puzzle":33,"HornCleat":8,"Matryoshka":16,"Mummified Hand":2,"Strawberry":5,"Pantograph":30,"Prayer Wheel":26,"Red Mask":12,"InkBottle":7,"Red Skull":27,"Potion Belt":9,"Oddly Smooth Stone":18,"Thread and Needle":28,"PreservedInsect":24,"Omamori":22,"Question Card":27,"Medical Kit":32,"Mercury Hourglass":13,"Peace Pipe":23,"OrangePellets":19,"Anchor":23,"Ornamental Fan":17,"Molten Egg 2":14,"Coffee Dripper":21,"Bottled Lightning":3,"StrikeDummy":16,"Toy Ornithopter":15,"Unceasing Top":25},{"Lantern":5,"Gremlin Horn":129,"Vajra":21,"Whetstone":44,"Boot":14,"Empty Cage":40,"Burning Blood":0,"Nunchaku":18,"Dream Catcher":82,"Centennial Puzzle":138,"HornCleat":29,"Matryoshka":69,"Mummified Hand":8,"Strawberry":18,"Pantograph":131,"Prayer Wheel":121,"Red Mask":50,"InkBottle":27,"Red Skull":125,"Potion Belt":32,"Oddly Smooth Stone":77,"Thread and Needle":127,"PreservedInsect":110,"Omamori":100,"Question Card":125,"Medical Kit":137,"Mercury Hourglass":54,"Peace Pipe":104,"OrangePellets":82,"Anchor":104,"Ornamental Fan":73,"Molten Egg 2":61,"Coffee Dripper":97,"Bottled Lightning":11,"StrikeDummy":69,"Toy Ornithopter":66,"Unceasing Top":115}],"InkBottle":[74],"Toy Ornithopter":5,"Unceasing Top":[9]},"card_choices":[{"not_picked":["FearNoEvil","Headbutt","Night Terror"],"picked":"SKIP","floor":8},{"not_picked":["Shrug It Off","Aggregate","Beam Cell"],"picked":"SKIP","floor":12},{"not_picked":["ForeignInfluence","Uppercut+1","Dagger Throw+1"],"picked":"SKIP","floor":24},{"not_picked":["Cold Snap+1","Eviscerate+1","Sentinel"],"picked":"SKIP","floor":27},{"not_picked":["Conclude+1","Cloak And Dagger","Shrug It Off+1"],"picked":"SKIP","floor":31},{"not_picked":["Demon Form","Vault"],"picked":"Berserk","floor":33},{"not_picked":["Fire Breathing","SandsOfTime+1","Redo+1"],"picked":"SKIP","floor":40},{"not_picked":["Streamline+1","Stack"],"picked":"Body Slam+1","floor":42},{"not_picked":["Sweeping Beam+1","Study","Rage+1"],"picked":"Adrenaline","floor":44},{"not_picked":["Cleave+1","ClearTheMind","FlurryOfBlows+1","JustLucky+1"],"picked":"SKIP","floor":46},{"not_picked":["Leap","Swivel+1","Genetic Algorithm","Hemokinesis+1"],"picked":"SKIP","floor":48},{"not_picked":["Noxious Fumes+1","Turbo","Flying Knee+1","Infernal Blade+1"],"picked":"SKIP","floor":55}],"player_experience":1693908,"relics_obtained":[{"floor":1,"key":"Lantern"},{"floor":3,"key":"Mummified Hand"},{"floor":5,"key":"Bottled Lightning"},{"floor":6,"key":"Boot"},{"floor":8,"key":"Strawberry"},{"floor":9,"key":"Nunchaku"},{"floor":10,"key":"Vajra"},{"floor":12,"key":"InkBottle"},{"floor":13,"key":"HornCleat"},{"floor":14,"key":"Potion Belt"},{"floor":18,"key":"Whetstone"},{"floor":19,"key":"Red Mask"},{"floor":21,"key":"Mercury Hourglass"},{"floor":22,"key":"Molten Egg 2"},{"floor":24,"key":"Toy Ornithopter"},{"floor":25,"key":"StrikeDummy"},{"floor":26,"key":"Matryoshka"},{"floor":27,"key":"Ornamental Fan"},{"floor":28,"key":"Oddly Smooth Stone"},{"floor":29,"key":"Dream Catcher"},{"floor":35,"key":"Omamori"},{"floor":36,"key":"Peace Pipe"},{"floor":38,"key":"PreservedInsect"},{"floor":39,"key":"Unceasing Top"},{"floor":40,"key":"Prayer Wheel"},{"floor":42,"key":"Question Card"},{"floor":43,"key":"Red Skull"},{"floor":44,"key":"Thread and Needle"},{"floor":46,"key":"Gremlin Horn"},{"floor":48,"key":"Pantograph"},{"floor":55,"key":"Centennial Puzzle"}],"event_choices":[{"damage_healed":0,"gold_gain":0,"player_choice":"Ignored","damage_taken":0,"max_hp_gain":0,"max_hp_loss":0,"event_name":"Liars Game","floor":2,"gold_loss":0},{"damage_healed":0,"gold_gain":0,"player_choice":"Entered Light","damage_taken":25,"max_hp_gain":0,"max_hp_loss":0,"event_name":"Shining Light","floor":11,"gold_loss":0,"cards_upgraded":["Shrug It Off","True Grit"]},{"damage_healed":0,"gold_gain":0,"player_choice":"Fought Bandits","damage_taken":0,"max_hp_gain":0,"max_hp_loss":0,"event_name":"Masked Bandits","floor":19,"gold_loss":0},{"cards_removed":["True Grit"],"damage_healed":0,"gold_gain":0,"player_choice":"Upgrade and Remove","damage_taken":0,"max_hp_gain":0,"max_hp_loss":0,"event_name":"Designer","floor":20,"gold_loss":110,"cards_upgraded":["Turbo"]},{"cards_removed":["Deadly Poison"],"damage_healed":0,"gold_gain":0,"player_choice":"Purged","damage_taken":0,"max_hp_gain":0,"max_hp_loss":0,"event_name":"Purifier","floor":45,"gold_loss":0}],"is_beta":false,"boss_relics":[{"not_picked":["Fusion Hammer","SlaversCollar"],"picked":"Empty Cage"},{"not_picked":["Black Star","Mark of Pain"],"picked":"Coffee Dripper"}],"items_purged_floors":[],"is_endless":false,"potions_floor_spawned":[5,12,13,18,19,22,27,35,38,39,40],"ascension_level":20}}