{"host":"uxq2rly8rxtwffuf","time":1610197885,"event":{"mods":["BaseMod","Koishi","Minty Spire (QoL Compilation)","StSLib","The Judge","The Servant 0.9.4"],"gold_per_floor":[118,43,143,154,165,165,181,37,60,60,72,106,106,119,119,216,216,230,280,290,302,42,77,152,152,152,152,152],"floor_reached":27,"playtime":944,"items_purged":["Defend_G"],"score":413,"play_id":"3869239e-3666-4979-9fd9-6a15a262eba6","local_time":"20210109161125","is_ascension_mode":true,"campfire_choices":[{"data":"Cloak And Dagger","floor":6,"key":"SMITH"},{"floor":13,"key":"REST"},{"data":"Poisoned Stab","floor":15,"key":"SMITH"},{"floor":25,"key":"REST"}],"circlet_count":0,"master_deck":["AscendersBane","Strike_G","Strike_G","Strike_G","Strike_G","Defend_G","Defend_G","Defend_G+1","Survivor+1","Neutralize","Cloak And Dagger+1","Masterful Stab","Cloak And Dagger","Endless Agony","Crippling Poison","Poisoned Stab+1","Die Die Die","Bouncing Flask","Backflip","Deflect"],"relics":["Ring of the Snake","Anchor","PreservedInsect","Snake Skull","Sozu","HornCleat","Sundial","War Paint"],"acts_visited":["Exordium","TheCity"],"potions_floor_usage":[12,21],"damage_taken":[{"damage":1,"enemies":"Small Slimes","floor":1,"turns":4},{"damage":2,"enemies":"Cultist","floor":4,"turns":4},{"damage":0,"enemies":"Jaw Worm","floor":5,"turns":3},{"damage":4,"enemies":"Exordium Thugs","floor":7,"turns":5},{"damage":0,"enemies":"Exordium Wildlife","floor":11,"turns":4},{"damage":0,"enemies":"Lagavulin","floor":12,"turns":5},{"damage":0,"enemies":"Blue Slaver","floor":14,"turns":3},{"damage":37,"enemies":"The Guardian","floor":16,"turns":11},{"damage":20,"enemies":"Shell Parasite","floor":18,"turns":5},{"damage":0,"enemies":"Chosen","floor":20,"turns":3},{"damage":7,"enemies":"Snake Plant","floor":21,"turns":4},{"damage":1,"enemies":"Gremlin Leader","floor":23,"turns":5},{"damage":56,"enemies":"Cultist and Chosen","floor":27,"turns":7}],"seed_played":"4089363837940166695","potions_obtained":[{"floor":5,"key":"SkillPotion"},{"floor":7,"key":"Weak Potion"}],"is_trial":false,"path_per_floor":["M","$","?","M","M","R","M","$","T","$","M","E","R","M","R","B",null,"M","?","M","M","$","E","?","R","T","M"],"character_chosen":"THE_SILENT","items_purchased":["Anchor","HornCleat"],"campfire_rested":2,"item_purchase_floors":[8,22],"current_hp_per_floor":[44,44,44,42,42,42,38,38,38,38,38,38,59,59,59,22,58,38,38,38,31,31,30,23,44,44,0,0],"gold":152,"neow_bonus":"REMOVE_TWO","is_daily":false,"chose_seed":false,"campfire_upgraded":2,"win_rate":0.0,"timestamp":1610197885,"path_taken":["M","$","?","M","M","R","?","$","T","?","M","E","R","M","R","BOSS","M","?","?","M","$","E","?","R","T","M"],"items_purchased_type":["Relic","Relic"],"build_version":"2020-12-22","purchased_purges":1,"victory":false,"max_hp_per_floor":[70,70,70,70,70,70,70,70,70,70,70,70,70,70,70,70,70,70,70,70,70,70,70,70,70,70,70,70],"card_choices":[{"not_picked":["Quick Slash","Dagger Throw"],"picked":"Cloak And Dagger","floor":1},{"not_picked":["Acrobatics","Poisoned Stab"],"picked":"Masterful Stab","floor":4},{"not_picked":["Underhanded Strike","Eviscerate","Backflip"],"picked":"SKIP","floor":5},{"not_picked":["Bouncing Flask","Underhanded Strike"],"picked":"Cloak And Dagger","floor":7},{"not_picked":["Leg Sweep","Concentrate"],"picked":"Endless Agony","floor":11},{"not_picked":["Choke","Dagger Throw"],"picked":"Crippling Poison","floor":12},{"not_picked":["Setup","Dagger Throw"],"picked":"Poisoned Stab","floor":14},{"not_picked":["Bullet Time","Burst"],"picked":"Die Die Die","floor":16},{"not_picked":["Acrobatics","PiercingWail"],"picked":"Bouncing Flask","floor":18},{"not_picked":["Flying Knee","Bane"],"picked":"Backflip","floor":20},{"not_picked":["Flying Knee","Reflex"],"picked":"Deflect","floor":21},{"not_picked":["Bane","Dagger Spray+1","Deflect"],"picked":"SKIP","floor":23}],"player_experience":1390425,"relics_obtained":[{"floor":9,"key":"PreservedInsect"},{"floor":12,"key":"Snake Skull"},{"floor":23,"key":"Sundial"},{"floor":26,"key":"War Paint"}],"event_choices":[{"damage_healed":0,"gold_gain":100,"player_choice":"Pray","damage_taken":0,"max_hp_gain":0,"max_hp_loss":0,"event_name":"Golden Shrine","floor":3,"gold_loss":0},{"damage_healed":0,"gold_gain":100,"player_choice":"Bet on Murderer","damage_taken":0,"max_hp_gain":0,"max_hp_loss":0,"event_name":"The Joust","floor":19,"gold_loss":50},{"damage_healed":0,"gold_gain":75,"player_choice":"Touch","damage_taken":7,"max_hp_gain":0,"max_hp_loss":0,"event_name":"FaceTrader","floor":24,"gold_loss":0}],"is_beta":false,"boss_relics":[{"not_picked":["Philosopher\u0027s Stone","Coffee Dripper"],"picked":"Sozu"}],"items_purged_floors":[2],"is_endless":false,"potions_floor_spawned":[5,7,11,21,23],"killed_by":"Cultist and Chosen","ascension_level":12}}