{"host":"cs4mnqnj3e1ejebq","time":1610188772,"event":{"mods":["BaseMod","Hermit","Minty Spire (QoL Compilation)","StSLib","The Runesmith"],"gold_per_floor":[116,132,207,207,55,90,103,134,134,134,134,164,177,228,228,326,326,337,337,412,423,436,436,436],"floor_reached":23,"playtime":955,"items_purged":[],"score":282,"play_id":"69c53924-e749-42b0-a859-71918a19544d","local_time":"20210109193932","is_ascension_mode":true,"campfire_choices":[{"floor":10.0,"key":"REST"},{"floor":15.0,"key":"REST"}],"circlet_count":0,"master_deck":["Strike_G","Strike_G","Strike_G","Strike_G","Defend_G","Defend_G","Defend_G","Defend_G","Defend_G","Survivor","Neutralize","Slice","Choke","Terror","Acrobatics","Calculated Gamble","Endless Agony"],"relics":["Ring of the Snake","Lantern","MealTicket","Pocketwatch","Art of War","Gremlin Horn","Ninja Scroll","Orichalcum","Coffee Dripper"],"acts_visited":["Exordium","TheCity"],"potions_floor_usage":[23],"damage_taken":[{"damage":3.0,"enemies":"Small Slimes","floor":1.0,"turns":5.0},{"damage":3.0,"enemies":"Jaw Worm","floor":2.0,"turns":5.0},{"damage":17.0,"enemies":"3 Sentries","floor":6.0,"turns":13.0},{"damage":1.0,"enemies":"2 Louse","floor":7.0,"turns":3.0},{"damage":6.0,"enemies":"Gremlin Nob","floor":8.0,"turns":3.0},{"damage":17.0,"enemies":"Lagavulin","floor":12.0,"turns":5.0},{"damage":0.0,"enemies":"2 Fungi Beasts","floor":13.0,"turns":1.0},{"damage":22.0,"enemies":"The Guardian","floor":16.0,"turns":10.0},{"damage":0.0,"enemies":"3 Byrds","floor":18.0,"turns":5.0},{"damage":6,"enemies":"2 Thieves","floor":21,"turns":4},{"damage":5,"enemies":"Shelled Parasite and Fungi","floor":22,"turns":4},{"damage":42,"enemies":"Slavers","floor":23,"turns":4}],"seed_played":"5114090892432710004","potions_obtained":[{"floor":1.0,"key":"Weak Potion"},{"floor":2.0,"key":"SpeedPotion"},{"floor":8.0,"key":"ColorlessPotion"},{"floor":12.0,"key":"Poison Potion"},{"floor":18.0,"key":"DuplicationPotion"}],"is_trial":false,"path_per_floor":["M","M","?","?","$","E","M","E","T","R","?","E","M","T","R","B",null,"M","?","?","M","M","E"],"character_chosen":"THE_SILENT","items_purchased":["MealTicket"],"campfire_rested":2,"item_purchase_floors":[5],"current_hp_per_floor":[60,57,46,28,28,11,10,4,4,25,25,8,8,8,29,7,54,54,54,47,41,36,0,0],"gold":436,"neow_bonus":"THREE_CARDS","is_daily":false,"chose_seed":false,"campfire_upgraded":0,"win_rate":0.0,"timestamp":1610188772,"path_taken":["M","M","?","?","$","E","M","E","T","R","?","E","M","?","R","BOSS","M","?","?","M","M","E"],"items_purchased_type":["Relic"],"build_version":"2020-12-22","purchased_purges":0,"victory":false,"max_hp_per_floor":[70,70,70,70,70,70,70,70,70,70,70,70,70,70,70,70,70,70,70,70,70,70,70,70],"card_choices":[{"not_picked":["Sucker Punch","Poisoned Stab"],"picked":"Slice","floor":0.0},{"not_picked":["Dagger Spray","Predator","Flying Knee"],"picked":"SKIP","floor":1.0},{"not_picked":["Poisoned Stab","Well Laid Plans"],"picked":"Choke","floor":2.0},{"not_picked":["Backflip","Dodge and Roll"],"picked":"Terror","floor":6.0},{"not_picked":["Predator","Deadly Poison","Noxious Fumes"],"picked":"SKIP","floor":7.0},{"not_picked":["Setup","Bane"],"picked":"Acrobatics","floor":8.0},{"not_picked":["Underhanded Strike","Footwork"],"picked":"Calculated Gamble","floor":12.0},{"not_picked":["Catalyst","Slice"],"picked":"Endless Agony","floor":13.0},{"not_picked":["Poisoned Stab","Riddle With Holes","Heel Hook"],"picked":"SKIP","floor":18.0},{"not_picked":["Poisoned Stab","Riddle With Holes","Heel Hook"],"picked":"SKIP","floor":18.0},{"not_picked":["Riddle With Holes+1","Deflect","Sucker Punch"],"picked":"SKIP","floor":21},{"not_picked":["Dagger Spray","Heel Hook","Choke"],"picked":"SKIP","floor":22}],"player_experience":211004,"relics_obtained":[{"floor":6.0,"key":"Pocketwatch"},{"floor":8.0,"key":"Art of War"},{"floor":9.0,"key":"Gremlin Horn"},{"floor":12.0,"key":"Ninja Scroll"},{"floor":14.0,"key":"Orichalcum"}],"event_choices":[{"damage_healed":0.0,"max_hp_gain":0.0,"max_hp_loss":0.0,"gold_gain":75.0,"event_name":"World of Goop","player_choice":"Gather Gold","floor":3.0,"gold_loss":0.0,"damage_taken":11.0},{"damage_healed":0.0,"max_hp_gain":0.0,"max_hp_loss":0.0,"gold_gain":0.0,"event_name":"Scrap Ooze","player_choice":"Success","floor":4.0,"gold_loss":0.0,"damage_taken":18.0,"relics_obtained":["Lantern"]},{"cards_removed":["Strike_G"],"damage_healed":0.0,"max_hp_gain":0.0,"max_hp_loss":0.0,"gold_gain":0.0,"event_name":"Living Wall","player_choice":"Forget","floor":11.0,"gold_loss":0.0,"damage_taken":0.0},{"damage_healed":0.0,"max_hp_gain":0.0,"max_hp_loss":0.0,"gold_gain":0.0,"event_name":"Vampires","player_choice":"Ignored","floor":19.0,"gold_loss":0.0,"damage_taken":0.0},{"damage_healed":0,"gold_gain":75,"player_choice":"Touch","damage_taken":7,"max_hp_gain":0,"max_hp_loss":0,"event_name":"FaceTrader","floor":20,"gold_loss":0}],"is_beta":false,"boss_relics":[{"not_picked":["Cursed Key","Runic Pyramid"],"picked":"Coffee Dripper"}],"items_purged_floors":[],"is_endless":false,"potions_floor_spawned":[1,2,8,12,18],"killed_by":"Slavers","ascension_level":7}}