{"host":"esx1hwjnbftf3eqj","time":1610158523,"event":{"mods":["BaseMod","Colored Map","Minty Spire (QoL Compilation)","StSLib","The Jungle"],"gold_per_floor":[109,123,48,198,198,223,67,67,67,96,96,107,120,148,148,232,232,257,284,293,121,141,141,176,176,176,176,208,233,251,270,270,357,357,369,380,403,422,442,442,475,475,475,495,495,538,538,565,565,565],"floor_reached":51,"playtime":4835,"items_purged":["Doubt","Pain"],"score":1593,"play_id":"f61fb95e-fdc8-4d27-a0a3-23680fe17e43","local_time":"20210108181523","is_ascension_mode":true,"campfire_choices":[{"floor":8.0,"key":"REST"},{"data":"Shockwave","floor":11.0,"key":"SMITH"},{"floor":15.0,"key":"REST"},{"data":"Barricade","floor":23.0,"key":"SMITH"},{"data":"Searing Blow","floor":25.0,"key":"SMITH"},{"data":"Searing Blow+1","floor":27.0,"key":"SMITH"},{"floor":32.0,"key":"REST"},{"data":"Searing Blow+2","floor":40.0,"key":"SMITH"},{"data":"Searing Blow+3","floor":42.0,"key":"SMITH"},{"data":"Searing Blow+4","floor":45.0,"key":"SMITH"},{"data":"Searing Blow+6","floor":49.0,"key":"SMITH"}],"circlet_count":0,"master_deck":["AscendersBane","Strike_R+1","Strike_R+1","Strike_R+1","Defend_R+1","Defend_R+1","Defend_R+1","Defend_R+1","Bash+1","Battle Trance+1","Pommel Strike+1","Armaments+1","Offering+1","Shockwave+1","Carnage+1","Barricade+1","Searing Blow+7","Body Slam+1","Rage+1","Limit Break+1","Whirlwind+1","Reaper+1","Inflame+1","Dual Wield+1","Uppercut+1","Metallicize+1","Exhume+1","Entrench+1"],"relics":["Burning Blood","Nunchaku","Turnip","CeramicFish","Cursed Key","WarpedTongs","Centennial Puzzle","Boot","Philosopher\u0027s Stone","Magic Flower","Lantern","Mark of the Bloom"],"acts_visited":["Exordium","TheCity","TheBeyond"],"potions_floor_usage":[50],"damage_taken":[{"damage":7.0,"enemies":"Jaw Worm","floor":1.0,"turns":3.0},{"damage":2.0,"enemies":"Cultist","floor":2.0,"turns":4.0},{"damage":62.0,"enemies":"Gremlin Nob","floor":6.0,"turns":5.0},{"damage":10.0,"enemies":"Lagavulin","floor":10.0,"turns":7.0},{"damage":9.0,"enemies":"2 Louse","floor":12.0,"turns":3.0},{"damage":6.0,"enemies":"Large Slime","floor":13.0,"turns":4.0},{"damage":11.0,"enemies":"2 Fungi Beasts","floor":14.0,"turns":5.0},{"damage":6.0,"enemies":"Slime Boss","floor":16.0,"turns":6.0},{"damage":11.0,"enemies":"Spheric Guardian","floor":18.0,"turns":9.0},{"damage":26.0,"enemies":"Chosen","floor":19.0,"turns":5.0},{"damage":8.0,"enemies":"Snecko","floor":22.0,"turns":4.0},{"damage":16.0,"enemies":"Book of Stabbing","floor":24.0,"turns":4.0},{"damage":22.0,"enemies":"Gremlin Leader","floor":28.0,"turns":4.0},{"damage":14.0,"enemies":"Centurion and Healer","floor":29.0,"turns":6.0},{"damage":6.0,"enemies":"Sentry and Sphere","floor":30.0,"turns":6.0},{"damage":6.0,"enemies":"Snake Plant","floor":31.0,"turns":1.0},{"damage":28.0,"enemies":"Champ","floor":33.0,"turns":9.0},{"damage":20.0,"enemies":"3 Darklings","floor":35.0,"turns":4.0},{"damage":6.0,"enemies":"3 Shapes","floor":36.0,"turns":8.0},{"damage":19.0,"enemies":"Maw","floor":37.0,"turns":7.0},{"damage":15.0,"enemies":"Transient","floor":38.0,"turns":6.0},{"damage":24.0,"enemies":"Spire Growth","floor":39.0,"turns":4.0},{"damage":27.0,"enemies":"Giant Head","floor":41.0,"turns":5.0},{"damage":44.0,"enemies":"Jaw Worm Horde","floor":44.0,"turns":4.0},{"damage":60.0,"enemies":"Reptomancer","floor":46.0,"turns":7.0},{"damage":36.0,"enemies":"Transient","floor":48.0,"turns":6.0},{"damage":33,"enemies":"Donu and Deca","floor":50,"turns":7}],"seed_played":"-8465251081045470792","potions_obtained":[{"floor":1.0,"key":"DuplicationPotion"},{"floor":13.0,"key":"Weak Potion"},{"floor":16.0,"key":"Explosive Potion"},{"floor":22.0,"key":"DistilledChaos"},{"floor":30.0,"key":"Fire Potion"},{"floor":31.0,"key":"SteroidPotion"},{"floor":33.0,"key":"DistilledChaos"},{"floor":39.0,"key":"FearPotion"},{"floor":41.0,"key":"SteroidPotion"},{"floor":48.0,"key":"DistilledChaos"}],"is_trial":false,"path_per_floor":["M","M","?","?","?","E","$","R","T","E","R","M","M","M","R","B",null,"M","M","?","$","M","R","E","R","T","R","E","M","M","M","R","B",null,"M","M","M","M","M","R","E","R","T","M","R","E","?","M","R","B",null],"character_chosen":"IRONCLAD","items_purchased":["Shockwave","Rage"],"campfire_rested":3,"item_purchase_floors":[7,21],"current_hp_per_floor":[67,71,71,71,71,15,15,37,37,33,33,30,30,25,47,47,68,63,43,43,43,41,41,31,31,31,31,15,7,7,7,29,7,58,58,65,57,58,46,46,59,59,59,75,75,75,75,39,39,6],"gold":565,"neow_bonus":"TRANSFORM_CARD","is_daily":false,"chose_seed":false,"campfire_upgraded":8,"win_rate":0.0,"timestamp":1610158523,"path_taken":["M","M","?","?","?","E","$","R","T","E","R","M","?","M","R","BOSS","M","M","?","$","M","R","E","R","T","R","E","M","M","M","R","BOSS","M","M","M","?","M","R","E","R","T","M","R","E","?","M","R","BOSS"],"items_purchased_type":["Card","Card"],"build_version":"2020-12-22","purchased_purges":2,"victory":true,"max_hp_per_floor":[75,75,75,75,75,75,75,75,75,75,75,75,75,75,75,75,75,75,75,75,75,75,75,75,75,75,75,75,75,75,75,75,75,75,75,75,75,75,75,75,75,75,75,75,75,75,75,75,75,75],"card_choices":[{"not_picked":["Reckless Charge","Spot Weakness"],"picked":"Pommel Strike","floor":1.0},{"not_picked":["Shrug It Off","Warcry"],"picked":"Armaments","floor":2.0},{"not_picked":["Battle Trance","Iron Wave"],"picked":"Offering","floor":6.0},{"not_picked":["Spot Weakness","Hemokinesis","Thunderclap"],"picked":"SKIP","floor":10.0},{"not_picked":["Burning Pact","Clash","Body Slam"],"picked":"SKIP","floor":12.0},{"not_picked":["Hemokinesis","Clothesline","Cleave"],"picked":"SKIP","floor":13.0},{"not_picked":["Seeing Red","Clash"],"picked":"Carnage","floor":14.0},{"not_picked":["Brutality","Impervious"],"picked":"Barricade","floor":16.0},{"not_picked":["Spot Weakness","Thunderclap"],"picked":"Searing Blow","floor":18.0},{"not_picked":["Flex","Sever Soul"],"picked":"Body Slam","floor":19.0},{"not_picked":["Pommel Strike","Havoc","Sever Soul"],"picked":"SKIP","floor":22.0},{"not_picked":["Flex","Twin Strike"],"picked":"Limit Break","floor":24.0},{"not_picked":["Iron Wave","Blood for Blood","Thunderclap"],"picked":"SKIP","floor":28.0},{"not_picked":["Seeing Red","Clothesline"],"picked":"Whirlwind","floor":29.0},{"not_picked":["Dropkick","Hemokinesis","Wild Strike"],"picked":"SKIP","floor":30.0},{"not_picked":["Cleave","Heavy Blade","Thunderclap"],"picked":"SKIP","floor":31.0},{"not_picked":["Barricade","Double Tap"],"picked":"Reaper","floor":33.0},{"not_picked":["Dropkick","Headbutt","Fire Breathing+1"],"picked":"SKIP","floor":35.0},{"not_picked":["Anger","Searing Blow+1","Heavy Blade"],"picked":"SKIP","floor":36.0},{"not_picked":["Havoc","Perfected Strike"],"picked":"Inflame+1","floor":37.0},{"not_picked":["Perfected Strike","Dark Embrace+1"],"picked":"Dual Wield","floor":38.0},{"not_picked":["Second Wind","Body Slam"],"picked":"Uppercut","floor":39.0},{"not_picked":["Hemokinesis+1","Second Wind","Bludgeon"],"picked":"SKIP","floor":41.0},{"not_picked":["Rupture","Cleave+1"],"picked":"Metallicize","floor":44.0},{"not_picked":["Havoc","Twin Strike+1"],"picked":"Exhume","floor":46.0},{"not_picked":["Second Wind","Armaments"],"picked":"Entrench+1","floor":48.0}],"player_experience":687471,"relics_obtained":[{"floor":6.0,"key":"Nunchaku"},{"floor":9.0,"key":"Turnip"},{"floor":10.0,"key":"CeramicFish"},{"floor":24.0,"key":"Centennial Puzzle"},{"floor":28.0,"key":"Boot"},{"floor":41.0,"key":"Magic Flower"},{"floor":46.0,"key":"Lantern"}],"event_choices":[{"cards_removed":["Strike_R"],"damage_healed":0.0,"max_hp_gain":0.0,"max_hp_loss":0.0,"gold_gain":0.0,"event_name":"The Cleric","player_choice":"Card Removal","floor":3.0,"gold_loss":75.0,"damage_taken":0.0},{"damage_healed":0.0,"max_hp_gain":0.0,"max_hp_loss":0.0,"gold_gain":150.0,"event_name":"Liars Game","player_choice":"AGREE","floor":4.0,"gold_loss":0.0,"damage_taken":0.0,"cards_obtained":["Doubt"]},{"damage_healed":0.0,"max_hp_gain":0.0,"max_hp_loss":0.0,"gold_gain":0.0,"event_name":"Upgrade Shrine","player_choice":"Upgraded","floor":5.0,"gold_loss":0.0,"damage_taken":0.0,"cards_upgraded":["Armaments"]},{"damage_healed":0.0,"max_hp_gain":0.0,"max_hp_loss":0.0,"gold_gain":0.0,"event_name":"Accursed Blacksmith","player_choice":"Rummage","floor":20.0,"gold_loss":0.0,"damage_taken":0.0,"relics_obtained":["WarpedTongs"],"cards_obtained":["Pain"]},{"damage_healed":0.0,"max_hp_gain":0.0,"max_hp_loss":0.0,"gold_gain":0.0,"event_name":"MindBloom","player_choice":"Upgrade","floor":47.0,"gold_loss":0.0,"damage_taken":0.0,"cards_upgraded":["Strike_R","Strike_R","Strike_R","Defend_R","Defend_R","Defend_R","Defend_R","Bash","Battle Trance","Pommel Strike","Offering","Carnage","Searing Blow","Body Slam","Rage","Limit Break","Whirlwind","Reaper","Dual Wield","Uppercut","Metallicize","Exhume"],"relics_obtained":["Mark of the Bloom"]}],"is_beta":false,"boss_relics":[{"not_picked":["SlaversCollar","Ectoplasm"],"picked":"Cursed Key"},{"not_picked":["Mark of Pain","Fusion Hammer"],"picked":"Philosopher\u0027s Stone"}],"items_purged_floors":[7,21],"is_endless":false,"potions_floor_spawned":[1,13,16,22,30,31,33,39,41,48],"ascension_level":18}}