{"host":"9d9dhukr2jywmy0f","time":1610225946,"event":{"mods":["2.2 Compatiblity","Alarm Clock","BaseMod","Bestiary","Block Reminder","Colored Map","Colored Powertips","Curses Come First","DeckTracker","Energized Spire","Highlight Path","Key Reminder","Minty Spire (QoL Compilation)","Quick Restart","Rare Cards Sparkle","Relic Sorter","Relic Stats","Spire Birthday Party","StSLib","SuperFastMode","Synergy Search","Unceasing Turn Reminder","Unknown Chances"],"gold_per_floor":[113,113,128,128,53,53,82,94,94,114,114,14,30,60,60,131,131,143,143,18,18,28,28,60,60,60,92,92,126,136,84,84,162,162,180,192,206,206,206,241,257,257,257,289,50,50,78,133,133,133,133,133,133,18,18,18],"floor_reached":57,"playtime":3362,"items_purged":["Defend_P","Strike_P","Strike_P","Defend_P+1"],"score":3318,"play_id":"df31e730-24bc-4e04-8e3d-52a6f8a82080","local_time":"20210110045906","is_ascension_mode":true,"campfire_choices":[{"data":"Eruption","floor":6.0,"key":"SMITH"},{"floor":11.0,"key":"REST"},{"data":"TalkToTheHand","floor":15.0,"key":"SMITH"},{"data":"Halt","floor":23.0,"key":"SMITH"},{"floor":25.0,"key":"RECALL"},{"data":"Adaptation","floor":46.0,"key":"SMITH"}],"circlet_count":0,"master_deck":["AscendersBane","Strike_P+1","Strike_P+1","Eruption+1","Vigilance+1","TalkToTheHand+1","Prostrate+1","LessonLearned+1","Scrawl+1","Conclude+1","TalkToTheHand+1","Halt+1","Brilliance+1","FlurryOfBlows+1","Prostrate+1","FearNoEvil+1","FlurryOfBlows+1","Omniscience+1","ClearTheMind+1","Pray+1","Vengeance+1","Adaptation+1","TalkToTheHand+1","Adaptation+1","InnerPeace+1","Tantrum+1"],"relics":["PureWater","FaceOfCleric","Letter Opener","Vajra","Bottled Lightning","Coffee Dripper","Molten Egg 2","Anchor","Pocketwatch","energizedSpire:EnergizedDie","Damaru","Toxic Egg 2","Art of War","Omamori","Frozen Egg 2","Turnip","Sundial"],"acts_visited":["Exordium","TheCity","TheBeyond","TheEnding"],"potions_floor_usage":[],"damage_taken":[{"damage":0.0,"enemies":"2 Louse","floor":1.0,"turns":2.0},{"damage":0.0,"enemies":"Cultist","floor":3.0,"turns":2.0},{"damage":39.0,"enemies":"3 Sentries","floor":7.0,"turns":7.0},{"damage":3.0,"enemies":"Jaw Worm","floor":8.0,"turns":3.0},{"damage":0.0,"enemies":"Lots of Slimes","floor":10.0,"turns":1.0},{"damage":6.0,"enemies":"Exordium Thugs","floor":13.0,"turns":3.0},{"damage":0.0,"enemies":"Lagavulin","floor":14.0,"turns":4.0},{"damage":2.0,"enemies":"Hexaghost","floor":16.0,"turns":9.0},{"damage":0.0,"enemies":"2 Thieves","floor":18.0,"turns":2.0},{"damage":0.0,"enemies":"3 Byrds","floor":22.0,"turns":2.0},{"damage":0.0,"enemies":"Slavers","floor":24.0,"turns":2.0},{"damage":1.0,"enemies":"Book of Stabbing","floor":27.0,"turns":3.0},{"damage":0.0,"enemies":"Gremlin Leader","floor":29.0,"turns":2.0},{"damage":0.0,"enemies":"Snecko","floor":30.0,"turns":2.0},{"damage":11.0,"enemies":"Collector","floor":33.0,"turns":4.0},{"damage":0.0,"enemies":"3 Darklings","floor":35.0,"turns":2.0},{"damage":0.0,"enemies":"Orb Walker","floor":36.0,"turns":3.0},{"damage":0.0,"enemies":"Sphere and 2 Shapes","floor":37.0,"turns":1.0},{"damage":0.0,"enemies":"Nemesis","floor":40.0,"turns":1.0},{"damage":0.0,"enemies":"4 Shapes","floor":41.0,"turns":1.0},{"damage":0.0,"enemies":"Giant Head","floor":42.0,"turns":5.0},{"damage":0.0,"enemies":"Reptomancer","floor":44.0,"turns":3.0},{"damage":0.0,"enemies":"Nemesis","floor":47.0,"turns":1.0},{"damage":0.0,"enemies":"2 Orb Walkers","floor":48.0,"turns":2.0},{"damage":3.0,"enemies":"Awakened One","floor":50.0,"turns":7.0},{"damage":37.0,"enemies":"Time Eater","floor":51.0,"turns":8.0},{"damage":0.0,"enemies":"Shield and Spear","floor":55.0,"turns":3.0},{"damage":38,"enemies":"The Heart","floor":56,"turns":7}],"seed_played":"1688980958687896003","potions_obtained":[{"floor":8.0,"key":"BottledMiracle"},{"floor":14.0,"key":"BlessingOfTheForge"},{"floor":22.0,"key":"PowerPotion"},{"floor":27.0,"key":"Regen Potion"},{"floor":29.0,"key":"Dexterity Potion"},{"floor":33.0,"key":"LiquidBronze"},{"floor":35.0,"key":"Explosive Potion"},{"floor":42.0,"key":"Swift Potion"},{"floor":44.0,"key":"DuplicationPotion"}],"is_trial":false,"path_per_floor":["M","?","M","?","$","R","E","M","T","M","R","$","M","E","R","B",null,"M","?","$","?","M","R","E","R","T","E","R","E","M","$","R","B",null,"M","M","M","?","T","E","M","E","T","E","$","R","E","?","R","B","B",null,"R","$","E","B",null],"character_chosen":"WATCHER","items_purchased":["FlurryOfBlows+1","Adaptation","Adaptation+1","InnerPeace+1"],"campfire_rested":1,"item_purchase_floors":[31,45,54,54],"current_hp_per_floor":[61,61,62,62,62,62,24,22,22,23,42,42,37,38,38,37,61,62,62,62,62,63,63,64,64,64,64,64,65,66,66,66,56,71,72,73,74,74,74,75,76,77,77,78,78,78,79,80,80,78,42,76,76,76,77,40],"gold":18,"neow_bonus":"REMOVE_TWO","is_daily":false,"chose_seed":false,"campfire_upgraded":4,"win_rate":0.0,"timestamp":1610225946,"path_taken":["M","?","?","?","$","R","E","M","T","?","R","?","M","E","R","BOSS","M","?","?","?","M","R","E","R","T","E","R","E","M","$","R","BOSS","M","M","M","?","?","E","M","E","T","E","$","R","E","?","R","BOSS","BOSS","R","$","E","BOSS"],"items_purchased_type":["Card","Card","Card","Card"],"build_version":"2020-11-30","purchased_purges":4,"victory":true,"max_hp_per_floor":[62,62,63,63,63,63,64,65,65,66,66,66,67,68,68,69,69,70,70,70,70,71,71,72,72,72,73,73,74,75,75,75,76,76,77,78,79,79,79,80,81,82,82,83,83,83,84,85,85,86,87,87,87,87,88,89],"relic_stats":{"FaceOfCleric":27,"counters":[28,92],"Sundial":[2],"Turnip":[4],"Art of War":[3],"Letter Opener":[330],"obtain_stats":[{"Vajra":9,"energizedSpire:EnergizedDie":34,"Damaru":39,"Omamori":44,"Letter Opener":7,"Frozen Egg 2":47,"keyreminder:keyreminder":25,"Anchor":27,"FaceOfCleric":2,"Sundial":55,"Molten Egg 2":24,"Turnip":48,"Coffee Dripper":17,"Art of War":42,"Bottled Lightning":14,"PureWater":0,"Toxic Egg 2":40,"Pocketwatch":29},{"Vajra":4,"energizedSpire:EnergizedDie":15,"Damaru":18,"Omamori":22,"Letter Opener":3,"Frozen Egg 2":23,"keyreminder:keyreminder":11,"Anchor":12,"FaceOfCleric":1,"Sundial":27,"Molten Egg 2":11,"Turnip":24,"Coffee Dripper":8,"Art of War":21,"Bottled Lightning":7,"PureWater":0,"Toxic Egg 2":19,"Pocketwatch":13},{"Vajra":14,"energizedSpire:EnergizedDie":48,"Damaru":54,"Omamori":64,"Letter Opener":11,"Frozen Egg 2":65,"keyreminder:keyreminder":37,"Anchor":40,"FaceOfCleric":2,"Sundial":85,"Molten Egg 2":37,"Turnip":67,"Coffee Dripper":31,"Art of War":61,"Bottled Lightning":22,"PureWater":0,"Toxic Egg 2":55,"Pocketwatch":42}],"Pocketwatch":[11]},"card_choices":[{"not_picked":["FollowUp","InnerPeace"],"picked":"TalkToTheHand","floor":1.0},{"not_picked":["FlyingSleeves","ClearTheMind"],"picked":"Prostrate","floor":3.0},{"not_picked":["Devotion","Wireheading"],"picked":"Scrawl","floor":7.0},{"not_picked":["Consecrate","Wallop"],"picked":"Conclude","floor":8.0},{"not_picked":["Crescendo","Study"],"picked":"TalkToTheHand","floor":10.0},{"not_picked":["EmptyFist","FlyingSleeves","Study"],"picked":"SKIP","floor":13.0},{"not_picked":["SashWhip","LessonLearned"],"picked":"Halt","floor":14.0},{"not_picked":["Alpha","Devotion"],"picked":"Brilliance","floor":16.0},{"not_picked":["Protect","ClearTheMind","Worship"],"picked":"SKIP","floor":18.0},{"not_picked":["Pray","Crescendo+1"],"picked":"FlurryOfBlows+1","floor":22.0},{"not_picked":["Protect","Consecrate+1"],"picked":"Prostrate","floor":24.0},{"not_picked":["Consecrate+1","FollowUp+1","Worship"],"picked":"SKIP","floor":27.0},{"not_picked":["EmptyBody","BowlingBash+1"],"picked":"FearNoEvil+1","floor":29.0},{"not_picked":["EmptyFist+1","Fasting2","ThirdEye"],"picked":"SKIP","floor":30.0},{"not_picked":["Devotion","DeusExMachina"],"picked":"Omniscience","floor":33.0},{"not_picked":["JustLucky+1","Protect","FollowUp+1"],"picked":"SKIP","floor":35.0},{"not_picked":["Halt","FollowUp+1","Conclude+1"],"picked":"SKIP","floor":36.0},{"not_picked":["Crescendo","JustLucky+1"],"picked":"ClearTheMind+1","floor":37.0},{"not_picked":["EmptyBody+1","LikeWater","Consecrate+1"],"picked":"SKIP","floor":40.0},{"not_picked":["EmptyBody+1","LikeWater","Consecrate+1"],"picked":"SKIP","floor":40.0},{"not_picked":["DeceiveReality+1","ReachHeaven+1"],"picked":"Pray+1","floor":41.0},{"not_picked":["ConjureBlade+1","Study","WindmillStrike+1"],"picked":"SKIP","floor":42.0},{"not_picked":["JustLucky+1","Pray+1"],"picked":"Vengeance+1","floor":44.0},{"not_picked":["Swivel+1","JustLucky+1"],"picked":"TalkToTheHand+1","floor":47.0},{"not_picked":["WheelKick+1","EmptyMind+1"],"picked":"Tantrum+1","floor":55.0}],"player_experience":805697,"relics_obtained":[{"floor":7.0,"key":"Letter Opener"},{"floor":9.0,"key":"Vajra"},{"floor":14.0,"key":"Bottled Lightning"},{"floor":24.0,"key":"Molten Egg 2"},{"floor":27.0,"key":"Anchor"},{"floor":29.0,"key":"Pocketwatch"},{"floor":39.0,"key":"Damaru"},{"floor":40.0,"key":"Toxic Egg 2"},{"floor":42.0,"key":"Art of War"},{"floor":44.0,"key":"Omamori"},{"floor":47.0,"key":"Frozen Egg 2"},{"floor":48.0,"key":"Turnip"},{"floor":55.0,"key":"Sundial"}],"event_choices":[{"damage_healed":0.0,"max_hp_gain":0.0,"max_hp_loss":0.0,"gold_gain":0.0,"event_name":"FaceTrader","player_choice":"Trade","floor":2.0,"gold_loss":0.0,"damage_taken":0.0,"relics_obtained":["FaceOfCleric"]},{"damage_healed":0.0,"max_hp_gain":0.0,"max_hp_loss":0.0,"gold_gain":0.0,"event_name":"Match and Keep!","player_choice":"1 cards matched","floor":4.0,"gold_loss":0.0,"damage_taken":0.0,"cards_obtained":["LessonLearned"]},{"damage_healed":0.0,"max_hp_gain":0.0,"max_hp_loss":0.0,"gold_gain":0.0,"event_name":"Upgrade Shrine","player_choice":"Upgraded","floor":19.0,"gold_loss":0.0,"damage_taken":0.0,"cards_upgraded":["Scrawl"]},{"damage_healed":0.0,"max_hp_gain":0.0,"max_hp_loss":0.0,"gold_gain":0.0,"event_name":"Cursed Tome","player_choice":"Ignored","floor":21.0,"gold_loss":0.0,"damage_taken":0.0},{"damage_healed":0.0,"max_hp_gain":0.0,"max_hp_loss":0.0,"gold_gain":0.0,"event_name":"SensoryStone","player_choice":"Memory 1","floor":38.0,"gold_loss":0.0,"damage_taken":0.0},{"damage_healed":0.0,"max_hp_gain":0.0,"max_hp_loss":0.0,"gold_gain":0.0,"event_name":"Mysterious Sphere","player_choice":"Fight","floor":48.0,"gold_loss":0.0,"damage_taken":0.0}],"is_beta":false,"boss_relics":[{"not_picked":["SacredBark","energizedSpire:StickyHand"],"picked":"Coffee Dripper"},{"not_picked":["SlaversCollar","energizedSpire:RedRose"],"picked":"energizedSpire:EnergizedDie"}],"items_purged_floors":[5,12,20,45],"is_endless":false,"potions_floor_spawned":[8,14,22,27,29,33,35,41,42,44],"ascension_level":20}}