{"host":"6h0diz2ap0m56grs","time":1610231813,"event":{"mods":["2.2 Compatiblity","BaseMod","Colored Map","Marisa????????","Minty Spire (QoL Compilation)","Quick Restart","Replay The Spire","Shop Mod","StSLib","The Servant 0.9.4"],"gold_per_floor":[119,133,208,208,111,145,164,192,264,295,295,322,411,433,433,568,568,602,802,844,308,335,394,453,498,498,498,543,543,618,669,669,819,819,846,921,945,1047,181,233,298,351,375,375,78,78,78,137,137,155],"floor_reached":51,"playtime":1710,"items_purged":["ShootingEcho","Looming Evil"],"score":1571,"play_id":"82fa291b-28b3-4b91-81d7-95de7af20fbb","local_time":"20210109163653","daily_mods":["SealedDeck","Heirloom","Time Dilation","Flight"],"is_ascension_mode":true,"campfire_choices":[{"data":"DarkMatter","floor":11,"key":"SMITH"},{"data":"CollectingQuirk","floor":15,"key":"SMITH"},{"data":"CollectingQuirk","floor":27,"key":"SMITH"},{"floor":29,"key":"DIG"},{"floor":32,"key":"DIG"},{"data":"SuperNova","floor":46,"key":"SMITH"},{"data":"ReplayUltimateDefense","floor":47,"key":"SMITH"},{"data":"BlazingStar","floor":49,"key":"SMITH"}],"circlet_count":0,"master_deck":["LuminesStrike","OortCloud","SprinkleStarSeal","PulseMagic","WitchLeyline+1","WitchLeyline+1","WitchLeyline+1","SuperPerseids","DarkMatter+1","GrandCross","AsteroidBelt","GrandCross","CollectingQuirk+1","MeteoricShower","MeteoricShower","TreasureHunter","OneTimeOff","CollectingQuirk+1","WitchLeyline+1","PropBag","Parasite","Parasite","BlazingStar+1","Decay","Clumsy","WitchLeyline+1","SuperNova+1","ReplayUltimateDefense+1","MilkyWay","GasGiant"],"relics":["MiniHakkero","replay:Trail_Library","Ice Cream","Mango","Toy Ornithopter","Question Card","Divine Protection","Replay:Bandana","Girya","Matryoshka","Sozu","Coffee Dripper","Runic Pyramid","MerchantsRug","Shovel","Art of War","Smiling Mask","Bag of Preparation","Vajra","Onion Ring","StrikeDummy","Prayer Wheel","HandmadeGrimoire","Darkstone Periapt","Centennial Puzzle","SproutingBranch","Letter Opener","Strawberry","CaptainsWheel","Pet Ghost","Quantum Egg","ShroomBag","Ginger","Replay:Ancient Bell","Akabeko","HornCleat","Torii","Replay:WaspNest","CatCart","Replay:Bottled Eggs","Bottled Lightning","Sling","Gambling Chip","Bronze Scales","Replay:Rubber Ducky","Potion Belt","ReplayTheSpireMod:Lightbulb","SimpleLauncher","Lantern"],"acts_visited":["Exordium","TheCity","TheBeyond"],"potions_floor_usage":[10,23,50,50],"damage_taken":[{"damage":0,"enemies":"2 Louse","floor":1,"turns":1},{"damage":0,"enemies":"Jaw Worm","floor":2,"turns":1},{"damage":2,"enemies":"Gremlin Nob","floor":6,"turns":4},{"damage":0,"enemies":"Cultist","floor":7,"turns":2},{"damage":3,"enemies":"3 Sentries","floor":8,"turns":6},{"damage":0,"enemies":"Lagavulin","floor":10,"turns":4},{"damage":0,"enemies":"Gremlin Nob","floor":12,"turns":2},{"damage":0,"enemies":"Gremlin Nob","floor":13,"turns":3},{"damage":0,"enemies":"Large Slime","floor":14,"turns":3},{"damage":0,"enemies":"Fading Forest","floor":16,"turns":11},{"damage":0,"enemies":"Shell Parasite","floor":18,"turns":2},{"damage":0,"enemies":"Spheric Guardian","floor":20,"turns":2},{"damage":0,"enemies":"Slavers","floor":23,"turns":3},{"damage":0,"enemies":"Gremlin Leader","floor":24,"turns":3},{"damage":0,"enemies":"Replay:Snechameleon","floor":25,"turns":2},{"damage":0,"enemies":"Gremlin Leader","floor":28,"turns":3},{"damage":0,"enemies":"Book of Stabbing","floor":31,"turns":4},{"damage":0,"enemies":"Automaton","floor":33,"turns":3},{"damage":0,"enemies":"Orb Walker","floor":35,"turns":1},{"damage":0,"enemies":"3 Shapes","floor":37,"turns":1},{"damage":0,"enemies":"Orin","floor":38,"turns":3},{"damage":0,"enemies":"R_Hoarder","floor":40,"turns":1},{"damage":0,"enemies":"Giant Head","floor":41,"turns":3},{"damage":0,"enemies":"Reptomancer","floor":42,"turns":1},{"damage":0,"enemies":"R_Hoarder","floor":48,"turns":1},{"damage":0,"enemies":"Donu and Deca","floor":50,"turns":2}],"seed_played":"-8555702772904939282","potions_obtained":[{"floor":1,"key":"SpeedPotion"},{"floor":2,"key":"EssenceOfSteel"},{"floor":4,"key":"Swift Potion"},{"floor":4,"key":"Ancient Potion"},{"floor":10,"key":"Venom Potion"},{"floor":16,"key":"Ancient Potion"}],"is_trial":true,"path_per_floor":["M","M","?","?","$","E","M","E","T","E","R","E","?","M","R","B",null,"M","?","M","$","T","E","E","E","T","R","E","R","?","E","R","B",null,"M","T","M","?","$","E","E","E","T","?","$","R","R","E","R","B",null],"character_chosen":"MARISA","items_purchased":["AsteroidBelt","GrandCross","MerchantsRug","Shovel","Art of War","Replay:Bottled Eggs","Bottled Lightning","Sling","ReplayUltimateDefense","SimpleLauncher"],"campfire_rested":0,"item_purchase_floors":[5,5,21,21,21,39,39,39,39,45],"current_hp_per_floor":[75,75,64,64,64,76,76,73,73,78,78,78,78,78,78,88,89,89,89,89,89,89,89,89,89,89,89,96,96,87,96,108,108,126,126,126,126,126,126,126,126,126,126,126,126,126,126,126,126,126],"gold":155,"neow_bonus":"","is_daily":false,"chose_seed":false,"campfire_upgraded":6,"win_rate":0.0,"timestamp":1610231813,"path_taken":["M","M","?","?","$","E","?","E","T","E","R","E","?","M","R","BOSS","M","?","?","?","?","E","E","E","T","R","E","R","?","E","R","BOSS","M","?","?","?","?","E","E","E","T","?","$","R","R","E","R","BOSS"],"items_purchased_type":["Card","Card","Relic","Relic","Relic","Relic","Relic","Relic","Card","Relic"],"build_version":"2020-12-22","purchased_purges":2,"victory":true,"max_hp_per_floor":[75,75,75,75,75,89,89,89,89,89,89,89,89,89,89,89,89,89,89,89,89,89,89,89,89,89,89,96,96,96,96,108,108,126,126,126,126,126,126,126,126,126,126,126,126,126,126,126,126,126],"card_choices":[{"not_picked":["MilkyWay","GravityBeat"],"picked":"GrandCross","floor":1},{"not_picked":["EnergyRecoil","6A","CasketOfStar"],"picked":"SKIP","floor":2},{"not_picked":["WitchLeyline","IllusionStar","EventHorizon"],"picked":"SKIP","floor":6},{"not_picked":["GrandCross","DC"],"picked":"CollectingQuirk","floor":7},{"not_picked":["WitchLeyline","DC"],"picked":"MeteoricShower","floor":8},{"not_picked":["DC","JA","LuminesStrike","PowerUp"],"picked":"SKIP","floor":10},{"not_picked":["WitchLeyline","SporeBomb","PropBag"],"picked":"TreasureHunter","floor":12},{"not_picked":["SuperPerseids","FairyDestructionRay","DoubleSpark"],"picked":"OneTimeOff","floor":14},{"not_picked":["CasketOfStar","StarDustReverie","TreasureHunter"],"picked":"CollectingQuirk","floor":16},{"not_picked":["Orbital","GalacticHalo","DragonMeteor"],"picked":"WitchLeyline+1","floor":18},{"not_picked":["EnergyFlow","DragonMeteor","WitchLeyline","DoubleSpark"],"picked":"SKIP","floor":20},{"not_picked":["CollectingQuirk","GalacticHalo+1","NonDirectionalLaser","UnstableBomb"],"picked":"SKIP","floor":23},{"not_picked":["BlazeAway","DarkSpark","SporeBomb","StarBarrage"],"picked":"SKIP","floor":24},{"not_picked":["DoubleSpark","OrrerysSun+1","GalacticHalo+1","IllusionStar+1"],"picked":"SKIP","floor":25},{"not_picked":["Orbital+1","EscapeVelocity","GrandCross","TreasureHunter"],"picked":"SKIP","floor":28},{"not_picked":["MilkyWay+1","LuminesStrike+1","IllusionStar","JA"],"picked":"SKIP","floor":31},{"not_picked":["StarDustReverie","JA","MaximisePower"],"picked":"BlazingStar","floor":33},{"not_picked":["AbeCurse","ReplayTheSpireMod:Restless Dread","Normality"],"picked":"Decay","floor":34},{"not_picked":["Pain","Replay:Hysterical Blindness","AbeCurse"],"picked":"Looming Evil","floor":34},{"not_picked":["Shame","CurseOfTheBell","Looming Evil"],"picked":"Clumsy","floor":34},{"not_picked":["PowerUp","MilkyWay","IllusionStar+1","SuperPerseids"],"picked":"SKIP","floor":35},{"not_picked":["OneTimeOff+1","WitchLeyline+1","SporeBomb","WitchOfGreed"],"picked":"SKIP","floor":35},{"not_picked":["UnstableBomb+1","Robbery","GrandCross"],"picked":"WitchLeyline+1","floor":37},{"not_picked":["GravityBeat","PowerUp","SporeBomb+1","MagicAbsorber+1"],"picked":"SKIP","floor":37},{"not_picked":["MagicChant","EventHorizon","JA","AsteroidBelt+1"],"picked":"SKIP","floor":40},{"not_picked":["LuminesStrike+1","SporeBomb+1","PropBag","DC"],"picked":"SKIP","floor":41},{"not_picked":["GalacticHalo","OpenUniverse+1","UnstableBomb","MeteoricShower+1"],"picked":"SKIP","floor":42},{"not_picked":["MilkyWay+1","EventHorizon","MagicChant+1"],"picked":"GasGiant","floor":48}],"player_experience":144798,"relics_obtained":[{"floor":6,"key":"Mango"},{"floor":8,"key":"Toy Ornithopter"},{"floor":9,"key":"Question Card"},{"floor":10,"key":"Divine Protection"},{"floor":12,"key":"Replay:Bandana"},{"floor":13,"key":"Matryoshka"},{"floor":22,"key":"Smiling Mask"},{"floor":22,"key":"Bag of Preparation"},{"floor":23,"key":"Vajra"},{"floor":23,"key":"Onion Ring"},{"floor":24,"key":"StrikeDummy"},{"floor":24,"key":"Prayer Wheel"},{"floor":25,"key":"HandmadeGrimoire"},{"floor":25,"key":"Darkstone Periapt"},{"floor":26,"key":"Centennial Puzzle"},{"floor":26,"key":"SproutingBranch"},{"floor":28,"key":"Letter Opener"},{"floor":28,"key":"Strawberry"},{"floor":29,"key":"CaptainsWheel"},{"floor":31,"key":"Pet Ghost"},{"floor":31,"key":"Quantum Egg"},{"floor":32,"key":"ShroomBag"},{"floor":33,"key":"Ginger"},{"floor":36,"key":"Replay:WaspNest"},{"floor":38,"key":"CatCart"},{"floor":40,"key":"Gambling Chip"},{"floor":41,"key":"Bronze Scales"},{"floor":41,"key":"Replay:Rubber Ducky"},{"floor":42,"key":"Potion Belt"},{"floor":43,"key":"ReplayTheSpireMod:Lightbulb"},{"floor":48,"key":"Lantern"}],"event_choices":[{"damage_healed":0,"gold_gain":75,"player_choice":"Gather Gold","damage_taken":11,"max_hp_gain":0,"max_hp_loss":0,"event_name":"World of Goop","floor":3,"gold_loss":0},{"damage_healed":0,"gold_gain":0,"player_choice":"Got Potions","damage_taken":0,"max_hp_gain":0,"max_hp_loss":0,"event_name":"Lab","floor":4,"gold_loss":0},{"damage_healed":0,"gold_gain":30,"player_choice":"Searched \u00273\u0027 times","damage_taken":0,"relics_obtained":["Girya"],"max_hp_gain":0,"max_hp_loss":0,"event_name":"Dead Adventurer","floor":13,"gold_loss":0},{"damage_healed":0,"gold_gain":200,"player_choice":"Gold","damage_taken":0,"max_hp_gain":0,"max_hp_loss":0,"event_name":"Wheel of Change","floor":19,"gold_loss":0},{"damage_healed":0,"gold_gain":75,"player_choice":"Touch","damage_taken":9,"max_hp_gain":0,"max_hp_loss":0,"event_name":"FaceTrader","floor":30,"gold_loss":0},{"damage_healed":0,"gold_gain":0,"player_choice":"Fight","damage_taken":0,"max_hp_gain":0,"max_hp_loss":0,"event_name":"OrinTheCat","floor":38,"gold_loss":0},{"damage_healed":0,"gold_gain":0,"player_choice":"Ignored","damage_taken":0,"max_hp_gain":0,"max_hp_loss":0,"event_name":"Tomb of Lord Red Mask","floor":44,"gold_loss":0}],"is_beta":false,"boss_relics":[{"not_picked":["Velvet Choker","Replay:Wanted Poster"],"picked":"Replay:Grab Bag"},{"not_picked":["Cursed Key","Runic Dome"],"picked":"Sozu"},{"not_picked":["Painkiller Herb","Replay:Bronze Core"],"picked":"Coffee Dripper"},{"not_picked":["Empty Cage","Kintsugi"],"picked":"Runic Pyramid"},{"not_picked":["BewitchedHakkero","Honey Jar"],"picked":"Replay:Ancient Bell"},{"not_picked":["Boot","CeramicFish"],"picked":"Akabeko"},{"not_picked":["Mirror","Sundial"],"picked":"HornCleat"},{"not_picked":["Pondfish Scales","Old Coin"],"picked":"Torii"}],"items_purged_floors":[21,39],"is_endless":false,"potions_floor_spawned":[1,2,10,13,16,18,28,31,35,37,41,42],"ascension_level":1}}