{"host":"pno9h1fupbyz205f","time":1610226788,"event":{"mods":["Aspiration","BaseMod","Better Altar","Better Match","Better Note","Better Sensory Stone","Better Skull","Better Third Choice","Colored Map","Colored Powertips","Hubris","Infinite Spire","Jedi Mod","Mad Scientist","Marisa????????","Minty Spire (QoL Compilation)","Permanent Neow","Potionbrewer","Replay The Spire","Shop Mod","Spicy Shops","StSLib","Td1madao Mod","The Blackbeard","The Gatherer","The Hierophant","The Poker Player","The Runesmith","The Servant 0.9.4","thorton","vexMod"],"gold_per_floor":[115,115,115,126,138,138,148,181,181,181,181,181,191,210,210,283,288,291,266,275,12,25,25,25],"floor_reached":23,"playtime":1047,"items_purged":["hierophant:Punish"],"score":195,"play_id":"e1f31170-b84a-414b-acfc-37cb0f33149e","local_time":"20210109131308","is_ascension_mode":false,"campfire_choices":[{"data":"hierophant:ChurchCoffers","floor":6,"key":"SMITH"},{"floor":10,"key":"REST"},{"data":"The Bomb","floor":12,"key":"SMITH"},{"floor":15,"key":"DIG"},{"floor":23,"key":"REST"}],"circlet_count":0,"master_deck":["hierophant:Strike_Hierophant","hierophant:Strike_Hierophant","hierophant:Strike_Hierophant","hierophant:Strike_Hierophant","hierophant:Defend_Hierophant","hierophant:Defend_Hierophant","hierophant:Defend_Hierophant","hierophant:Defend_Hierophant","hierophant:ChurchCoffers+1","The Bomb+1","hierophant:RepressedViolence","hierophant:Sermon","hierophant:RepressedViolence","Dramatic Entrance","hierophant:Bribe","hierophant:Doubloon","hierophant:Generosity","hierophant:Doomsaying","hierophant:Blessing+1","hierophant:OrnateBuckler","hierophant:OrnateBuckler"],"relics":["hierophant:PropheticMaskRelic","Pet Ghost","Blue Doll","thethorton:BankDeed","vexMod:DeviousBotling","BargainBundle"],"acts_visited":["Exordium","TheCity"],"potions_floor_usage":[4,8,8,14,16,22,22],"damage_taken":[{"damage":7,"enemies":"2 Louse","floor":1,"turns":3},{"damage":0,"enemies":"Small Slimes","floor":4,"turns":3},{"damage":4,"enemies":"Cultist","floor":5,"turns":4},{"damage":7,"enemies":"Looter","floor":7,"turns":3},{"damage":12,"enemies":"Gremlin Nob","floor":8,"turns":4},{"damage":0,"enemies":"Exordium Thugs","floor":13,"turns":3},{"damage":0,"enemies":"Gremlin Gang","floor":14,"turns":3},{"damage":33,"enemies":"The Guardian","floor":16,"turns":10},{"damage":8,"enemies":"Chosen","floor":18,"turns":5},{"damage":36,"enemies":"Spheric Guardian","floor":19,"turns":7},{"damage":17,"enemies":"Snecko","floor":20,"turns":7},{"damage":18,"enemies":"Sentry and Sphere","floor":22,"turns":6}],"seed_played":"-3980647359972339287","potions_obtained":[{"floor":1,"key":"GamblersBrew"},{"floor":3,"key":"Reflective Coating"},{"floor":3,"key":"Block Potion"},{"floor":5,"key":"EssenceOfSteel"},{"floor":8,"key":"LifebloodPotion"},{"floor":20,"key":"Ancient Potion"},{"floor":22,"key":"potionbrewer:AcidPotion"}],"is_trial":false,"path_per_floor":["M","?","?","M","M","R","M","E","T","R","?","R","M","M","R_BF","B",null,"M","M","M","$","M","R"],"character_chosen":"HIEROPHANT","items_purchased":["BargainBundle","hierophant:Blessing+1","hierophant:OrnateBuckler","SkillPotion","potionbrewer:NoxiousPotion"],"campfire_rested":2,"item_purchase_floors":[21,21,21,21,21],"current_hp_per_floor":[61,61,61,61,57,57,50,38,38,58,58,58,58,58,58,25,68,60,24,7,7,9,29,29],"gold":25,"neow_bonus":"RANDOM_COLORLESS_2","is_daily":false,"chose_seed":false,"campfire_upgraded":2,"win_rate":0.0,"timestamp":1610226788,"path_taken":["M","?","?","?","M","R","M","E","T","R","?","R","M","?","R_BF","BOSS","M","?","?","$","M","R"],"items_purchased_type":["Relic","Card","Card","Potion","Potion"],"build_version":"2020-12-22","purchased_purges":1,"victory":false,"max_hp_per_floor":[68,68,68,68,68,68,68,68,68,68,68,68,68,68,68,68,68,68,68,68,68,68,68,68],"card_choices":[{"not_picked":["Magnetism","Panache"],"picked":"The Bomb","floor":0},{"not_picked":["hierophant:Encroach","hierophant:Doubloon"],"picked":"hierophant:RepressedViolence","floor":1},{"not_picked":["hierophant:PassingBell","hierophant:Smite"],"picked":"hierophant:RepressedViolence","floor":4},{"not_picked":["hierophant:RecallFunds","hierophant:Mercenaries","hierophant:MirrorShield"],"picked":"SKIP","floor":5},{"not_picked":["hierophant:MorningPrayer","hierophant:DisplayOfPower","hierophant:CoinFling"],"picked":"SKIP","floor":7},{"not_picked":["hierophant:FaithHealing","hierophant:MirrorShield","hierophant:RecallFunds"],"picked":"SKIP","floor":8},{"not_picked":["Replay:Sssssssssstrike","Specialist"],"picked":"Dramatic Entrance","floor":11},{"not_picked":["hierophant:Smite","hierophant:Patience","hierophant:Racketeering"],"picked":"SKIP","floor":13},{"not_picked":["hierophant:Shelter","hierophant:HolyVerse"],"picked":"hierophant:Bribe","floor":14},{"not_picked":["hierophant:Anathema","hierophant:Determination"],"picked":"hierophant:Generosity","floor":16},{"not_picked":["hierophant:Purify","hierophant:PassingBell+1","hierophant:SealAway"],"picked":"SKIP","floor":18},{"not_picked":["hierophant:Glossolalia","hierophant:HammerAndAnvil","hierophant:PassingBell"],"picked":"SKIP","floor":19},{"not_picked":["hierophant:Repentance+1","hierophant:HammerAndAnvil+1"],"picked":"hierophant:Doomsaying","floor":20},{"not_picked":["hierophant:DisplayOfPower","hierophant:Smite","hierophant:FlamingChariot"],"picked":"SKIP","floor":22}],"player_experience":135761,"relics_obtained":[{"floor":8,"key":"Pet Ghost"},{"floor":9,"key":"Blue Doll"},{"floor":15,"key":"thethorton:BankDeed"}],"event_choices":[{"damage_healed":0,"gold_gain":0,"player_choice":"Got Potions","damage_taken":0,"max_hp_gain":0,"max_hp_loss":0,"event_name":"Lab","floor":3,"gold_loss":0},{"damage_healed":0,"gold_gain":1,"player_choice":"1","damage_taken":0,"max_hp_gain":0,"max_hp_loss":0,"event_name":"betterStone:BetterStone","floor":11,"gold_loss":0}],"is_beta":false,"boss_relics":[{"not_picked":["vexMod:BigBerry","aspiration:FutureDiary"],"picked":"vexMod:DeviousBotling"}],"items_purged_floors":[21],"is_endless":false,"potions_floor_spawned":[1,5,7,8,20,22],"ascension_level":0}}