{"host":"idmgg8r816nmas40","time":1610151634,"event":{"mods":["AchievementEnabler","AlwaysNeverKeys","BaseMod","BetterRewards","Block Reminder","Colored Map","Colored Powertips","DeckTracker","Googly Eyes","Highlight Path","Hubris","Infinite Spire","Minty Spire (QoL Compilation)","Quick Restart","Relic Stats","Replay The Spire","Shop Mod","StSLib","SuperFastMode","Synergy Search","Transform Curses"],"gold_per_floor":[113,160,160,160,176,202,277,308,308,335,335,335,335,348,348,443,443,453,475,139,313,313,345,345,392,416,341,440,440,450,450],"floor_reached":30,"playtime":964,"items_purged":["Regret"],"score":672,"play_id":"32ddd348-1aba-4a9a-9ca5-308bc90a1403","local_time":"20210108172034","is_ascension_mode":true,"campfire_choices":[{"floor":13.0,"key":"REST"},{"data":"ForeignInfluence","floor":15.0,"key":"SMITH"},{"floor":24.0,"key":"REST"}],"circlet_count":0,"master_deck":["AscendersBane","Strike_P","Strike_P","Defend_P","Defend_P","Defend_P","Defend_P","Eruption","Vigilance","Consecrate","BowlingBash","FollowUp","CrushJoints+1","MasterReality","Consecrate","Judgement","Streamline","ForeignInfluence+1","Devotion","Capacitor","Replay:Anticipation","Replay:Cycle","Gash"],"relics":["PureWater","Sling","StrikeDummy","Juzu Bracelet","Blood Vial","Garlic","Blue Candle","Letter Opener","hubris:DisguiseKit","Replay:Accelerometer","infinitespire:Midas Blood","Art of War","hubris:ScarierMask","hubris:MobiusCoin","hubris:Icosahedron","Replay:Bandana","hubris:SlimyHat","Happy Flower","hubris:Towel"],"acts_visited":["Exordium","TheCity"],"potions_floor_usage":[],"damage_taken":[{"damage":5.0,"enemies":"Small Slimes","floor":1.0,"turns":3.0},{"damage":0.0,"enemies":"Jaw Worm","floor":5.0,"turns":2.0},{"damage":10.0,"enemies":"3 Sentries","floor":6.0,"turns":4.0},{"damage":14.0,"enemies":"Replay:BlueRogue","floor":8.0,"turns":3.0},{"damage":0.0,"enemies":"Lagavulin","floor":10.0,"turns":2.0},{"damage":1.0,"enemies":"Cultist","floor":14.0,"turns":4.0},{"damage":43.0,"enemies":"The Guardian","floor":16.0,"turns":7.0},{"damage":0.0,"enemies":"Spheric Guardian","floor":18.0,"turns":2.0},{"damage":6.0,"enemies":"2 Thieves","floor":19.0,"turns":2.0},{"damage":16.0,"enemies":"Centurion and Healer","floor":21.0,"turns":4.0},{"damage":4.0,"enemies":"Gremlin Leader","floor":23.0,"turns":4.0},{"damage":3.0,"enemies":"Book of Stabbing","floor":25.0,"turns":2.0},{"damage":0,"enemies":"Nightmare","floor":30,"turns":3}],"seed_played":"-5680115816019635230","potions_obtained":[{"floor":5.0,"key":"Reflective Coating"},{"floor":6.0,"key":"SkillPotion"},{"floor":8.0,"key":"Energy Potion"},{"floor":14.0,"key":"LiquidBronze"},{"floor":19.0,"key":"LiquidBronze"},{"floor":21.0,"key":"Adrenaline Potion"}],"is_trial":false,"path_per_floor":["M","?","?","?","M","E","?","E","T","E","?","?","R","M","R","B",null,"M","M","$","M","?","E","R","E","T","?","?","?","NM"],"character_chosen":"WATCHER","items_purchased":["Sling","StrikeDummy","Juzu Bracelet","Consecrate","Blood Vial","hubris:MobiusCoin"],"campfire_rested":2,"item_purchase_floors":[0,0,0,0,0,20],"current_hp_per_floor":[62,62,62,62,64,56,45,33,33,35,35,35,56,57,57,16,58,60,56,56,42,42,40,61,60,60,60,60,60,62,62],"gold":450,"neow_bonus":"","is_daily":false,"chose_seed":false,"campfire_upgraded":1,"win_rate":0.0,"timestamp":1610151634,"path_taken":["M","?","?","?","M","E","?","E","T","E","?","?","R","M","R","BOSS","M","M","$","M","?","E","R","E","T","?","?","?","NM"],"items_purchased_type":["Relic","Relic","Relic","Card","Relic","Relic"],"build_version":"2020-12-22","purchased_purges":1,"victory":false,"max_hp_per_floor":[72,72,72,72,72,72,72,72,72,72,72,72,72,72,72,72,72,72,72,72,72,72,72,72,72,72,72,72,72,72,72],"relic_stats":{"Blood Vial":26,"Happy Flower":[1],"counters":[13,42],"Blue Candle":[1],"Juzu Bracelet":2,"Art of War":[0],"Letter Opener":[15],"obtain_stats":[{"hubris:DisguiseKit":9,"Replay:Accelerometer":10,"hubris:MobiusCoin":20,"Happy Flower":26,"Blue Candle":6,"Juzu Bracelet":0,"hubris:SlimyHat":25,"Letter Opener":8,"hubris:Towel":29,"Sling":0,"Blood Vial":0,"Replay:Bandana":23,"hubris:Icosahedron":22,"hubris:ScarierMask":17,"Garlic":2,"Art of War":12,"PureWater":0,"StrikeDummy":0,"infinitespire:Midas Blood":11},{"hubris:DisguiseKit":4,"Replay:Accelerometer":5,"hubris:MobiusCoin":9,"Happy Flower":12,"Blue Candle":3,"Juzu Bracelet":0,"hubris:SlimyHat":12,"Letter Opener":4,"hubris:Towel":12,"Sling":0,"Blood Vial":0,"Replay:Bandana":11,"hubris:Icosahedron":10,"hubris:ScarierMask":7,"Garlic":1,"Art of War":5,"PureWater":0,"StrikeDummy":0,"infinitespire:Midas Blood":5},{"hubris:DisguiseKit":12,"Replay:Accelerometer":14,"hubris:MobiusCoin":29,"Happy Flower":39,"Blue Candle":9,"Juzu Bracelet":0,"hubris:SlimyHat":39,"Letter Opener":12,"hubris:Towel":39,"Sling":0,"Blood Vial":0,"Replay:Bandana":37,"hubris:Icosahedron":33,"hubris:ScarierMask":25,"Garlic":3,"Art of War":14,"PureWater":0,"StrikeDummy":0,"infinitespire:Midas Blood":14}]},"card_choices":[{"not_picked":["JustLucky","ClearTheMind","Wireheading"],"picked":"SKIP","floor":1.0},{"not_picked":["FollowUp","Replay:ManipulateFuture"],"picked":"BowlingBash","floor":2.0},{"not_picked":["Vengeance","Replay:BluntJabs"],"picked":"FollowUp","floor":2.0},{"not_picked":["FlurryOfBlows","FollowUp"],"picked":"MasterReality","floor":5.0},{"not_picked":["Protect","Collect"],"picked":"Consecrate","floor":6.0},{"not_picked":["PathToVictory","Replay:AtTheReady"],"picked":"Judgement","floor":8.0},{"not_picked":["PathToVictory","InnerPeace","Collect"],"picked":"Streamline","floor":10.0},{"not_picked":["Prostrate","LikeWater","Go for the Eyes"],"picked":"ForeignInfluence","floor":14.0},{"not_picked":["SpiritShield","MasterReality","Biased Cognition"],"picked":"Devotion","floor":16.0},{"not_picked":["Replay:DivineShield","EmptyBody","Crescendo","Reinforced Body"],"picked":"SKIP","floor":18.0},{"not_picked":["Halt","LikeWater","Protect"],"picked":"Capacitor","floor":19.0},{"not_picked":["Replay:BluntJabs","Crescendo","Beam Cell"],"picked":"Replay:Anticipation","floor":21.0},{"not_picked":["Consecrate","Meditate","Force Field"],"picked":"Replay:Cycle","floor":23.0},{"not_picked":["JustLucky","Weave","Nirvana"],"picked":"Gash","floor":25.0}],"player_experience":1064087,"relics_obtained":[{"floor":2.0,"key":"Garlic"},{"floor":6.0,"key":"Blue Candle"},{"floor":8.0,"key":"Letter Opener"},{"floor":9.0,"key":"hubris:DisguiseKit"},{"floor":10.0,"key":"Replay:Accelerometer"},{"floor":11.0,"key":"infinitespire:Midas Blood"},{"floor":23.0,"key":"Replay:Bandana"},{"floor":25.0,"key":"hubris:SlimyHat"},{"floor":26.0,"key":"Happy Flower"}],"event_choices":[{"damage_healed":0.0,"max_hp_gain":0.0,"max_hp_loss":0.0,"gold_gain":0.0,"event_name":"Match and Keep!","player_choice":"0 cards matched","floor":4.0,"gold_loss":0.0,"damage_taken":0.0,"cards_obtained":[]},{"damage_healed":0.0,"max_hp_gain":0.0,"max_hp_loss":0.0,"gold_gain":75.0,"event_name":"World of Goop","player_choice":"Gather Gold","floor":7.0,"gold_loss":0.0,"damage_taken":11.0},{"damage_healed":0.0,"max_hp_gain":0.0,"max_hp_loss":0.0,"gold_gain":0.0,"event_name":"Wheel of Change","player_choice":"Relic","floor":11.0,"gold_loss":0.0,"damage_taken":0.0},{"damage_healed":0.0,"max_hp_gain":0.0,"max_hp_loss":0.0,"gold_gain":0.0,"event_name":"Big Fish","player_choice":"Box","floor":12.0,"gold_loss":0.0,"damage_taken":0.0,"relics_obtained":["Art of War"],"cards_obtained":["Regret"]},{"cards_removed":["Strike_P"],"damage_healed":0.0,"max_hp_gain":0.0,"max_hp_loss":0.0,"gold_gain":0.0,"event_name":"Beggar","player_choice":"Gave Gold","floor":27.0,"gold_loss":75.0,"damage_taken":0.0},{"damage_healed":0.0,"max_hp_gain":0.0,"max_hp_loss":0.0,"gold_gain":99.0,"event_name":"Nest","player_choice":"Stole From Cult","floor":28.0,"gold_loss":0.0,"damage_taken":0.0}],"is_beta":false,"boss_relics":[{"not_picked":["hubris:CrackedHourglass","VioletLotus"],"picked":"hubris:ScarierMask"}],"items_purged_floors":[20],"is_endless":false,"potions_floor_spawned":[5,6,8,14,19,21],"killed_by":"Nightmare","ascension_level":13}}