{"host":"uiaocagxbjlinul0","time":1610230095,"event":{"mods":["100% Spire Juice","Act Like it!","BaseMod","Better Match","Block Reminder","CapriCore","ChefMod","Downfall","GifTheSpireLib","Hallownest","Hermit","Minty Spire (QoL Compilation)","Quick Restart","StSLib","Stuff the Spire","The Animator","The Bug Knight","The Marked","The Runesmith","The Spell Scribe","TheSwordswoman","Wandering Minibosses"],"gold_per_floor":[111,111,111,123,123,151,151,169,192,202,228,228,228,240,240,339,339,358,358,358,371,385,385,385],"floor_reached":23,"playtime":1438,"items_purged":[],"score":226,"play_id":"e49538f7-b2eb-48f4-a1f8-2ebf7e081cbb","local_time":"20210109140815","is_ascension_mode":false,"campfire_choices":[{"data":"Runesmith:Grindstone","floor":7,"key":"SMITH"},{"floor":13,"key":"REST"},{"data":"Runesmith:Fortify","floor":15,"key":"SMITH"}],"circlet_count":0,"master_deck":["Runesmith:Strike_RS+1","Runesmith:Strike_RS+1","Runesmith:Strike_RS+1","Runesmith:Defend_RS+1","Runesmith:Defend_RS+1","Runesmith:Defend_RS+1","Runesmith:Defend_RS+1","Runesmith:CraftFirestone","Runesmith:CraftProtectio","StuffTheSpire:CuriosityCurse","Runesmith:HammerThrow","Runesmith:Fortify+1","Runesmith:Grindstone+1","Runesmith:LithiumIon+1","Runesmith:EarthShield","Runesmith:NegativeSpace","Runesmith:Supernova","Runesmith:CraftMagma+1","Runesmith:CraftIncendium+1","Runesmith:OneForEveryone"],"relics":["Runesmith:BrokenRuby","NeowsBlessing","StuffTheSpire:HeavyRock","StuffTheSpire:Mouthbags","Bag of Preparation","Centennial Puzzle","Philosopher\u0027s Stone"],"acts_visited":["Exordium","TheCity"],"potions_floor_usage":[16,23],"damage_taken":[{"damage":0,"enemies":"2 Louse","floor":1,"turns":1},{"damage":0,"enemies":"Small Slimes","floor":4,"turns":1},{"damage":0,"enemies":"Lagavulin","floor":6,"turns":3},{"damage":0,"enemies":"Jaw Worm","floor":8,"turns":5},{"damage":5,"enemies":"Exordium Wildlife","floor":10,"turns":4},{"damage":30,"enemies":"3 Sentries","floor":11,"turns":8},{"damage":11,"enemies":"Large Slime","floor":14,"turns":5},{"damage":3,"enemies":"Hexaghost","floor":16,"turns":13},{"damage":9,"enemies":"Shell Parasite","floor":18,"turns":6},{"damage":9,"enemies":"Cultist and Chosen","floor":21,"turns":10},{"damage":7,"enemies":"Centurion and Healer","floor":22,"turns":4},{"damage":53,"enemies":"Slavers","floor":23,"turns":4}],"seed_played":"2929865114375920906","potions_obtained":[{"floor":10,"key":"SmokeBomb"},{"floor":11,"key":"champ:CounterPotion"},{"floor":14,"key":"FearPotion"},{"floor":22,"key":"GamblersBrew"}],"is_trial":false,"path_per_floor":["M","?","?","M","$","E","R","M","T","M","E","?","R","M","R","B",null,"M","?","?","M","M","E"],"character_chosen":"RUNESMITH_CLASS","items_purchased":[],"campfire_rested":1,"item_purchase_floors":[],"current_hp_per_floor":[70,70,56,56,56,56,56,56,56,51,21,19,40,29,29,26,70,61,61,61,52,45,0,0],"gold":385,"neow_bonus":"THREE_ENEMY_KILL","is_daily":false,"chose_seed":false,"campfire_upgraded":2,"win_rate":0.0,"timestamp":1610230095,"path_taken":["M","?","?","M","$","E","R","M","T","M","E","?","R","?","R","BOSS","M","?","?","M","?","E"],"items_purchased_type":[],"build_version":"2020-12-22","purchased_purges":0,"victory":false,"max_hp_per_floor":[70,70,70,70,70,70,70,70,70,70,70,70,70,70,70,70,70,70,70,70,70,70,70,70],"card_choices":[{"not_picked":["Runesmith:Overpower","Runesmith:MakeshiftArmor"],"picked":"Runesmith:CraftProtectio","floor":1},{"not_picked":["Runesmith:BackupBattery","Runesmith:CraftObretio"],"picked":"Runesmith:HammerThrow","floor":4},{"not_picked":["Runesmith:RuneHurl","Runesmith:CraftMagma"],"picked":"Runesmith:Grindstone","floor":6},{"not_picked":["Runesmith:CraftMagma","Runesmith:HammerThrow"],"picked":"Runesmith:LithiumIon","floor":8},{"not_picked":["Runesmith:CraftProtectio","Runesmith:Repurpose","Runesmith:StaticCage"],"picked":"SKIP","floor":10},{"not_picked":["Runesmith:Overpower","Runesmith:CraftSpiculum"],"picked":"Runesmith:EarthShield","floor":11},{"not_picked":["Runesmith:CraftObretio","Runesmith:StaticCage"],"picked":"Runesmith:NegativeSpace","floor":14},{"not_picked":["Runesmith:LastStand","Runesmith:GrandSlam"],"picked":"Runesmith:Supernova","floor":16},{"not_picked":["Runesmith:Attraction","Runesmith:NegativeSpace"],"picked":"Runesmith:CraftMagma+1","floor":18},{"not_picked":["Runesmith:StaticCage+1","Runesmith:Reinforce"],"picked":"Runesmith:CraftIncendium+1","floor":21},{"not_picked":["Runesmith:HammerAndChisel","Runesmith:Accelerate"],"picked":"Runesmith:OneForEveryone","floor":22}],"player_experience":149248,"relics_obtained":[{"floor":6,"key":"StuffTheSpire:Mouthbags"},{"floor":9,"key":"Bag of Preparation"},{"floor":11,"key":"Centennial Puzzle"}],"event_choices":[{"damage_healed":0,"gold_gain":0,"player_choice":"Entered Light","damage_taken":14,"max_hp_gain":0,"max_hp_loss":0,"event_name":"Shining Light","floor":3,"gold_loss":0,"cards_upgraded":["Runesmith:Defend_RS","Runesmith:Defend_RS"]},{"damage_healed":0,"gold_gain":0,"player_choice":"Simplicity","damage_taken":0,"max_hp_gain":0,"max_hp_loss":0,"event_name":"Back to Basics","floor":19,"gold_loss":0,"cards_upgraded":["Runesmith:Strike_RS","Runesmith:Strike_RS","Runesmith:Strike_RS","Runesmith:Defend_RS","Runesmith:Defend_RS"]},{"damage_healed":0,"gold_gain":0,"player_choice":"Ignored","damage_taken":0,"max_hp_gain":0,"max_hp_loss":0,"event_name":"NoteForYourself","floor":20,"gold_loss":0}],"is_beta":false,"boss_relics":[{"not_picked":["StuffTheSpire:Kangaroo","Tiny House"],"picked":"Philosopher\u0027s Stone"}],"items_purged_floors":[],"is_endless":false,"potions_floor_spawned":[10,11,14,22],"killed_by":"Slavers","ascension_level":0}}