{"host":"y36bp6mnm73x3iob","time":1610152721,"event":{"mods":["2.2 Compatiblity","Aspiration","BaseMod","Downfall","GifTheSpireLib","Hermit","Hubris","Marisa????????","Minty Spire (QoL Compilation)","Replay The Spire","Retaliation","StSLib","Stuff the Spire","The Disciple","The Servant 0.9.4"],"gold_per_floor":[119,119,138,138,156,181,181,195,195,215,225,225,238,252,252,352,352,372,3,3,21,21,21,37,37,106,106,106],"floor_reached":27,"playtime":1289,"items_purged":[],"score":217,"play_id":"cbc934ab-9e77-4990-a039-0a357618925d","local_time":"20210109023841","is_ascension_mode":false,"campfire_choices":[{"data":"hermit:Quickdraw","floor":7,"key":"SMITH"},{"floor":15,"key":"REST"},{"data":"hermit:EternalForm","floor":23,"key":"SMITH"},{"data":"hermit:FatalDesire","floor":23,"key":"SMITH"}],"circlet_count":0,"master_deck":["hermit:Defend_Hermit","hermit:Defend_Hermit","hermit:Defend_Hermit","hermit:Defend_Hermit","hermit:Snapshot","hermit:Covet+1","Zap","Regret","hermit:Glare+1","hermit:Quickdraw+1","hermit:WideOpen","hermit:FromBeyond","ReplaySort","Conserve Battery","hermit:Vantage","hermit:EternalForm+1","hermit:FatalDesire+1","hermit:Roulette","hermit:Manifest+1","hermit:Virtue","hermit:SprayPray+1"],"relics":["hermit:Momento","aspiration:Nostalgia","m_SpellCore","hubris:Zylophone","hubris:PeanutButter","Bird Faced Urn","Replay:Drink Me","Du-Vu Doll","Replay:Arrowhead","StuffTheSpire:CocoNut"],"acts_visited":["Exordium","TheCity"],"potions_floor_usage":[6,13,16,21],"damage_taken":[{"damage":1,"enemies":"Jaw Worm","floor":1,"turns":3},{"damage":0,"enemies":"Small Slimes","floor":3,"turns":2},{"damage":0,"enemies":"Cultist","floor":5,"turns":2},{"damage":44,"enemies":"3 Sentries","floor":6,"turns":6},{"damage":0,"enemies":"Blue Slaver","floor":8,"turns":3},{"damage":14,"enemies":"Exordium Thugs","floor":10,"turns":5},{"damage":0,"enemies":"2 Fungi Beasts","floor":11,"turns":3},{"damage":3,"enemies":"Gremlin Gang","floor":13,"turns":5},{"damage":0,"enemies":"Large Slime","floor":14,"turns":5},{"damage":33,"enemies":"Fading Forest","floor":16,"turns":11},{"damage":0,"enemies":"Chosen","floor":18,"turns":5},{"damage":2,"enemies":"3 Byrds","floor":21,"turns":5},{"damage":0,"enemies":"Snecko","floor":24,"turns":4},{"damage":0,"enemies":"Shelled Parasite and Fungi","floor":27,"turns":1}],"seed_played":"2945572816623213957","potions_obtained":[{"floor":3,"key":"Strength Potion"},{"floor":10,"key":"DuplicationPotion"},{"floor":13,"key":"Cursed Concoction"},{"floor":18,"key":"Swift Potion"},{"floor":21,"key":"FearPotion"}],"is_trial":false,"path_per_floor":["M","?","M","?","M","E","R","M","T","M","M","?","M","M","R","B",null,"M","$","?","M","?","R","M","$","T","M"],"character_chosen":"HERMIT","items_purchased":["hermit:Manifest+1","Du-Vu Doll","SkillPotion"],"campfire_rested":1,"item_purchase_floors":[19,19,19],"current_hp_per_floor":[74,74,74,74,74,30,30,30,30,16,16,16,13,13,35,4,57,57,57,57,57,57,57,57,57,64,64,64],"gold":106,"neow_bonus":"NOSTALGIA","is_daily":false,"chose_seed":false,"campfire_upgraded":3,"win_rate":0.0,"timestamp":1610152721,"path_taken":["M","?","M","?","?","E","R","M","T","M","?","?","M","M","R","BOSS","M","$","?","M","?","R","M","$","T","?"],"items_purchased_type":["Card","Relic","Potion"],"build_version":"2020-12-22","purchased_purges":0,"victory":false,"max_hp_per_floor":[75,75,75,75,75,75,75,75,75,75,75,75,75,75,75,75,57,57,57,57,57,57,57,57,57,64,64,64],"card_choices":[{"not_picked":["Aggregate","hermit:Snipe"],"picked":"Zap","floor":1},{"not_picked":["hermit:WideOpen","Gash"],"picked":"hermit:Glare","floor":3},{"not_picked":["hermit:TrackingShot","hermit:Dive"],"picked":"hermit:Quickdraw","floor":5},{"not_picked":["hermit:Dive","hermit:LuckOfTheDraw"],"picked":"hermit:WideOpen","floor":6},{"not_picked":["Gash","Steam Power"],"picked":"hermit:FromBeyond","floor":8},{"not_picked":["Gash","hermit:SprayPray"],"picked":"ReplaySort","floor":10},{"not_picked":["hermit:WideOpen","hermit:Ricochet"],"picked":"Conserve Battery","floor":11},{"not_picked":["hermit:Feint","BasicCrystalCard"],"picked":"hermit:Vantage","floor":13},{"not_picked":["hermit:Virtue","hermit:Determination"],"picked":"hermit:EternalForm","floor":14},{"not_picked":["hermit:Adapt","Reboot"],"picked":"hermit:FatalDesire","floor":16},{"not_picked":["hermit:Quickdraw","hermit:Snipe"],"picked":"hermit:Roulette","floor":18},{"not_picked":["hermit:WideOpen","hermit:PistolWhip"],"picked":"hermit:Virtue","floor":21},{"not_picked":["hermit:ItchyTrigger","hermit:HighCaliber"],"picked":"hermit:SprayPray+1","floor":24}],"player_experience":435972,"relics_obtained":[{"floor":6,"key":"hubris:PeanutButter"},{"floor":9,"key":"Bird Faced Urn"},{"floor":26,"key":"StuffTheSpire:CocoNut"}],"event_choices":[{"damage_healed":0,"gold_gain":0,"player_choice":"Box","damage_taken":0,"relics_obtained":["hubris:Zylophone"],"max_hp_gain":0,"max_hp_loss":0,"event_name":"Big Fish","floor":2,"gold_loss":0,"cards_obtained":["Regret"]},{"damage_healed":0,"gold_gain":0,"player_choice":"Grow","damage_taken":0,"max_hp_gain":0,"max_hp_loss":0,"event_name":"Living Wall","floor":4,"gold_loss":0,"cards_upgraded":["hermit:Glare"]},{"cards_removed":["hermit:Strike_Hermit"],"damage_healed":0,"gold_gain":0,"player_choice":"Purged","damage_taken":0,"max_hp_gain":0,"max_hp_loss":0,"event_name":"Purifier","floor":22,"gold_loss":0}],"is_beta":false,"boss_relics":[{"not_picked":["aspiration:ServantSkillbook","hubris:TerracottaHorce"],"picked":"Replay:Drink Me"}],"items_purged_floors":[],"is_endless":false,"potions_floor_spawned":[3,10,13,18,21],"killed_by":"Shelled Parasite and Fungi","ascension_level":0}}