{"host":"92108ef2q9tm8rod","time":1610208600,"event":{"mods":["BaseMod","Defuse TimeMaze Blight","Minty Spire (QoL Compilation)","StSLib","The Jungle"],"gold_per_floor":[111,124,139,158,158,158,190,190,216,141,141,161,161,188,188,290,290,304,355,355,355,372,372,372,372,372,292,326,326,356,391,391,490,490,508,85,0,0,0,0,25,25,25,57,57,57,57,77,77,77],"floor_reached":51,"playtime":2067,"items_purged":["Prostrate"],"score":963,"play_id":"ef591629-7492-4a52-a8b1-a81ec5d796d1","local_time":"20210109161000","daily_mods":["SealedDeck","Purple Cards","Heirloom","Flight"],"is_ascension_mode":false,"campfire_choices":[{"data":"Bouncing Flask","floor":6,"key":"SMITH"},{"data":"Deflect","floor":8,"key":"SMITH"},{"data":"Blur","floor":11,"key":"SMITH"},{"data":"Dash","floor":15,"key":"SMITH"},{"data":"Perseverance","floor":23,"key":"SMITH"},{"data":"Perseverance","floor":24,"key":"SMITH"},{"data":"TalkToTheHand","floor":25,"key":"SMITH"},{"data":"Catalyst","floor":29,"key":"SMITH"},{"data":"Noxious Fumes","floor":32,"key":"SMITH"},{"data":"Sadistic Nature","floor":40,"key":"SMITH"},{"floor":42,"key":"REST"},{"floor":46,"key":"REST"},{"data":"Madness","floor":47,"key":"SMITH"},{"data":"Madness","floor":49,"key":"SMITH"}],"circlet_count":0,"master_deck":["Dash+1","BowlingBash","TalkToTheHand+1","Dash","Deflect+1","Blur+1","Bouncing Flask+1","Perseverance+1","Perseverance+1","Noxious Fumes+1","Catalyst+1","Deadly Poison","Corpse Explosion","Sadistic Nature+1","Madness+1","Madness+1"],"relics":["Ring of the Snake","The Specimen","Centennial Puzzle","Ancient Tea Set","Vajra","Regal Pillow","Matryoshka","Gremlin Horn","InkBottle","Bird Faced Urn","Letter Opener","Red Mask","PreservedInsect","Unceasing Top","White Beast Statue","Potion Belt","HornCleat","Nunchaku"],"acts_visited":["Exordium","Exordium","TheBeyond"],"potions_floor_usage":[16,30,35,50],"damage_taken":[{"damage":0,"enemies":"Cultist","floor":1,"turns":4},{"damage":0,"enemies":"Small Slimes","floor":2,"turns":5},{"damage":0,"enemies":"2 Louse","floor":3,"turns":2},{"damage":0,"enemies":"Looter","floor":4,"turns":3},{"damage":1,"enemies":"3 Sentries","floor":7,"turns":7},{"damage":0,"enemies":"Large Slime","floor":12,"turns":5},{"damage":0,"enemies":"Gremlin Nob","floor":14,"turns":5},{"damage":0,"enemies":"The Guardian","floor":16,"turns":7},{"damage":0,"enemies":"theJungle:5_Spyders","floor":18,"turns":6},{"damage":0,"enemies":"theJungle:Flameango_and_Byrd","floor":22,"turns":7},{"damage":0,"enemies":"theJungle:Cassacara","floor":28,"turns":6},{"damage":8,"enemies":"theJungle:2_Phrogs","floor":30,"turns":6},{"damage":0,"enemies":"theJungle:Cassacara","floor":31,"turns":6},{"damage":0,"enemies":"theJungle:QueenSpyder","floor":33,"turns":8},{"damage":9,"enemies":"3 Darklings","floor":35,"turns":4},{"damage":27,"enemies":"Reptomancer","floor":41,"turns":3},{"damage":37,"enemies":"Nemesis","floor":44,"turns":7},{"damage":0,"enemies":"3 Shapes","floor":48,"turns":2},{"damage":7,"enemies":"Time Eater","floor":50,"turns":10}],"seed_played":"-98488152456165637","potions_obtained":[{"floor":4,"key":"Weak Potion"},{"floor":14,"key":"Dexterity Potion"},{"floor":16,"key":"SneckoOil"},{"floor":22,"key":"LiquidMemories"},{"floor":28,"key":"SteroidPotion"},{"floor":33,"key":"Strength Potion"},{"floor":44,"key":"SpeedPotion"},{"floor":48,"key":"SneckoOil"}],"is_trial":true,"path_per_floor":["M","M","M","M","$","R","E","R","T","$","R","M","?","E","R","B",null,"M","T","$","?","M","R","R","R","T","$","E","R","E","E","R","B",null,"M","$","?","?","T","R","E","R","T","E","?","R","R","M","R","B",null],"character_chosen":"THE_SILENT","items_purchased":["Noxious Fumes","Sadistic Nature","Letter Opener"],"campfire_rested":2,"item_purchase_floors":[27,36,36],"current_hp_per_floor":[70,70,70,70,70,70,69,69,69,69,69,69,62,62,62,62,70,70,70,70,70,70,70,70,70,70,70,70,70,62,62,62,64,70,61,61,61,61,61,61,36,70,70,33,24,60,60,64,64,61],"gold":77,"neow_bonus":"","is_daily":false,"chose_seed":false,"campfire_upgraded":12,"win_rate":0.0,"timestamp":1610208600,"path_taken":["M","M","M","?","$","R","E","R","T","$","R","M","?","E","R","BOSS","M","?","$","?","M","R","R","R","T","$","E","R","E","E","R","BOSS","M","$","?","?","?","R","E","R","T","E","?","R","R","M","R","BOSS"],"items_purchased_type":["Card","Card","Relic"],"build_version":"2020-12-22","purchased_purges":1,"victory":true,"max_hp_per_floor":[70,70,70,70,70,70,70,70,70,70,70,70,70,70,70,70,70,70,70,70,70,70,70,70,70,70,70,70,70,70,70,70,70,70,70,70,70,70,70,70,70,70,70,70,70,70,70,70,70,70],"card_choices":[{"not_picked":["Dash","Outmaneuver","WaveOfTheHand"],"picked":"SKIP","floor":1},{"not_picked":["Quick Slash","CrushJoints","Fasting2"],"picked":"SKIP","floor":2},{"not_picked":["Flying Knee","Sanctity","Blade Dance"],"picked":"SKIP","floor":3},{"not_picked":["Well Laid Plans","Distraction","Blade Dance"],"picked":"SKIP","floor":4},{"not_picked":["Outmaneuver","JustLucky","ThirdEye"],"picked":"SKIP","floor":7},{"not_picked":["Underhanded Strike","Reflex","Dagger Spray"],"picked":"SKIP","floor":12},{"not_picked":["Halt","Finisher","Dodge and Roll"],"picked":"SKIP","floor":14},{"not_picked":["JustLucky","EmptyFist","CarveReality"],"picked":"SKIP","floor":18},{"not_picked":["Vengeance+1","Accuracy","FearNoEvil"],"picked":"SKIP","floor":22},{"not_picked":["Die Die Die","Calculated Gamble"],"picked":"Catalyst","floor":28},{"not_picked":["Consecrate","PathToVictory+1"],"picked":"Deadly Poison","floor":30},{"not_picked":["Consecrate+1","Riddle With Holes","SandsOfTime"],"picked":"SKIP","floor":31},{"not_picked":["DeusExMachina","LessonLearned"],"picked":"Corpse Explosion","floor":33},{"not_picked":["Backflip","Protect","PiercingWail"],"picked":"SKIP","floor":35},{"not_picked":["Wallop","WreathOfFlame+1","JustLucky"],"picked":"SKIP","floor":41},{"not_picked":["Predator","BowlingBash+1","FlurryOfBlows"],"picked":"SKIP","floor":44},{"not_picked":["EmptyMind","Quick Slash","Halt+1"],"picked":"SKIP","floor":48}],"player_experience":3263281,"relics_obtained":[{"floor":7,"key":"Centennial Puzzle"},{"floor":9,"key":"Ancient Tea Set"},{"floor":14,"key":"Vajra"},{"floor":19,"key":"Regal Pillow"},{"floor":26,"key":"Matryoshka"},{"floor":28,"key":"Gremlin Horn"},{"floor":30,"key":"InkBottle"},{"floor":31,"key":"Bird Faced Urn"},{"floor":39,"key":"PreservedInsect"},{"floor":39,"key":"Unceasing Top"},{"floor":41,"key":"White Beast Statue"},{"floor":43,"key":"Potion Belt"},{"floor":43,"key":"HornCleat"},{"floor":44,"key":"Nunchaku"}],"event_choices":[{"damage_healed":0,"gold_gain":0,"player_choice":"Damaged","damage_taken":7,"max_hp_gain":0,"max_hp_loss":0,"event_name":"Wheel of Change","floor":13,"gold_loss":0},{"damage_healed":0,"gold_gain":0,"player_choice":"Paid","damage_taken":0,"relics_obtained":["Red Mask"],"max_hp_gain":0,"max_hp_loss":0,"event_name":"Tomb of Lord Red Mask","floor":37,"gold_loss":85},{"damage_healed":0,"gold_gain":0,"player_choice":"Memory 1","damage_taken":0,"max_hp_gain":0,"max_hp_loss":0,"event_name":"SensoryStone","floor":38,"gold_loss":0},{"damage_healed":0,"gold_gain":0,"player_choice":"Embrace Madness","damage_taken":9,"max_hp_gain":0,"max_hp_loss":0,"event_name":"Winding Halls","floor":45,"gold_loss":0,"cards_obtained":["Madness","Madness"]}],"is_beta":false,"boss_relics":[{"not_picked":["Sozu","Velvet Choker","Fusion Hammer"]},{"not_picked":["Runic Pyramid","Runic Dome","Philosopher\u0027s Stone"]}],"items_purged_floors":[10],"is_endless":false,"potions_floor_spawned":[4,14,16,22,28,33,44,48],"ascension_level":0}}