{"host":"19t2eyow02s954g8","time":1610194037,"event":{"mods":["BaseMod","Colored Map","DeckTracker","Minty Spire (QoL Compilation)","StSLib","SuperFastMode"],"gold_per_floor":[111,36,56,56,79,79,104,104,177,191,209,225,225,245,245,319,319,330,199,212,225,235,235,268,283,283,294,294,325,116,131,131,209,209,219,244,244,255,53,88,88,117,117,117,129,198,198,208,208,208,208],"floor_reached":50,"playtime":1865,"items_purged":["Strike_G","Strike_G","Flechettes+1"],"score":1138,"play_id":"345a0207-ce36-4ef8-9d4b-4fcad7792339","local_time":"20210109210717","is_ascension_mode":true,"campfire_choices":[{"data":"Neutralize","floor":6,"key":"SMITH"},{"data":"After Image","floor":8,"key":"SMITH"},{"data":"Cloak And Dagger","floor":15,"key":"SMITH"},{"floor":23,"key":"REST"},{"floor":28,"key":"REST"},{"floor":32,"key":"REST"},{"data":"Venomology","floor":41,"key":"SMITH"},{"floor":44,"key":"REST"},{"data":"Terror","floor":47,"key":"SMITH"},{"floor":49,"key":"RECALL"}],"circlet_count":0,"master_deck":["AscendersBane","Defend_G","Defend_G","Defend_G","Defend_G","Defend_G","Survivor","Neutralize+1","After Image+1","Dagger Spray","Cloak And Dagger+1","Corpse Explosion","PiercingWail","Slice","Crippling Poison","Infinite Blades","Blade Dance","Infinite Blades","Venomology+1","Blade Dance","Endless Agony","Tools of the Trade","Concentrate+1","Infinite Blades+1","Prepared+1","Tactician+1","Finisher","Terror+1"],"relics":["Ring of the Snake","NeowsBlessing","Nunchaku","Boot","Mercury Hourglass","StoneCalendar","WristBlade","Akabeko","InkBottle","Dream Catcher","Astrolabe","TungstenRod","Pear","Ancient Tea Set","White Beast Statue"],"acts_visited":["Exordium","TheCity","TheBeyond"],"potions_floor_usage":[16,16,24,24,27,31,33,33,33,35,40,42,42,48,50,50,50,50],"damage_taken":[{"damage":0,"enemies":"Small Slimes","floor":1,"turns":1},{"damage":0,"enemies":"Jaw Worm","floor":3,"turns":1},{"damage":0,"enemies":"Lagavulin","floor":7,"turns":1},{"damage":3,"enemies":"Cultist","floor":10,"turns":3},{"damage":4,"enemies":"Lots of Slimes","floor":11,"turns":3},{"damage":2,"enemies":"Red Slaver","floor":12,"turns":4},{"damage":0,"enemies":"Looter","floor":14,"turns":3},{"damage":21,"enemies":"The Guardian","floor":16,"turns":9},{"damage":1,"enemies":"Chosen","floor":18,"turns":4},{"damage":8,"enemies":"2 Thieves","floor":20,"turns":3},{"damage":9,"enemies":"Centurion and Healer","floor":21,"turns":5},{"damage":0,"enemies":"3 Cultists","floor":22,"turns":4},{"damage":35,"enemies":"Book of Stabbing","floor":24,"turns":6},{"damage":9,"enemies":"Snake Plant","floor":25,"turns":4},{"damage":4,"enemies":"Centurion and Healer","floor":27,"turns":5},{"damage":13,"enemies":"Slavers","floor":29,"turns":2},{"damage":3,"enemies":"Snecko","floor":31,"turns":3},{"damage":27,"enemies":"Collector","floor":33,"turns":7},{"damage":0,"enemies":"3 Shapes","floor":35,"turns":7},{"damage":5,"enemies":"Mind Bloom Boss Battle","floor":36,"turns":8},{"damage":0,"enemies":"Orb Walker","floor":38,"turns":3},{"damage":15,"enemies":"Nemesis","floor":40,"turns":5},{"damage":6,"enemies":"Giant Head","floor":42,"turns":6},{"damage":10,"enemies":"Sphere and 2 Shapes","floor":45,"turns":4},{"damage":0,"enemies":"3 Darklings","floor":48,"turns":3},{"damage":31,"enemies":"Awakened One","floor":50,"turns":7}],"seed_played":"4034846030791594526","potions_obtained":[{"floor":10,"key":"FearPotion"},{"floor":11,"key":"Poison Potion"},{"floor":14,"key":"AttackPotion"},{"floor":16,"key":"FearPotion"},{"floor":20,"key":"SteroidPotion"},{"floor":25,"key":"Energy Potion"},{"floor":27,"key":"SteroidPotion"},{"floor":33,"key":"ColorlessPotion"},{"floor":35,"key":"GhostInAJar"},{"floor":48,"key":"Dexterity Potion"}],"is_trial":false,"path_per_floor":["M","$","M","?","T","R","E","R","T","M","M","M","?","M","R","B",null,"M","$","M","M","M","R","E","M","T","M","R","E","$","M","R","B",null,"M","?","?","M","$","E","R","E","T","R","M","T","R","M","R","B"],"character_chosen":"THE_SILENT","items_purchased":["After Image","Slice","Blade Dance","PowerPotion","Finisher"],"campfire_rested":4,"item_purchase_floors":[2,19,30,30,39],"current_hp_per_floor":[59,59,59,59,59,59,59,59,59,56,52,50,50,50,50,29,57,56,56,48,39,39,58,23,14,14,10,29,16,16,13,32,5,51,51,46,46,46,46,41,41,35,35,57,47,47,47,47,47,16,16],"gold":208,"neow_bonus":"THREE_ENEMY_KILL","is_daily":false,"chose_seed":false,"campfire_upgraded":5,"win_rate":0.0,"timestamp":1610194037,"path_taken":["M","$","M","?","?","R","E","R","T","M","M","M","?","?","R","BOSS","M","$","?","M","M","R","E","M","T","M","R","E","?","M","R","BOSS","M","?","?","M","$","E","R","E","T","R","M","?","R","M","R","BOSS"],"items_purchased_type":["Card","Card","Card","Potion","Card"],"build_version":"2020-12-22","purchased_purges":3,"victory":false,"max_hp_per_floor":[66,66,66,66,66,66,66,66,66,66,66,66,66,66,66,66,66,66,66,66,66,66,66,66,66,66,66,66,66,66,66,66,66,66,66,66,66,66,66,76,76,76,76,76,76,76,76,76,76,76,76],"card_choices":[{"not_picked":["Outmaneuver","Sucker Punch","Flying Knee"],"picked":"SKIP","floor":1},{"not_picked":["Masterful Stab","Prepared","Expertise"],"picked":"SKIP","floor":3},{"not_picked":["Poisoned Stab","Sucker Punch"],"picked":"Dagger Spray","floor":7},{"not_picked":["Prepared","Choke","Sucker Punch"],"picked":"SKIP","floor":10},{"not_picked":["Eviscerate","Flechettes","Doppelganger"],"picked":"SKIP","floor":11},{"not_picked":["Finisher","Distraction"],"picked":"Cloak And Dagger","floor":12},{"not_picked":["Dagger Throw","Catalyst","Eviscerate"],"picked":"SKIP","floor":14},{"not_picked":["Glass Knife","Storm of Steel"],"picked":"Corpse Explosion","floor":16},{"not_picked":["Riddle With Holes","Deflect"],"picked":"PiercingWail","floor":18},{"not_picked":["Outmaneuver","Dagger Spray"],"picked":"Crippling Poison","floor":20},{"not_picked":["Prepared","Underhanded Strike+1","Deflect"],"picked":"SKIP","floor":21},{"not_picked":["Underhanded Strike","Cloak And Dagger"],"picked":"Infinite Blades","floor":22},{"not_picked":["Reflex","Noxious Fumes"],"picked":"Blade Dance","floor":24},{"not_picked":["Riddle With Holes","Slice","Dash+1"],"picked":"SKIP","floor":25},{"not_picked":["Prepared","PiercingWail"],"picked":"Infinite Blades","floor":27},{"not_picked":["Grand Finale","Finisher"],"picked":"Venomology","floor":29},{"not_picked":["Predator","Dagger Spray"],"picked":"Endless Agony","floor":31},{"not_picked":["Bullet Time","Storm of Steel"],"picked":"Tools of the Trade","floor":33},{"not_picked":["Well Laid Plans","PiercingWail+1"],"picked":"Prepared+1","floor":35},{"not_picked":["Sucker Punch","Caltrops"],"picked":"Tactician+1","floor":38},{"not_picked":["Deflect","Outmaneuver+1","Slice+1"],"picked":"SKIP","floor":40},{"not_picked":["Noxious Fumes+1","Acrobatics","Storm of Steel"],"picked":"SKIP","floor":42},{"not_picked":["Distraction","Well Laid Plans"],"picked":"Terror","floor":45},{"not_picked":["Caltrops","Deadly Poison+1","Eviscerate+1"],"picked":"SKIP","floor":48}],"player_experience":4231182,"relics_obtained":[{"floor":5,"key":"Nunchaku"},{"floor":7,"key":"Boot"},{"floor":9,"key":"Mercury Hourglass"},{"floor":24,"key":"Akabeko"},{"floor":26,"key":"InkBottle"},{"floor":29,"key":"Dream Catcher"},{"floor":36,"key":"TungstenRod"},{"floor":40,"key":"Pear"},{"floor":42,"key":"Ancient Tea Set"},{"floor":46,"key":"White Beast Statue"}],"event_choices":[{"damage_healed":0,"gold_gain":0,"player_choice":"Ignored","damage_taken":0,"max_hp_gain":0,"max_hp_loss":0,"event_name":"Liars Game","floor":4,"gold_loss":0},{"damage_healed":0,"gold_gain":0,"player_choice":"Gave Potion","damage_taken":0,"relics_obtained":["StoneCalendar"],"max_hp_gain":0,"max_hp_loss":0,"event_name":"WeMeetAgain","floor":13,"gold_loss":0},{"damage_healed":0,"gold_gain":0,"player_choice":"Fight","damage_taken":0,"max_hp_gain":0,"max_hp_loss":0,"event_name":"MindBloom","floor":36,"gold_loss":0},{"damage_healed":0,"gold_gain":0,"player_choice":"Ignored","damage_taken":0,"max_hp_gain":0,"max_hp_loss":0,"event_name":"Tomb of Lord Red Mask","floor":37,"gold_loss":0}],"is_beta":false,"boss_relics":[{"not_picked":["Velvet Choker","Tiny House"],"picked":"WristBlade"},{"not_picked":["Snecko Eye","SacredBark"],"picked":"Astrolabe"}],"items_purged_floors":[19,30,39],"is_endless":false,"potions_floor_spawned":[10,11,14,16,20,25,27,31,33,35,38,40,48],"killed_by":"Awakened One","ascension_level":20}}