{"host":"ig7tc0uedzltt2sr","time":1610231471,"event":{"mods":["BaseMod","Better Twitch Integration","Block Reminder","Colored Map","Colored Powertips","Communication Mod","Current Relic Mod","GifTheSpireLib","HexUI Lib","Minty Spire (QoL Compilation)","Quick Restart","Random Character Button","Rare Cards Sparkle","Relic Sorter","Relic Stats","Slay the Relics Exporter","StSLib","SuperFastMode","Synergy Search","Twitch Decklist","Twitch Utils","everything is the same but u backflip on backflip","slay the spire mod where everything is the same but ironclad has a cowboy hat"],"gold_per_floor":[110,23,39,49,49,64,64,64,64],"floor_reached":8,"playtime":89,"items_purged":[],"score":48,"play_id":"3e257ee8-ed8a-43cd-a76e-06ed6e4ee6f6","local_time":"20210109143111","is_ascension_mode":false,"campfire_choices":[{"floor":7,"key":"RECALL"}],"circlet_count":0,"master_deck":["Strike_R","Strike_R","Strike_R","Strike_R","Strike_R","Defend_R","Defend_R","Defend_R","Defend_R","Bash","Infernal Blade","Madness","Entrench","Dual Wield","Pommel Strike"],"relics":["Burning Blood"],"acts_visited":["Exordium"],"potions_floor_usage":[],"damage_taken":[{"damage":30,"enemies":"Cultist","floor":1,"turns":8},{"damage":2,"enemies":"Jaw Worm","floor":3,"turns":5},{"damage":2,"enemies":"Small Slimes","floor":4,"turns":7},{"damage":24,"enemies":"Exordium Wildlife","floor":6,"turns":8},{"damage":61,"enemies":"3 Sentries","floor":8,"turns":8}],"seed_played":"7539597598304437857","potions_obtained":[{"floor":1,"key":"ElixirPotion"}],"is_trial":false,"path_per_floor":["M","$","M","M","$","M","R","E"],"character_chosen":"IRONCLAD","items_purchased":["Madness"],"campfire_rested":0,"item_purchase_floors":[2],"current_hp_per_floor":[64,64,68,72,72,54,54,0,0],"gold":64,"neow_bonus":"TEN_PERCENT_HP_BONUS","is_daily":false,"chose_seed":false,"campfire_upgraded":0,"win_rate":0.0,"timestamp":1610231471,"path_taken":["M","$","?","M","$","M","R","E"],"items_purchased_type":["Card"],"build_version":"2020-12-22","purchased_purges":0,"victory":false,"max_hp_per_floor":[88,88,88,88,88,88,88,88,88],"relic_stats":{"counters":[5,36],"obtain_stats":[{"Burning Blood":0},{"Burning Blood":0},{"Burning Blood":0}],"Burning Blood":24},"card_choices":[{"not_picked":["Intimidate","Sword Boomerang"],"picked":"Infernal Blade","floor":1},{"not_picked":["Cleave","Heavy Blade"],"picked":"Entrench","floor":3},{"not_picked":["Havoc","Combust"],"picked":"Dual Wield","floor":4},{"not_picked":["Intimidate","Shrug It Off"],"picked":"Pommel Strike","floor":6}],"player_experience":1471609,"relics_obtained":[],"event_choices":[],"is_beta":false,"boss_relics":[],"items_purged_floors":[],"is_endless":false,"potions_floor_spawned":[1],"killed_by":"3 Sentries","ascension_level":0}}