{"host":"6pgtslebjnyv5xmi","time":1610203865,"event":{"mods":["AchievementEnabler","BaseMod","Colored Map","Minty Spire (QoL Compilation)","Rare Cards Sparkle","StSLib","SuperFastMode","The Hierophant","everything is the same but u backflip on backflip"],"gold_per_floor":[109,19,194,194,213,241,241,259,313,313,344,358,308,336,336,432,432,450,450,462,462,377,377,404,404,454,454,379,45,60,71,71,71,71],"floor_reached":33,"playtime":1010,"items_purged":["Strike_B"],"score":458,"play_id":"55a9715c-1796-4839-880e-780f5be67c4c","local_time":"20210109235105","is_ascension_mode":true,"campfire_choices":[{"data":"Tempest","floor":7.0,"key":"SMITH"},{"floor":15.0,"key":"REST"},{"data":"Thunder Strike","floor":23.0,"key":"SMITH"},{"floor":25.0,"key":"REST"},{"data":"Zap","floor":27.0,"key":"SMITH"},{"floor":32.0,"key":"REST"}],"circlet_count":0,"master_deck":["Defend_B","Defend_B","Defend_B","Defend_B","Zap+1","Dualcast","Stack","Capacitor","Ball Lightning","Ball Lightning","Tempest+1","Rainbow","Ball Lightning","Thunder Strike+1","White Noise+1","Storm+1","Double Energy+1","Ball Lightning+1"],"relics":["Cracked Core","PreservedInsect","Strawberry","Oddly Smooth Stone","WarpedTongs","Ancient Tea Set","Odd Mushroom","Empty Cage","Torii","CaptainsWheel","Art of War","Membership Card","Frozen Egg 2"],"acts_visited":["Exordium","TheCity"],"potions_floor_usage":[],"damage_taken":[{"damage":3.0,"enemies":"2 Louse","floor":1.0,"turns":3.0},{"damage":16.0,"enemies":"Small Slimes","floor":5.0,"turns":4.0},{"damage":10.0,"enemies":"Gremlin Nob","floor":6.0,"turns":3.0},{"damage":0.0,"enemies":"Cultist","floor":8.0,"turns":2.0},{"damage":17.0,"enemies":"3 Sentries","floor":11.0,"turns":4.0},{"damage":0.0,"enemies":"Large Slime","floor":12.0,"turns":4.0},{"damage":10.0,"enemies":"The Mushroom Lair","floor":14.0,"turns":4.0},{"damage":0.0,"enemies":"Slime Boss","floor":16.0,"turns":4.0},{"damage":34.0,"enemies":"Shell Parasite","floor":18.0,"turns":4.0},{"damage":11.0,"enemies":"Spheric Guardian","floor":20.0,"turns":3.0},{"damage":34.0,"enemies":"Gremlin Leader","floor":24.0,"turns":6.0},{"damage":9.0,"enemies":"Snake Plant","floor":30.0,"turns":3.0},{"damage":1.0,"enemies":"Snecko","floor":31.0,"turns":3.0},{"damage":76,"enemies":"Automaton","floor":33,"turns":6}],"seed_played":"8993902905033916562","potions_obtained":[{"floor":1.0,"key":"Block Potion"},{"floor":8.0,"key":"Ancient Potion"},{"floor":14.0,"key":"SteroidPotion"},{"floor":24.0,"key":"Fire Potion"},{"floor":31.0,"key":"FearPotion"}],"is_trial":false,"path_per_floor":["M","$","?","?","M","E","R","M","T","?","E","M","?","?","R","B",null,"M","?","M","?","?","R","E","R","T","R","?","$","M","M","R","B"],"character_chosen":"DEFECT","items_purchased":["Capacitor","Ball Lightning","Membership Card","Frozen Egg 2","Storm+1"],"campfire_rested":3,"item_purchase_floors":[2,2,29,29,29],"current_hp_per_floor":[65,65,65,65,49,46,46,46,46,46,29,29,29,19,43,43,72,38,22,11,40,40,40,6,32,32,32,32,32,23,22,48,0,0],"gold":71,"neow_bonus":"RANDOM_COMMON_RELIC","is_daily":false,"chose_seed":false,"campfire_upgraded":3,"win_rate":0.0,"timestamp":1610203865,"path_taken":["M","$","?","?","M","E","R","M","T","?","E","?","?","?","R","BOSS","M","?","M","?","?","R","E","R","T","R","?","$","M","?","R","BOSS"],"items_purchased_type":["Card","Card","Relic","Relic","Card"],"build_version":"2020-12-22","purchased_purges":1,"victory":false,"max_hp_per_floor":[75,75,75,75,75,82,82,82,82,82,82,82,82,82,82,82,82,82,87,87,87,87,87,87,87,87,87,87,87,87,87,87,87,87],"card_choices":[{"not_picked":["BootSequence","Barrage"],"picked":"Stack","floor":1.0},{"not_picked":["Coolheaded","Stack"],"picked":"Ball Lightning","floor":5.0},{"not_picked":["Turbo","Hologram"],"picked":"Tempest","floor":6.0},{"not_picked":["Heatsinks","Recycle","Darkness"],"picked":"SKIP","floor":8.0},{"not_picked":["Hologram","Leap"],"picked":"Rainbow","floor":11.0},{"not_picked":["Conserve Battery","Steam Power","Streamline"],"picked":"SKIP","floor":12.0},{"not_picked":["Conserve Battery","Stack"],"picked":"Ball Lightning","floor":14.0},{"not_picked":["Biased Cognition","All For One"],"picked":"Thunder Strike","floor":16.0},{"not_picked":["Rebound","Scrape"],"picked":"White Noise+1","floor":18.0},{"not_picked":["Ball Lightning","Rip and Tear","FTL"],"picked":"SKIP","floor":20.0},{"not_picked":["Rip and Tear","Heatsinks","Conserve Battery"],"picked":"SKIP","floor":24.0},{"not_picked":["Thunder Strike","Self Repair+1"],"picked":"Double Energy+1","floor":30.0},{"not_picked":["Aggregate","Steam"],"picked":"Ball Lightning+1","floor":31.0}],"player_experience":927761,"relics_obtained":[{"floor":6.0,"key":"Strawberry"},{"floor":9.0,"key":"Oddly Smooth Stone"},{"floor":11.0,"key":"Ancient Tea Set"},{"floor":14.0,"key":"Odd Mushroom"},{"floor":24.0,"key":"CaptainsWheel"},{"floor":26.0,"key":"Art of War"}],"event_choices":[{"damage_healed":0.0,"max_hp_gain":0.0,"max_hp_loss":0.0,"gold_gain":175.0,"event_name":"Liars Game","player_choice":"AGREE","floor":3.0,"gold_loss":0.0,"damage_taken":0.0,"cards_obtained":["Doubt"]},{"cards_removed":["Doubt"],"damage_healed":0.0,"max_hp_gain":0.0,"max_hp_loss":0.0,"gold_gain":0.0,"event_name":"Living Wall","player_choice":"Forget","floor":4.0,"gold_loss":0.0,"damage_taken":0.0},{"damage_healed":0.0,"max_hp_gain":0.0,"max_hp_loss":0.0,"gold_gain":0.0,"event_name":"Accursed Blacksmith","player_choice":"Rummage","floor":10.0,"gold_loss":0.0,"damage_taken":0.0,"relics_obtained":["WarpedTongs"],"cards_obtained":["Pain"]},{"cards_removed":["Pain"],"damage_healed":0.0,"max_hp_gain":0.0,"max_hp_loss":0.0,"gold_gain":0.0,"event_name":"The Cleric","player_choice":"Card Removal","floor":13.0,"gold_loss":50.0,"damage_taken":0.0},{"damage_healed":0.0,"max_hp_gain":0.0,"max_hp_loss":0.0,"gold_gain":0.0,"event_name":"Mushrooms","player_choice":"Fought Mushrooms","floor":14.0,"gold_loss":0.0,"damage_taken":0.0},{"damage_healed":0.0,"max_hp_gain":5.0,"max_hp_loss":0.0,"gold_gain":0.0,"event_name":"Forgotten Altar","player_choice":"Shed Blood","floor":19.0,"gold_loss":0.0,"damage_taken":21.0},{"damage_healed":29.0,"max_hp_gain":0.0,"max_hp_loss":0.0,"gold_gain":0.0,"event_name":"The Library","player_choice":"Heal","floor":21.0,"gold_loss":0.0,"damage_taken":0.0},{"damage_healed":0.0,"max_hp_gain":0.0,"max_hp_loss":0.0,"gold_gain":0.0,"event_name":"Addict","player_choice":"Obtained Relic","floor":22.0,"gold_loss":85.0,"damage_taken":0.0,"relics_obtained":["Torii"]},{"cards_removed":["Strike_B"],"damage_healed":0.0,"max_hp_gain":0.0,"max_hp_loss":0.0,"gold_gain":0.0,"event_name":"Beggar","player_choice":"Gave Gold","floor":28.0,"gold_loss":75.0,"damage_taken":0.0}],"is_beta":false,"boss_relics":[{"not_picked":["Snecko Eye","Fusion Hammer"],"picked":"Empty Cage"}],"items_purged_floors":[29],"is_endless":false,"potions_floor_spawned":[1,8,14,24,31],"killed_by":"Automaton","ascension_level":7}}