{"host":"2zw05eexjythz74b","time":1610153831,"event":{"mods":["AchievementEnabler","BaseMod","Better Altar","Colored Map","Minty Spire (QoL Compilation)","StSLib","everything is the same but u backflip on backflip"],"gold_per_floor":[110,120,5,5,5,5,34,52,79,94,94,94,112,112,112,214,214,228,247,172,172,189,218,218,245,325,325,1,33,46,62,62,160,160,177,1,13,23,23,52,52,52,52,102,112,125,125,125,125,125,125],"floor_reached":50,"playtime":1820,"items_purged":["Defend_R"],"score":688,"play_id":"aaae6e9b-64a0-437f-9f4a-602f7ab7809f","local_time":"20210108185711","is_ascension_mode":true,"campfire_choices":[{"data":"Inflame","floor":6,"key":"SMITH"},{"data":"Offering","floor":12,"key":"SMITH"},{"data":"Flex","floor":15,"key":"SMITH"},{"data":"Spot Weakness","floor":24,"key":"SMITH"},{"floor":32,"key":"REST"},{"floor":41,"key":"REST"},{"floor":47,"key":"REST"},{"data":"Double Tap","floor":49,"key":"SMITH"}],"circlet_count":0,"master_deck":["Strike_R","Strike_R","Strike_R","Strike_R","Strike_R","Defend_R","Defend_R","Bash","Pommel Strike","Sword Boomerang+1","Inflame+1","Reckless Charge","Offering+1","Twin Strike","Twin Strike","Flex+1","Flex","Flex","Flex+1","Spot Weakness+1","J.A.X.","Infernal Blade","Double Tap+1","Inflame+1","Sword Boomerang","Offering","Inflame"],"relics":["Black Blood","NeowsBlessing","Happy Flower","Orichalcum","Paper Frog","Art of War","Mummified Hand","Question Card","Bottled Flame","Bottled Lightning","The Courier","Mark of Pain","Centennial Puzzle","Pocketwatch","Ancient Tea Set","Ice Cream"],"acts_visited":["TheCity","TheBeyond"],"potions_floor_usage":[23,25,25,29,31,35,40,45,50],"damage_taken":[{"damage":0,"enemies":"2 Louse","floor":1,"turns":1},{"damage":0,"enemies":"Jaw Worm","floor":2,"turns":1},{"damage":0,"enemies":"Gremlin Nob","floor":7,"turns":1},{"damage":0,"enemies":"Small Slimes","floor":8,"turns":3},{"damage":8,"enemies":"Blue Slaver","floor":10,"turns":2},{"damage":0,"enemies":"2 Fungi Beasts","floor":13,"turns":2},{"damage":42,"enemies":"Hexaghost","floor":16,"turns":3},{"damage":12,"enemies":"Chosen","floor":18,"turns":2},{"damage":6,"enemies":"Spheric Guardian","floor":19,"turns":2},{"damage":39,"enemies":"Shelled Parasite and Fungi","floor":22,"turns":4},{"damage":33,"enemies":"Slavers","floor":23,"turns":3},{"damage":6,"enemies":"Book of Stabbing","floor":25,"turns":1},{"damage":35,"enemies":"Gremlin Leader","floor":29,"turns":4},{"damage":9,"enemies":"Snecko","floor":30,"turns":2},{"damage":20,"enemies":"Centurion and Healer","floor":31,"turns":2},{"damage":28,"enemies":"Collector","floor":33,"turns":6},{"damage":45,"enemies":"3 Shapes","floor":35,"turns":3},{"damage":9,"enemies":"3 Darklings","floor":37,"turns":1},{"damage":9,"enemies":"Spire Growth","floor":38,"turns":1},{"damage":44,"enemies":"Nemesis","floor":40,"turns":3},{"damage":24,"enemies":"Mind Bloom Boss Battle","floor":44,"turns":3},{"damage":15,"enemies":"Jaw Worm Horde","floor":45,"turns":1},{"damage":3,"enemies":"3 Darklings","floor":46,"turns":1},{"damage":91,"enemies":"Awakened One","floor":50,"turns":4}],"seed_played":"6489417520171588636","potions_obtained":[{"floor":2,"key":"ColorlessPotion"},{"floor":8,"key":"BlessingOfTheForge"},{"floor":10,"key":"GamblersBrew"},{"floor":19,"key":"Swift Potion"},{"floor":23,"key":"DistilledChaos"},{"floor":30,"key":"LiquidBronze"},{"floor":31,"key":"SpeedPotion"},{"floor":35,"key":"SkillPotion"},{"floor":44,"key":"SneckoOil"},{"floor":46,"key":"EssenceOfSteel"}],"is_trial":false,"path_per_floor":["M","M","$","?","?","R","E","M","T","M","?","R","M","?","R","B",null,"M","M","?","?","M","E","R","E","T","?","$","E","M","M","R","B",null,"M","$","M","M","$","E","R","?","T","?","M","M","R","?","R","B"],"character_chosen":"IRONCLAD","items_purchased":["Inflame","Reckless Charge","Bottled Lightning","Infernal Blade","Centennial Puzzle"],"campfire_rested":3,"item_purchase_floors":[3,3,28,28,36],"current_hp_per_floor":[80,80,80,85,85,85,85,85,85,83,83,83,85,73,73,37,85,85,85,85,85,58,37,37,43,43,43,43,20,23,15,40,24,85,52,52,55,58,58,26,51,51,51,39,36,45,70,70,70,0,0],"gold":125,"neow_bonus":"THREE_ENEMY_KILL","is_daily":false,"chose_seed":false,"campfire_upgraded":5,"win_rate":0.0,"timestamp":1610153831,"path_taken":["M","M","$","?","?","R","E","M","T","?","?","R","M","?","R","BOSS","M","M","?","?","M","E","R","E","T","?","?","E","M","?","R","BOSS","M","?","?","M","$","E","R","?","T","?","M","?","R","?","R","BOSS"],"items_purchased_type":["Card","Card","Relic","Card","Relic"],"build_version":"2020-12-22","purchased_purges":1,"victory":false,"max_hp_per_floor":[80,80,80,85,85,85,85,85,85,85,85,85,85,85,85,85,85,85,85,85,85,85,85,85,85,85,85,85,85,85,85,85,85,85,85,85,85,85,85,85,85,85,85,85,85,85,85,85,85,85,85],"card_choices":[{"not_picked":["Anger","Shrug It Off"],"picked":"Pommel Strike","floor":1},{"not_picked":["Havoc","Perfected Strike"],"picked":"Sword Boomerang","floor":2},{"not_picked":["Uppercut","Blood for Blood"],"picked":"Offering","floor":7},{"not_picked":["Thunderclap","Reckless Charge"],"picked":"Twin Strike","floor":8},{"not_picked":["Uppercut","Wild Strike"],"picked":"Twin Strike","floor":10},{"not_picked":["Thunderclap","Disarm"],"picked":"Flex","floor":13},{"not_picked":["Flame Barrier","Metallicize+1"],"picked":"Flex","floor":18},{"not_picked":["Body Slam","Warcry"],"picked":"Flex","floor":19},{"not_picked":["Pommel Strike","Dark Embrace"],"picked":"Flex+1","floor":22},{"not_picked":["Rampage","Armaments"],"picked":"Spot Weakness","floor":23},{"not_picked":["Carnage","Perfected Strike+1","Warcry"],"picked":"SKIP","floor":25},{"not_picked":["Sword Boomerang","Perfected Strike","Armaments"],"picked":"Double Tap","floor":29},{"not_picked":["Iron Wave+1","Warcry","Hemokinesis"],"picked":"Inflame+1","floor":30},{"not_picked":["Clash","Shockwave+1","Thunderclap"],"picked":"Sword Boomerang","floor":31},{"not_picked":["Impervious","Juggernaut","Barricade"],"picked":"Offering","floor":33},{"not_picked":["Searing Blow","Cleave","Second Wind+1","Iron Wave+1"],"picked":"SKIP","floor":35},{"not_picked":["Sentinel","Uppercut+1","Power Through","Clothesline+1"],"picked":"SKIP","floor":37},{"not_picked":["Bloodletting+1","Anger","Shrug It Off","Armaments+1"],"picked":"SKIP","floor":38},{"not_picked":["Metallicize","Corruption","Ghostly Armor","Iron Wave"],"picked":"SKIP","floor":40},{"not_picked":["Perfected Strike+1","Anger+1","Clothesline"],"picked":"Inflame","floor":45},{"not_picked":["Clothesline","Headbutt+1","Blood for Blood","Iron Wave"],"picked":"SKIP","floor":46}],"player_experience":201417,"relics_obtained":[{"floor":7,"key":"Happy Flower"},{"floor":9,"key":"Orichalcum"},{"floor":23,"key":"Mummified Hand"},{"floor":25,"key":"Question Card"},{"floor":26,"key":"Bottled Flame"},{"floor":29,"key":"The Courier"},{"floor":40,"key":"Pocketwatch"},{"floor":43,"key":"Ancient Tea Set"},{"floor":44,"key":"Ice Cream"}],"event_choices":[{"damage_healed":0,"gold_gain":0,"player_choice":"Donut","damage_taken":0,"max_hp_gain":5,"max_hp_loss":0,"event_name":"Big Fish","floor":4,"gold_loss":0},{"damage_healed":0,"gold_gain":0,"player_choice":"Ignored","damage_taken":0,"max_hp_gain":0,"max_hp_loss":0,"event_name":"Golden Wing","floor":5,"gold_loss":0},{"damage_healed":0,"gold_gain":0,"player_choice":"Grow","damage_taken":0,"max_hp_gain":0,"max_hp_loss":0,"event_name":"Living Wall","floor":11,"gold_loss":0,"cards_upgraded":["Sword Boomerang"]},{"damage_healed":0,"gold_gain":0,"player_choice":"Success","damage_taken":12,"relics_obtained":["Paper Frog"],"max_hp_gain":0,"max_hp_loss":0,"event_name":"Scrap Ooze","floor":14,"gold_loss":0},{"cards_removed":["Defend_R"],"damage_healed":0,"gold_gain":0,"player_choice":"Gave Gold","damage_taken":0,"max_hp_gain":0,"max_hp_loss":0,"event_name":"Beggar","floor":20,"gold_loss":75},{"damage_healed":0,"gold_gain":0,"player_choice":"Opened","damage_taken":0,"relics_obtained":["Art of War"],"max_hp_gain":0,"max_hp_loss":0,"event_name":"The Mausoleum","floor":21,"gold_loss":0},{"damage_healed":0,"gold_gain":0,"player_choice":"Obtain J.A.X.","damage_taken":0,"max_hp_gain":0,"max_hp_loss":0,"event_name":"Drug Dealer","floor":27,"gold_loss":0,"cards_obtained":["J.A.X."]},{"damage_healed":0,"gold_gain":0,"player_choice":"Ignored","damage_taken":0,"max_hp_gain":0,"max_hp_loss":0,"event_name":"Mysterious Sphere","floor":42,"gold_loss":0},{"damage_healed":0,"gold_gain":0,"player_choice":"Fight","damage_taken":0,"max_hp_gain":0,"max_hp_loss":0,"event_name":"MindBloom","floor":44,"gold_loss":0},{"damage_healed":0,"gold_gain":0,"player_choice":"Memory 1","damage_taken":0,"max_hp_gain":0,"max_hp_loss":0,"event_name":"SensoryStone","floor":48,"gold_loss":0}],"is_beta":false,"boss_relics":[{"not_picked":["Pandora\u0027s Box","Runic Pyramid"],"picked":"Black Blood"},{"not_picked":["SlaversCollar","Sozu"],"picked":"Mark of Pain"}],"items_purged_floors":[36],"is_endless":false,"potions_floor_spawned":[2,8,10,19,23,30,31,35,44,46],"killed_by":"Awakened One","ascension_level":2}}