{"host":"fauqrvll5t0ss0vm","time":1610200359,"event":{"mods":["2.2 Compatiblity","Act Like it!","Aspiration","Bard","BaseMod","Beaked The Cultist","Better Altar","Better Match","Better Note","Better Sensory Stone","Better Skull","Better Third Choice","Better Vampires","Card Filter","Clockwork Mod","Colored Map","Conspire","Displayed Cursed Tome","Downfall","Emptier Cage","Energized Spire","Friendly Minions","GifTheSpireLib","Glutton Mod","Gremlin Mod","Gremlin Skip","Halation","Hermit","Highlight Path","Hubris","Jorbs\u0027s Wanderer Trilogy","Mad Scientist","Marked Mod","Minty Spire (QoL Compilation)","Permanent Neow","Random Character Button","Relic Filter","Reorder Act Four","Replay The Spire","Shop Mod","Somnambulant","Spikes Relics","StSLib","Stuff the Spire","SuperFastMode","The Construct","The Cursed","The Disciple","The Elementalist","The Judge","The Juggle","The Mystic","The Runesmith","The Sage","The Servant 0.9.4","The Valiant","Trackpad","Uncapped"],"gold_per_floor":[109,126,139,139,155,155,185,185,185,28,28,48,68,88,88,189,189,203,203,220,220,28,28,63,63,63,63,74,99,119,119,119,222,222,237,250,250,250,292,292,62,62,86,86,116,116,142,156,156,156],"floor_reached":51,"playtime":26691,"items_purged":["Runesmith:CraftFirestone"],"score":977,"play_id":"fd914f33-bf25-44fc-930a-530f9723a353","local_time":"20210109145239","is_ascension_mode":true,"campfire_choices":[{"data":"Runesmith:GrandSlam","floor":6.0,"key":"SMITH"},{"data":"Runesmith:Firestorm","floor":8.0,"key":"SMITH"},{"data":"Runesmith:EarthShield","floor":11.0,"key":"SMITH"},{"data":"Runesmith:Strike_RS","floor":15.0,"key":"PURGE"},{"data":"Runesmith:ChargedHammer","floor":23.0,"key":"SMITH"},{"data":"Runesmith:Malloc","floor":25.0,"key":"SMITH"},{"data":"Runesmith:Empowerment","floor":27.0,"key":"SMITH"},{"floor":32.0,"key":"DIG"},{"data":"Runesmith:CreatorForm","floor":40,"key":"SMITH"},{"data":"Trip","floor":42,"key":"SMITH"},{"floor":44,"key":"REST"},{"floor":46,"key":"REST"},{"floor":49,"key":"REST"}],"circlet_count":0,"master_deck":["Runesmith:Fortify","Runesmith:GrandSlam+1","Runesmith:UnstableHammer","Runesmith:Firestorm+1","Runesmith:Firewall","Runesmith:Malloc+1","Runesmith:EarthShield+1","Runesmith:ChargedHammer+1","Runesmith:PerfectChisel","Runesmith:CreatorForm+1","Runesmith:Firewall+1","Runesmith:ChiselStab+1","Runesmith:ChaoticBlast+1","Runesmith:StaticCage","BiteCommand+1","Runesmith:Augment+1","Runesmith:HeatedChisel+1","Runesmith:Empowerment+1","Runesmith:CreatorForm+1","Runesmith:Repurpose+1","Runesmith:FissionHammer","Runesmith:EarthShield+1","Madness+1","Trip+1","Runesmith:StaticCage+1"],"relics":["Runesmith:BrokenRuby","StuffTheSpire:Rhapsscallions","Runesmith:MiniCore","Pandora\u0027s Box","Replay:Baseball","Orichalcum","Chameleon Ring","Vajra","Boot","Empty Cage","halation:Komachan","Gremlin Food","ReplayFunnel","halation:PrussianBluePaint"],"acts_visited":["Exordium","TheCity","TheBeyond"],"potions_floor_usage":[41,45,48,50,50,50],"damage_taken":[{"damage":0.0,"enemies":"Cultist","floor":1.0,"turns":4.0},{"damage":5.0,"enemies":"Jaw Worm","floor":2.0,"turns":3.0},{"damage":2.0,"enemies":"Small Slimes","floor":3.0,"turns":3.0},{"damage":9.0,"enemies":"Exordium Wildlife","floor":5.0,"turns":5.0},{"damage":9.0,"enemies":"3 Sentries","floor":7.0,"turns":5.0},{"damage":0.0,"enemies":"Red Slaver","floor":12.0,"turns":4.0},{"damage":10.0,"enemies":"Lots of Slimes","floor":13.0,"turns":4.0},{"damage":0.0,"enemies":"2 Fungi Beasts","floor":14.0,"turns":3.0},{"damage":8.0,"enemies":"Hexaghost","floor":16.0,"turns":11.0},{"damage":25.0,"enemies":"Shell Parasite","floor":18.0,"turns":4.0},{"damage":0.0,"enemies":"Spheric Guardian","floor":20.0,"turns":3.0},{"damage":6.0,"enemies":"conspire:SneckoGhost","floor":24.0,"turns":6.0},{"damage":17.0,"enemies":"Shelled Parasite and Fungi","floor":28.0,"turns":5.0},{"damage":0.0,"enemies":"Slavers","floor":29.0,"turns":4.0},{"damage":18.0,"enemies":"Snake Plant","floor":30.0,"turns":3.0},{"damage":1.0,"enemies":"Pondfish","floor":33.0,"turns":10.0},{"damage":6,"enemies":"3 Shapes","floor":35,"turns":4},{"damage":5,"enemies":"Orb Walker","floor":36,"turns":4},{"damage":25,"enemies":"beaked:SuperParasite","floor":45,"turns":10},{"damage":0,"enemies":"Maw","floor":48,"turns":7},{"damage":56,"enemies":"Time Eater","floor":50,"turns":10}],"seed_played":"-4351683766608135884","potions_obtained":[{"floor":1.0,"key":"ColorlessPotion"},{"floor":4.0,"key":"Weak Potion"},{"floor":4.0,"key":"Elixir"},{"floor":12.0,"key":"Fire Potion"},{"floor":16.0,"key":"EssenceOfSteel"},{"floor":24.0,"key":"SkillPotion"},{"floor":30.0,"key":"ColorlessPotion"},{"floor":39,"key":"sagemod:Wine"},{"floor":39,"key":"conspire:TimeTravelPotion"},{"floor":39,"key":"hexamod:EctoCoolerPotion"},{"floor":45,"key":"Venom Potion"},{"floor":48,"key":"Swift Potion"}],"is_trial":false,"path_per_floor":["M","M","M","?","M","R","E","R","T","$","R","M","M","M","R_BF","B",null,"M","?","M","?","$","R","E","R","T","R","M","E","M","?","R_BF","B",null,"M","M","?","?","?","R","$","R","T","R","E","R","T","M","R","B",null],"character_chosen":"RUNESMITH_CLASS","items_purchased":["Runesmith:MiniCore","Replay:Baseball","Runesmith:HeatedChisel+1","Dexterity Potion","halation:Komachan","Trip"],"campfire_rested":3,"item_purchase_floors":[10,22,22,41,41,41],"current_hp_per_floor":[70,65,63,63,54,54,49,49,49,49,49,49,39,39,39,31,74,49,49,49,49,49,49,43,43,43,43,26,26,8,8,8,7,74,68,63,63,49,31,31,31,31,31,53,40,62,62,62,74,18],"gold":156,"neow_bonus":"ONE_RANDOM_RARE_CARD","is_daily":false,"chose_seed":false,"campfire_upgraded":8,"win_rate":0.0,"timestamp":1610200359,"path_taken":["M","M","?","?","M","R","E","R","T","?","R","M","M","M","R_BF","BOSS","M","?","?","?","?","R","E","R","T","R","M","E","M","?","R_BF","BOSS","M","M","?","?","?","R","$","R","T","R","E","R","?","M","R","BOSS"],"items_purchased_type":["Relic","Relic","Card","Potion","Relic","Card"],"build_version":"2020-12-22","purchased_purges":1,"victory":true,"max_hp_per_floor":[70,70,70,70,70,70,74,74,74,74,74,74,74,74,74,74,74,74,74,74,74,74,74,74,74,74,74,74,74,74,74,74,74,74,74,74,74,74,74,74,74,74,74,74,74,74,74,74,74,74],"card_choices":[{"not_picked":["Runesmith:Repurpose","Runesmith:Terraform"],"picked":"Runesmith:UnstableHammer","floor":1.0},{"not_picked":["Runesmith:EnergizedChisel","Runesmith:HeatedChisel"],"picked":"Runesmith:Firestorm","floor":2.0},{"not_picked":["Runesmith:CraftSpiculum","Runesmith:OneForEveryone"],"picked":"Runesmith:Firewall","floor":3.0},{"not_picked":["Runesmith:CraftMagma","Runesmith:ChiselStab"],"picked":"Runesmith:Malloc","floor":5.0},{"not_picked":["Runesmith:CraftProtectio","Runesmith:ShiftingStrike"],"picked":"Runesmith:EarthShield","floor":7.0},{"not_picked":["Runesmith:EarthShield","Runesmith:RuneHurl"],"picked":"Runesmith:ChargedHammer","floor":12.0},{"not_picked":["Runesmith:Malloc","Runesmith:CraftVitae","Runesmith:ElementalConversion"],"picked":"SKIP","floor":13.0},{"not_picked":["Runesmith:ReplicatingBarrier","Runesmith:HammerAndChisel"],"picked":"Runesmith:PerfectChisel","floor":14.0},{"not_picked":["Runesmith:GrandSlam","Runesmith:CraftPrismatica"],"picked":"Runesmith:CreatorForm","floor":16.0},{"not_picked":["Runesmith:Electrocute","Runesmith:HeatedChisel+1"],"picked":"Runesmith:StaticCage","floor":18.0},{"not_picked":["Runesmith:OneForEveryone","Runesmith:HeatedChisel"],"picked":"Runesmith:Augment+1","floor":20.0},{"not_picked":["Runesmith:MakeshiftArmor","Runesmith:ArcReactor"],"picked":"Runesmith:Empowerment","floor":24.0},{"not_picked":["Runesmith:Overpower","Runesmith:BackupBattery","Runesmith:StaticCage"],"picked":"SKIP","floor":28.0},{"not_picked":["Runesmith:Attraction","Runesmith:HeatExchange"],"picked":"Runesmith:CreatorForm","floor":29.0},{"not_picked":["Runesmith:BackupBattery+1","Runesmith:PoweredAnvil"],"picked":"Runesmith:Repurpose+1","floor":30.0},{"not_picked":["Runesmith:Duplicate","Runesmith:ArcReactor"],"picked":"Runesmith:FissionHammer","floor":33.0},{"not_picked":["Runesmith:CraftObretio","Runesmith:HeatExchange+1","Runesmith:CraftSpiculum"],"picked":"SKIP","floor":35},{"not_picked":["Runesmith:Grindstone+1","Runesmith:CraftProtectio+1"],"picked":"Runesmith:EarthShield+1","floor":36},{"not_picked":["Runesmith:CraftIncendium+1","Runesmith:MakeshiftArmor+1","Runesmith:FissionHammer"],"picked":"SKIP","floor":45},{"not_picked":["Runesmith:CraftProtectio","Runesmith:Repurpose"],"picked":"Runesmith:StaticCage+1","floor":48}],"player_experience":7329337,"relics_obtained":[{"floor":7.0,"key":"StuffTheSpire:Rhapsscallions"},{"floor":24.0,"key":"Orichalcum"},{"floor":26.0,"key":"Chameleon Ring"},{"floor":29.0,"key":"Vajra"},{"floor":32.0,"key":"Boot"},{"floor":43,"key":"Gremlin Food"},{"floor":45,"key":"ReplayFunnel"},{"floor":47,"key":"halation:PrussianBluePaint"}],"event_choices":[{"damage_healed":0.0,"max_hp_gain":0.0,"max_hp_loss":0.0,"gold_gain":0.0,"event_name":"Lab","player_choice":"Got Potions","floor":4.0,"gold_loss":0.0,"damage_taken":0.0},{"cards_removed":["Runesmith:GrandSlam"],"damage_healed":0.0,"max_hp_gain":0.0,"max_hp_loss":0.0,"gold_gain":0.0,"event_name":"betterNote:BetterNote","player_choice":"Take \u0026 Give","floor":19.0,"gold_loss":0.0,"damage_taken":0.0,"cards_obtained":["BiteCommand"]},{"damage_healed":0,"gold_gain":0,"player_choice":"Leave","damage_taken":0,"max_hp_gain":0,"max_hp_loss":0,"event_name":"conspire:Investor","floor":37,"gold_loss":0},{"damage_healed":0,"gold_gain":3,"player_choice":"2","damage_taken":0,"max_hp_gain":0,"max_hp_loss":14,"event_name":"betterStone:BetterStone","floor":38,"gold_loss":0}],"is_beta":false,"boss_relics":[{"not_picked":["Runesmith:PocketReactor","aspiration:PoetsPen"],"picked":"Pandora\u0027s Box"},{"not_picked":["beaked:SacredDeck","aspiration:DefectSkillbook"],"picked":"Empty Cage"}],"items_purged_floors":[41],"is_endless":false,"potions_floor_spawned":[1,5,12,16,24,28,30,45,48],"ascension_level":2}}