{"host":"Timothy","time":1610155639,"event":{"mods":["AchievementEnabler","BaseMod","Bestiary","Highlight Path","Minty Spire (QoL Compilation)","Quick Restart","Slay-I"],"gold_per_floor":[119,119,119,269,284,284,39,39,39,57,72,102,121,37,37,109,109,128,128,128,145,70,70,70,70,70,80,99,109,122,142,142,218,218,232,257,257,270,270,270,283,299,299,299,316,177,177,88,88,88],"floor_reached":51,"playtime":3154,"items_purged":["Doubt","Writhe"],"score":1218,"play_id":"9aae2db5-7082-45bc-9c2b-9278ade146a4","local_time":"20210108172719","is_ascension_mode":true,"campfire_choices":[{"data":"Neutralize","floor":6.0,"key":"SMITH"},{"data":"Accuracy","floor":8.0,"key":"SMITH"},{"floor":15.0,"key":"REST"},{"floor":23.0,"key":"REST"},{"floor":25.0,"key":"REST"},{"floor":32.0,"key":"REST"},{"floor":40.0,"key":"REST"},{"floor":44.0,"key":"REST"},{"floor":47.0,"key":"REST"},{"floor":49.0,"key":"REST"}],"circlet_count":0,"master_deck":["AscendersBane","Strike_G+1","Strike_G+1","Defend_G+1","Defend_G+1","Defend_G+1","Defend_G+1","Defend_G+1","Survivor","Neutralize+1","Blade Dance","Accuracy+1","Backstab","Bouncing Flask","Burst","Caltrops","Infinite Blades","Acrobatics+1","Blur","Blade Dance","Calculated Gamble","Cloak And Dagger","Adrenaline","Storm of Steel","Corpse Explosion+1","Phantasmal Killer+1","Choke+1","Blur","Madness","Madness","Deadly Poison+1","Dark Shackles","Deadly Poison+1","Infinite Blades","Footwork","Escape Plan"],"relics":["Cursed Key","Snake Skull","Bronze Scales","Paper Crane","Runic Pyramid","Letter Opener","Astrolabe","Ginger"],"acts_visited":["Exordium","TheCity","TheBeyond"],"potions_floor_usage":[50],"damage_taken":[{"damage":1.0,"enemies":"Jaw Worm","floor":1.0,"turns":4.0},{"damage":0.0,"enemies":"2 Louse","floor":5.0,"turns":3.0},{"damage":0.0,"enemies":"Small Slimes","floor":10.0,"turns":2.0},{"damage":4.0,"enemies":"2 Fungi Beasts","floor":11.0,"turns":4.0},{"damage":17.0,"enemies":"Lagavulin","floor":12.0,"turns":5.0},{"damage":3.0,"enemies":"Blue Slaver","floor":13.0,"turns":3.0},{"damage":5.0,"enemies":"Slime Boss","floor":16.0,"turns":7.0},{"damage":28.0,"enemies":"2 Thieves","floor":18.0,"turns":4.0},{"damage":11.0,"enemies":"Spheric Guardian","floor":21.0,"turns":5.0},{"damage":2.0,"enemies":"Snecko","floor":27.0,"turns":5.0},{"damage":0.0,"enemies":"Centurion and Healer","floor":28.0,"turns":5.0},{"damage":0.0,"enemies":"Chosen and Byrds","floor":29.0,"turns":5.0},{"damage":17.0,"enemies":"3 Cultists","floor":30.0,"turns":4.0},{"damage":0.0,"enemies":"Cultist and Chosen","floor":31.0,"turns":5.0},{"damage":20.0,"enemies":"Champ","floor":33.0,"turns":10.0},{"damage":9.0,"enemies":"Orb Walker","floor":35.0,"turns":4.0},{"damage":0.0,"enemies":"Mind Bloom Boss Battle","floor":36.0,"turns":5.0},{"damage":0.0,"enemies":"3 Shapes","floor":38.0,"turns":4.0},{"damage":17.0,"enemies":"Spire Growth","floor":41.0,"turns":4.0},{"damage":18.0,"enemies":"Transient","floor":42.0,"turns":6.0},{"damage":38.0,"enemies":"Writhing Mass","floor":45.0,"turns":8.0},{"damage":40,"enemies":"Awakened One","floor":50,"turns":15}],"seed_played":"4705199177105101890","potions_obtained":[{"floor":11.0,"key":"SpeedPotion"},{"floor":13.0,"key":"PowerPotion"},{"floor":18.0,"key":"Explosive Potion"},{"floor":21.0,"key":"DuplicationPotion"},{"floor":28.0,"key":"PowerPotion"},{"floor":33.0,"key":"Strength Potion"},{"floor":41.0,"key":"DistilledChaos"},{"floor":45.0,"key":"FairyPotion"}],"is_trial":false,"path_per_floor":["M","?","?","?","M","R","$","R","T","M","M","E","M","$","R","B",null,"M","?","?","M","$","R","?","R","T","M","M","M","M","M","R","B",null,"M","?","?","M","?","R","M","M","T","R","M","$","R","$","R","B",null],"character_chosen":"THE_SILENT","items_purchased":["Accuracy","Bronze Scales","Infinite Blades","Footwork","Escape Plan"],"campfire_rested":8,"item_purchase_floors":[7,7,14,46,48],"current_hp_per_floor":[58,58,51,51,51,51,51,51,51,51,47,30,27,27,46,41,60,32,14,14,3,3,24,24,45,45,43,43,43,26,26,47,27,60,51,51,38,38,38,59,42,24,24,45,7,7,28,28,49,9],"gold":88,"neow_bonus":"BOSS_RELIC","is_daily":false,"chose_seed":false,"campfire_upgraded":2,"win_rate":0.0,"timestamp":1610155639,"path_taken":["M","?","?","?","M","R","?","R","T","M","?","E","M","$","R","BOSS","M","?","?","M","$","R","?","R","T","M","M","M","M","M","R","BOSS","M","?","?","M","?","R","M","M","T","R","M","$","R","?","R","BOSS"],"items_purchased_type":["Card","Relic","Card","Card","Card"],"build_version":"2020-12-18","purchased_purges":2,"victory":true,"max_hp_per_floor":[66,66,66,66,66,66,66,66,66,66,66,66,66,66,66,66,66,66,71,71,71,71,71,71,71,71,71,71,71,71,71,71,71,71,71,71,71,71,71,71,71,71,71,71,71,71,71,71,71,71],"card_choices":[{"not_picked":["Backflip","Terror"],"picked":"Blade Dance","floor":1.0},{"not_picked":["Slice","Skewer","Flying Knee"],"picked":"SKIP","floor":5.0},{"not_picked":["Slice","Reflex"],"picked":"Backstab","floor":10.0},{"not_picked":["Flying Knee","Tactician"],"picked":"Bouncing Flask","floor":11.0},{"not_picked":["Dagger Spray","Eviscerate"],"picked":"Burst","floor":12.0},{"not_picked":["Masterful Stab","Prepared"],"picked":"Caltrops","floor":13.0},{"not_picked":["Dodge and Roll","Slice"],"picked":"Acrobatics+1","floor":18.0},{"not_picked":["Slice","Cloak And Dagger"],"picked":"Blur","floor":21.0},{"not_picked":["Eviscerate+1","Sucker Punch"],"picked":"Blade Dance","floor":27.0},{"not_picked":["Slice","Reflex"],"picked":"Calculated Gamble","floor":28.0},{"not_picked":["Underhanded Strike+1","PiercingWail","Masterful Stab+1"],"picked":"SKIP","floor":29.0},{"not_picked":["Caltrops","Sucker Punch"],"picked":"Cloak And Dagger","floor":30.0},{"not_picked":["Deadly Poison","Flechettes+1"],"picked":"Adrenaline","floor":31.0},{"not_picked":["Venomology","Doppelganger"],"picked":"Storm of Steel","floor":33.0},{"not_picked":["Quick Slash+1","Sucker Punch+1","Finisher"],"picked":"SKIP","floor":35.0},{"not_picked":["Sucker Punch","Riddle With Holes"],"picked":"Blur","floor":36.0},{"not_picked":["Underhanded Strike","Slice"],"picked":"Deadly Poison+1","floor":38.0},{"not_picked":["Transmutation","Blind"],"picked":"Dark Shackles","floor":39.0},{"not_picked":["Bane","Finisher","Reflex"],"picked":"SKIP","floor":41.0},{"not_picked":["Dagger Throw","Outmaneuver"],"picked":"Deadly Poison+1","floor":42.0},{"not_picked":["Underhanded Strike","Calculated Gamble"],"picked":"Infinite Blades","floor":45.0}],"player_experience":780670,"relics_obtained":[{"floor":12.0,"key":"Paper Crane"},{"floor":36.0,"key":"Ginger"}],"event_choices":[{"damage_healed":0.0,"max_hp_gain":0.0,"max_hp_loss":0.0,"gold_gain":0.0,"event_name":"Big Fish","player_choice":"Box","floor":2.0,"gold_loss":0.0,"damage_taken":0.0,"relics_obtained":["Snake Skull"],"cards_obtained":["Regret"]},{"cards_removed":["Regret"],"damage_healed":0.0,"max_hp_gain":0.0,"max_hp_loss":0.0,"gold_gain":0.0,"event_name":"Golden Wing","player_choice":"Card Removal","floor":3.0,"gold_loss":0.0,"damage_taken":7.0},{"damage_healed":0.0,"max_hp_gain":0.0,"max_hp_loss":0.0,"gold_gain":150.0,"event_name":"Liars Game","player_choice":"AGREE","floor":4.0,"gold_loss":0.0,"damage_taken":0.0,"cards_obtained":["Doubt"]},{"damage_healed":0.0,"max_hp_gain":5.0,"max_hp_loss":0.0,"gold_gain":0.0,"event_name":"Forgotten Altar","player_choice":"Shed Blood","floor":19.0,"gold_loss":0.0,"damage_taken":23.0},{"damage_healed":0.0,"max_hp_gain":0.0,"max_hp_loss":0.0,"gold_gain":0.0,"event_name":"The Mausoleum","player_choice":"Opened","floor":20.0,"gold_loss":0.0,"damage_taken":0.0,"relics_obtained":["Letter Opener"],"cards_obtained":["Writhe"]},{"damage_healed":0.0,"max_hp_gain":0.0,"max_hp_loss":0.0,"gold_gain":0.0,"event_name":"Back to Basics","player_choice":"Simplicity","floor":24.0,"gold_loss":0.0,"damage_taken":0.0,"cards_upgraded":["Strike_G","Strike_G","Strike_G","Strike_G","Strike_G","Defend_G","Defend_G","Defend_G","Defend_G","Defend_G"]},{"damage_healed":0.0,"max_hp_gain":0.0,"max_hp_loss":0.0,"gold_gain":0.0,"event_name":"MindBloom","player_choice":"Fight","floor":36.0,"gold_loss":0.0,"damage_taken":0.0},{"damage_healed":0.0,"max_hp_gain":0.0,"max_hp_loss":0.0,"gold_gain":0.0,"event_name":"Winding Halls","player_choice":"Embrace Madness","floor":37.0,"gold_loss":0.0,"damage_taken":13.0,"cards_obtained":["Madness","Madness"]},{"damage_healed":0.0,"max_hp_gain":0.0,"max_hp_loss":0.0,"gold_gain":0.0,"event_name":"SensoryStone","player_choice":"Memory 1","floor":39.0,"gold_loss":0.0,"damage_taken":0.0}],"is_beta":true,"boss_relics":[{"not_picked":["Calling Bell","HoveringKite"],"picked":"Runic Pyramid"},{"not_picked":["Empty Cage","SacredBark"],"picked":"Astrolabe"}],"items_purged_floors":[22,46],"is_endless":false,"potions_floor_spawned":[11,13,18,21,28,29,33,36,41,45],"ascension_level":19}}