{"host":"Qube","time":1610221301,"event":{"mods":["AchievementEnabler","BaseMod","Colored Map","Colored Powertips","Minty Spire (QoL Compilation)","Quick Restart","Random Character Button","StSLib"],"gold_per_floor":[117,137,137,154,168,168,193,205,251,269,269,284,284,301,301,378,378,388,406,406,52,69,69,103,103,129,163,163,213,39,78,78,78,78],"floor_reached":33,"playtime":1460,"items_purged":["Defend_R","Defend_R"],"score":727,"play_id":"b48a4697-b623-4ded-a918-a5db91d18945","local_time":"20210109114141","is_ascension_mode":true,"campfire_choices":[{"data":"Searing Blow","floor":6.0,"key":"SMITH"},{"data":"Searing Blow+1","floor":11.0,"key":"SMITH"},{"data":"Searing Blow+3","floor":15.0,"key":"SMITH"},{"data":"Searing Blow+4","floor":23.0,"key":"SMITH"},{"floor":25.0,"key":"REST"},{"data":"Searing Blow+5","floor":28.0,"key":"SMITH"},{"data":"Searing Blow+6","floor":32,"key":"SMITH"}],"circlet_count":0,"master_deck":["AscendersBane","Strike_R","Strike_R","Defend_R","Defend_R","Bash","Hemokinesis","Searing Blow+7","Flame Barrier","Armaments","Impervious","Headbutt","Shrug It Off","Double Tap","Reaper","Armaments","HandOfGreed","Dual Wield","Apotheosis"],"relics":["Runic Dome","Happy Flower","Oddly Smooth Stone","Empty Cage","Membership Card","Toy Ornithopter","Question Card"],"acts_visited":["Exordium","TheCity"],"potions_floor_usage":[],"damage_taken":[{"damage":4.0,"enemies":"Small Slimes","floor":1.0,"turns":3.0},{"damage":2.0,"enemies":"Cultist","floor":2.0,"turns":2.0},{"damage":0.0,"enemies":"2 Louse","floor":4.0,"turns":2.0},{"damage":2.0,"enemies":"Lots of Slimes","floor":5.0,"turns":5.0},{"damage":2.0,"enemies":"Gremlin Nob","floor":7.0,"turns":2.0},{"damage":25.0,"enemies":"Gremlin Gang","floor":8.0,"turns":5.0},{"damage":2.0,"enemies":"Red Slaver","floor":10.0,"turns":2.0},{"damage":1.0,"enemies":"Lots of Slimes","floor":12.0,"turns":5.0},{"damage":2.0,"enemies":"Exordium Thugs","floor":14.0,"turns":2.0},{"damage":2.0,"enemies":"Hexaghost","floor":16.0,"turns":6.0},{"damage":2.0,"enemies":"Spheric Guardian","floor":18.0,"turns":3.0},{"damage":17.0,"enemies":"Shell Parasite","floor":19.0,"turns":4.0},{"damage":8.0,"enemies":"Snake Plant","floor":22.0,"turns":3.0},{"damage":34.0,"enemies":"3 Cultists","floor":24.0,"turns":6.0},{"damage":2.0,"enemies":"Snecko","floor":27.0,"turns":4.0},{"damage":2.0,"enemies":"Gremlin Leader","floor":29.0,"turns":4.0},{"damage":21.0,"enemies":"Shelled Parasite and Fungi","floor":31.0,"turns":4.0},{"damage":102,"enemies":"Automaton","floor":33,"turns":8}],"seed_played":"-1916659074248453262","potions_obtained":[{"floor":4.0,"key":"FearPotion"},{"floor":5.0,"key":"GamblersBrew"},{"floor":10.0,"key":"ColorlessPotion"},{"floor":12.0,"key":"DuplicationPotion"},{"floor":19.0,"key":"SkillPotion"},{"floor":24.0,"key":"SkillPotion"},{"floor":27.0,"key":"Energy Potion"}],"is_trial":false,"path_per_floor":["M","M","?","M","M","R","E","M","T","M","R","M","?","M","R","B",null,"M","M","?","$","M","R","M","R","T","M","R","E","$","M","R","B"],"character_chosen":"IRONCLAD","items_purchased":["Membership Card","FairyPotion","HandOfGreed","Apotheosis","Swift Potion"],"campfire_rested":1,"item_purchase_floors":[21,21,21,30,30],"current_hp_per_floor":[64,62,67,67,65,65,63,38,38,36,36,35,35,33,33,31,68,66,49,49,49,44,44,25,49,49,47,47,50,50,34,34,0,0],"gold":78,"neow_bonus":"BOSS_RELIC","is_daily":false,"chose_seed":false,"campfire_upgraded":6,"win_rate":0.0,"timestamp":1610221301,"path_taken":["M","M","?","M","M","R","E","M","T","M","R","M","?","?","R","BOSS","M","?","?","$","M","R","?","R","T","M","R","E","$","M","R","BOSS"],"items_purchased_type":["Relic","Potion","Card","Card","Potion"],"build_version":"2020-12-18","purchased_purges":2,"victory":false,"max_hp_per_floor":[75,75,80,80,80,80,80,80,80,80,80,80,80,80,80,80,80,80,80,80,80,80,80,80,80,80,80,80,80,80,80,80,80,80],"card_choices":[{"not_picked":["Warcry","Anger"],"picked":"Hemokinesis","floor":1.0},{"not_picked":["Shockwave","Body Slam"],"picked":"Searing Blow","floor":2.0},{"not_picked":["Clash","True Grit"],"picked":"Flame Barrier","floor":4.0},{"not_picked":["Iron Wave","Sword Boomerang"],"picked":"Armaments","floor":5.0},{"not_picked":["True Grit","Pommel Strike"],"picked":"Impervious","floor":7.0},{"not_picked":["Shrug It Off","Whirlwind"],"picked":"Headbutt","floor":8.0},{"not_picked":["Bloodletting","Body Slam"],"picked":"Shrug It Off","floor":10.0},{"not_picked":["Rupture","Perfected Strike"],"picked":"Double Tap","floor":12.0},{"not_picked":["Clothesline","Heavy Blade","Clash"],"picked":"SKIP","floor":14.0},{"not_picked":["Exhume","Limit Break"],"picked":"Reaper","floor":16.0},{"not_picked":["Flex+1","Sword Boomerang","Iron Wave"],"picked":"SKIP","floor":18.0},{"not_picked":["Havoc","Anger"],"picked":"Armaments","floor":19.0},{"not_picked":["Limit Break","Havoc"],"picked":"Dual Wield","floor":22.0},{"not_picked":["Clothesline","Iron Wave","Sever Soul"],"picked":"SKIP","floor":24.0},{"not_picked":["Flame Barrier","Inflame","Intimidate"],"picked":"SKIP","floor":27.0},{"not_picked":["Seeing Red","Disarm","True Grit"],"picked":"SKIP","floor":29.0},{"not_picked":["True Grit","Clothesline","Hemokinesis","Reckless Charge"],"picked":"SKIP","floor":31.0}],"player_experience":861543,"relics_obtained":[{"floor":7.0,"key":"Happy Flower"},{"floor":9.0,"key":"Oddly Smooth Stone"},{"floor":26.0,"key":"Toy Ornithopter"},{"floor":29.0,"key":"Question Card"}],"event_choices":[{"damage_healed":0.0,"max_hp_gain":5.0,"max_hp_loss":0.0,"gold_gain":0.0,"event_name":"Big Fish","player_choice":"Donut","floor":3.0,"gold_loss":0.0,"damage_taken":0.0},{"damage_healed":0.0,"max_hp_gain":0.0,"max_hp_loss":0.0,"gold_gain":0.0,"event_name":"Accursed Blacksmith","player_choice":"Forge","floor":13.0,"gold_loss":0.0,"damage_taken":0.0,"cards_upgraded":["Searing Blow"]},{"cards_removed":["Strike_R"],"damage_healed":0.0,"max_hp_gain":0.0,"max_hp_loss":0.0,"gold_gain":0.0,"event_name":"Purifier","player_choice":"Purged","floor":20.0,"gold_loss":0.0,"damage_taken":0.0}],"is_beta":true,"boss_relics":[{"not_picked":["Calling Bell","Runic Cube"],"picked":"Empty Cage"}],"items_purged_floors":[21,30],"is_endless":false,"potions_floor_spawned":[4,5,10,12,19,22,24,27],"killed_by":"Automaton","ascension_level":19}}