{"host":"g01l53quoe6lrer0","time":1610204039,"event":{"mods":["2.2 Compatiblity","AchievementEnabler","BaseMod","Colored Map","Highlight Path","Keyboard Shortcuts","Minty Spire (QoL Compilation)","Permanent Neow","StSLib","SuperFastMode","everything is the same but u backflip on backflip"],"gold_per_floor":[109,259,11,11,28,57,57,69,150,182,200,200,232,157,157,157,157],"floor_reached":16,"playtime":294,"items_purged":["Doubt"],"score":272,"play_id":"c90ab855-c821-4483-ba59-4665f2f07fee","local_time":"20210109235359","is_ascension_mode":true,"campfire_choices":[{"data":"Flame Barrier","floor":7.0,"key":"SMITH"},{"data":"Armaments","floor":15.0,"key":"SMITH"}],"circlet_count":0,"master_deck":["AscendersBane","Strike_R","Strike_R","Strike_R","Strike_R","Defend_R","Defend_R","Defend_R","Defend_R","Flame Barrier+1","Twin Strike","Battle Trance","Exhume","Shockwave","Whirlwind+1","Armaments+1","Havoc"],"relics":["Burning Blood","NeowsBlessing","Bag of Marbles","Toy Ornithopter","Question Card","Pen Nib","Blue Candle"],"acts_visited":["Exordium"],"potions_floor_usage":[],"damage_taken":[{"damage":0.0,"enemies":"Small Slimes","floor":1.0,"turns":1.0},{"damage":0.0,"enemies":"Jaw Worm","floor":5.0,"turns":1.0},{"damage":0.0,"enemies":"Lagavulin","floor":6.0,"turns":1.0},{"damage":0.0,"enemies":"Cultist","floor":8.0,"turns":3.0},{"damage":54.0,"enemies":"Gremlin Nob","floor":10.0,"turns":6.0},{"damage":3.0,"enemies":"2 Fungi Beasts","floor":11.0,"turns":3.0},{"damage":12.0,"enemies":"3 Sentries","floor":13.0,"turns":8.0},{"damage":22,"enemies":"The Guardian","floor":16,"turns":6}],"seed_played":"-898047345487474073","potions_obtained":[{"floor":1.0,"key":"SneckoOil"},{"floor":5.0,"key":"SkillPotion"}],"is_trial":false,"path_per_floor":["M","?","$","?","M","E","R","M","T","E","M","?","E","?","R","B"],"character_chosen":"IRONCLAD","items_purchased":["Bag of Marbles"],"campfire_rested":0,"item_purchase_floors":[3],"current_hp_per_floor":[74,74,74,74,75,75,75,75,75,27,30,30,34,34,34,12,12],"gold":157,"neow_bonus":"THREE_ENEMY_KILL","is_daily":false,"chose_seed":false,"campfire_upgraded":2,"win_rate":0.0,"timestamp":1610204039,"path_taken":["M","?","$","?","M","E","R","?","T","E","M","?","E","?","R","BOSS"],"items_purchased_type":["Relic"],"build_version":"2020-12-22","purchased_purges":1,"victory":false,"max_hp_per_floor":[75,75,75,75,75,75,75,75,75,75,75,75,75,75,75,75,75],"card_choices":[{"not_picked":["Pommel Strike","True Grit"],"picked":"Flame Barrier","floor":1.0},{"not_picked":["Pommel Strike","Infernal Blade"],"picked":"Battle Trance","floor":5.0},{"not_picked":["Pommel Strike","Body Slam"],"picked":"Exhume","floor":6.0},{"not_picked":["Havoc","Combust"],"picked":"Shockwave","floor":8.0},{"not_picked":["Perfected Strike","Clash","Rage"],"picked":"Whirlwind","floor":10.0},{"not_picked":["Body Slam","Wild Strike","Anger"],"picked":"Armaments","floor":11.0},{"not_picked":["Pommel Strike","Flex","Body Slam"],"picked":"Havoc","floor":13.0}],"player_experience":107458,"relics_obtained":[{"floor":6.0,"key":"Toy Ornithopter"},{"floor":9.0,"key":"Question Card"},{"floor":10.0,"key":"Pen Nib"},{"floor":13.0,"key":"Blue Candle"}],"event_choices":[{"damage_healed":0.0,"max_hp_gain":0.0,"max_hp_loss":0.0,"gold_gain":150.0,"event_name":"Liars Game","player_choice":"AGREE","floor":2.0,"gold_loss":0.0,"damage_taken":0.0,"cards_obtained":["Doubt"]},{"damage_healed":0.0,"max_hp_gain":0.0,"max_hp_loss":0.0,"gold_gain":0.0,"cards_transformed":["Strike_R"],"event_name":"Transmorgrifier","player_choice":"Transformed","floor":4.0,"gold_loss":0.0,"damage_taken":0.0,"cards_obtained":["Twin Strike"]},{"damage_healed":0.0,"max_hp_gain":0.0,"max_hp_loss":0.0,"gold_gain":0.0,"event_name":"Living Wall","player_choice":"Grow","floor":12.0,"gold_loss":0.0,"damage_taken":0.0,"cards_upgraded":["Whirlwind"]},{"cards_removed":["Bash"],"damage_healed":0.0,"max_hp_gain":0.0,"max_hp_loss":0.0,"gold_gain":0.0,"event_name":"The Cleric","player_choice":"Card Removal","floor":14.0,"gold_loss":75.0,"damage_taken":0.0}],"is_beta":false,"boss_relics":[],"items_purged_floors":[3],"is_endless":false,"potions_floor_spawned":[1,5],"killed_by":"The Guardian","ascension_level":18}}