{"host":"xrbutm0tzv4qwo7u","time":1610222323,"event":{"mods":["AchievementEnabler","BaseMod","Colored Map","Colored Powertips","Dark Map","Hermit","Minty Spire (QoL Compilation)","Quick Restart","StSLib","The Cursed","The Marked"],"gold_per_floor":[111,111,83,93,17,51,70,70,140,170,185,185,204,214,214,312,312,328,328,338,355,355,355,388,59,129,146,146,0,0,12,12,112,112,130,130,149,149,164,164,177,177,177,204,204,236,7,7,7],"floor_reached":48,"playtime":1812,"items_purged":["Shame"],"score":591,"play_id":"e36268df-7d0f-4b4d-b1e8-b38b5d2b5d94","local_time":"20210109135843","is_ascension_mode":true,"campfire_choices":[{"data":"Eruption","floor":8,"key":"SMITH"},{"data":"Halt","floor":15,"key":"SMITH"},{"data":"MentalFortress","floor":23,"key":"SMITH"},{"floor":30,"key":"REST"},{"floor":32,"key":"REST"},{"floor":40,"key":"REST"},{"floor":42,"key":"REST"}],"circlet_count":0,"master_deck":["Strike_P","Strike_P+1","Strike_P","Strike_P","Defend_P","Defend_P+1","Defend_P","Defend_P","Eruption+1","Vigilance","FollowUp","Protect","FlurryOfBlows","EmptyFist","Judgement","Vengeance+1","ClearTheMind","Crescendo","Evaluate","Halt+1","DeusExMachina","FearNoEvil","CarveReality+1","MentalFortress+1","EmptyFist","EmptyMind","Study","FearNoEvil","TalkToTheHand+1","Alpha","CurseOfTheBell","Evaluate","FlurryOfBlows","Bandage Up","Dark Shackles","Bandage Up","SashWhip","FollowUp","Adaptation","MentalFortress"],"relics":["PureWater","NeowsBlessing","Strawberry","Darkstone Periapt","White Beast Statue","VioletLotus","Juzu Bracelet","Oddly Smooth Stone","Pen Nib","Pear","Centennial Puzzle","Calling Bell","Vajra","Shuriken","Gambling Chip","Ice Cream","Omamori","Bottled Flame"],"acts_visited":["Exordium","TheCity","TheBeyond"],"potions_floor_usage":[16,16,16,24,27,33,33,48,48],"damage_taken":[{"damage":0,"enemies":"2 Louse","floor":1,"turns":1},{"damage":0,"enemies":"Jaw Worm","floor":4,"turns":1},{"damage":0,"enemies":"Gremlin Nob","floor":6,"turns":1},{"damage":0,"enemies":"Cultist","floor":7,"turns":2},{"damage":10,"enemies":"3 Sentries","floor":10,"turns":6},{"damage":3,"enemies":"Exordium Thugs","floor":11,"turns":3},{"damage":0,"enemies":"2 Fungi Beasts","floor":13,"turns":2},{"damage":1,"enemies":"3 Louse","floor":14,"turns":3},{"damage":58,"enemies":"The Guardian","floor":16,"turns":10},{"damage":13,"enemies":"3 Byrds","floor":18,"turns":5},{"damage":16,"enemies":"Shell Parasite","floor":20,"turns":6},{"damage":0,"enemies":"Sentry and Sphere","floor":21,"turns":2},{"damage":21,"enemies":"Book of Stabbing","floor":24,"turns":6},{"damage":22,"enemies":"Snecko","floor":27,"turns":6},{"damage":11,"enemies":"Centurion and Healer","floor":31,"turns":5},{"damage":59,"enemies":"Champ","floor":33,"turns":11},{"damage":13,"enemies":"Orb Walker","floor":35,"turns":4},{"damage":31,"enemies":"3 Darklings","floor":37,"turns":4},{"damage":33,"enemies":"Transient","floor":39,"turns":5},{"damage":38,"enemies":"Sphere and 2 Shapes","floor":41,"turns":3},{"damage":55,"enemies":"Reptomancer","floor":46,"turns":5},{"damage":28,"enemies":"Spire Growth","floor":48,"turns":3}],"seed_played":"-538049238385973751","potions_obtained":[{"floor":10,"key":"BlessingOfTheForge"},{"floor":11,"key":"LiquidMemories"},{"floor":13,"key":"Regen Potion"},{"floor":16,"key":"Ambrosia"},{"floor":18,"key":"Strength Potion"},{"floor":19,"key":"FearPotion"},{"floor":21,"key":"Block Potion"},{"floor":24,"key":"SpeedPotion"},{"floor":27,"key":"Regen Potion"},{"floor":33,"key":"SpeedPotion"},{"floor":35,"key":"LiquidMemories"},{"floor":41,"key":"Regen Potion"}],"is_trial":false,"path_per_floor":["M","?","?","M","$","E","M","R","T","E","M","?","M","M","R","B",null,"M","?","M","M","T","R","E","$","T","M","?","?","R","M","R","B",null,"M","?","M","?","M","R","M","R","T","T","?","E","$","M"],"character_chosen":"WATCHER","items_purchased":["FlurryOfBlows","EmptyFist","Pen Nib","ClearTheMind","EmptyMind","Study","MentalFortress","EssenceOfSteel"],"campfire_rested":4,"item_purchase_floors":[5,5,25,25,25,25,47,47],"current_hp_per_floor":[72,58,58,58,58,65,65,65,65,55,52,52,52,51,51,2,79,66,66,50,50,50,50,29,29,39,17,23,23,51,40,68,24,101,88,88,57,47,22,52,14,44,44,44,69,18,18,0,0],"gold":7,"neow_bonus":"THREE_ENEMY_KILL","is_daily":false,"chose_seed":false,"campfire_upgraded":3,"win_rate":0.0,"timestamp":1610222323,"path_taken":["M","?","?","M","$","E","M","R","T","E","M","?","?","M","R","BOSS","M","?","?","M","?","R","E","$","T","M","?","?","R","M","R","BOSS","M","?","M","?","M","R","M","R","T","?","?","E","$","M"],"items_purchased_type":["Card","Card","Relic","Card","Card","Card","Card","Potion"],"build_version":"2020-12-22","purchased_purges":1,"victory":false,"max_hp_per_floor":[72,72,72,72,72,79,79,79,79,79,79,79,79,79,79,79,79,79,79,79,79,79,79,79,79,89,89,95,95,95,95,95,95,101,101,101,101,101,101,101,101,101,101,101,101,101,101,101,101],"card_choices":[{"not_picked":["ThirdEye","BowlingBash"],"picked":"FollowUp","floor":1},{"not_picked":["CutThroughFate","SandsOfTime"],"picked":"Protect","floor":4},{"not_picked":["Indignation","Crescendo"],"picked":"Judgement","floor":6},{"not_picked":["SashWhip","Indignation"],"picked":"Vengeance","floor":7},{"not_picked":["Sanctity","Protect"],"picked":"ClearTheMind","floor":10},{"not_picked":["Consecrate","Halt"],"picked":"Crescendo","floor":11},{"not_picked":["CrushJoints","BowlingBash"],"picked":"Evaluate","floor":13},{"not_picked":["PathToVictory","BowlingBash"],"picked":"Halt","floor":14},{"not_picked":["Establishment","Vault"],"picked":"DeusExMachina","floor":16},{"not_picked":["Protect","Prostrate"],"picked":"FearNoEvil","floor":18},{"not_picked":["EmptyBody+1","Crescendo"],"picked":"CarveReality+1","floor":20},{"not_picked":["SashWhip+1","PathToVictory"],"picked":"MentalFortress","floor":21},{"not_picked":["InnerPeace+1","SandsOfTime+1"],"picked":"EmptyFist","floor":24},{"not_picked":["Crescendo","WheelKick"],"picked":"FearNoEvil","floor":27},{"not_picked":["Consecrate","Scrawl"],"picked":"TalkToTheHand+1","floor":31},{"not_picked":["ConjureBlade","MasterReality"],"picked":"Alpha","floor":33},{"not_picked":["BowlingBash+1","Indignation"],"picked":"Evaluate","floor":35},{"not_picked":["EmptyBody","FlyingSleeves"],"picked":"FlurryOfBlows","floor":37},{"not_picked":["The Bomb","Master of Strategy"],"picked":"Bandage Up","floor":38},{"not_picked":["Bandage Up","Impatience"],"picked":"Dark Shackles","floor":38},{"not_picked":["Thinking Ahead","Madness"],"picked":"Bandage Up","floor":38},{"not_picked":["CrushJoints","JustLucky"],"picked":"SashWhip","floor":39},{"not_picked":["Consecrate","FlyingSleeves+1"],"picked":"FollowUp","floor":41},{"not_picked":["CutThroughFate+1","Collect"],"picked":"Adaptation","floor":46}],"player_experience":37013,"relics_obtained":[{"floor":6,"key":"Strawberry"},{"floor":9,"key":"Darkstone Periapt"},{"floor":10,"key":"White Beast Statue"},{"floor":22,"key":"Juzu Bracelet"},{"floor":24,"key":"Oddly Smooth Stone"},{"floor":26,"key":"Pear"},{"floor":34,"key":"Vajra"},{"floor":34,"key":"Shuriken"},{"floor":34,"key":"Gambling Chip"},{"floor":43,"key":"Ice Cream"},{"floor":44,"key":"Omamori"},{"floor":46,"key":"Bottled Flame"}],"event_choices":[{"damage_healed":0,"gold_gain":0,"player_choice":"Entered Light","damage_taken":14,"max_hp_gain":0,"max_hp_loss":0,"event_name":"Shining Light","floor":2,"gold_loss":0,"cards_upgraded":["Strike_P","Defend_P"]},{"damage_healed":0,"gold_gain":0,"player_choice":"Left Gold","damage_taken":0,"max_hp_gain":0,"max_hp_loss":0,"event_name":"World of Goop","floor":3,"gold_loss":28},{"damage_healed":0,"gold_gain":0,"player_choice":"Grow","damage_taken":0,"max_hp_gain":0,"max_hp_loss":0,"event_name":"Living Wall","floor":12,"gold_loss":0,"cards_upgraded":["Vengeance"]},{"damage_healed":0,"gold_gain":0,"player_choice":"Got Potions","damage_taken":0,"max_hp_gain":0,"max_hp_loss":0,"event_name":"Lab","floor":19,"gold_loss":0},{"damage_healed":0,"gold_gain":0,"player_choice":"Stole Relic","damage_taken":0,"relics_obtained":["Centennial Puzzle"],"max_hp_gain":0,"max_hp_loss":0,"event_name":"Addict","floor":28,"gold_loss":0,"cards_obtained":["Shame"]},{"damage_healed":0,"gold_gain":0,"player_choice":"Paid Fearfully","damage_taken":0,"max_hp_gain":0,"max_hp_loss":0,"event_name":"Masked Bandits","floor":29,"gold_loss":146},{"cards_removed":["ClearTheMind"],"damage_healed":0,"gold_gain":0,"player_choice":"Removed Skill","damage_taken":0,"max_hp_gain":0,"max_hp_loss":0,"event_name":"Falling","floor":36,"gold_loss":0},{"damage_healed":0,"gold_gain":0,"player_choice":"Memory 3","damage_taken":10,"max_hp_gain":0,"max_hp_loss":0,"event_name":"SensoryStone","floor":38,"gold_loss":0},{"damage_healed":25,"gold_gain":0,"player_choice":"Writhe","damage_taken":0,"max_hp_gain":0,"max_hp_loss":0,"event_name":"Winding Halls","floor":45,"gold_loss":0,"cards_obtained":["Writhe"]}],"is_beta":false,"boss_relics":[{"not_picked":["Snecko Eye","Runic Dome"],"picked":"VioletLotus"},{"not_picked":["Fusion Hammer","Runic Pyramid"],"picked":"Calling Bell"}],"items_purged_floors":[47],"is_endless":false,"potions_floor_spawned":[10,11,13,14,16,18,20,21,24,27,31,33,35,37,39,41,46],"killed_by":"Spire Growth","ascension_level":1}}