{"host":"qrt7o4dq2qslzw13","time":1610180487,"event":{"mods":["AchievementEnabler","BaseMod","Colored Map","Colored Powertips","Minty Spire (QoL Compilation)","Quick Restart","StSLib","SuperFastMode"],"gold_per_floor":[114,114,114,114,40,40,81,96,96,140,140,140,160,160,160,279,279,300,575,589,623,126,126,126,126,126,147,147,197,197],"floor_reached":29,"playtime":598,"items_purged":[],"score":378,"play_id":"08f14035-1777-40c7-a7b0-015198d97ce6","local_time":"20210109032127","is_ascension_mode":true,"campfire_choices":[{"data":"Escape Plan","floor":6.0,"key":"SMITH"},{"floor":12.0,"key":"REST"},{"floor":15.0,"key":"REST"},{"floor":23.0,"key":"REST"},{"floor":25.0,"key":"REST"}],"circlet_count":0,"master_deck":["AscendersBane","Strike_G","Defend_G+1","Defend_G+1","Defend_G","Defend_G","Defend_G+1","Survivor","Neutralize+1","Flying Knee+1","Escape Plan+1","Bullet Time","Cloak And Dagger","Backstab","After Image","PiercingWail+1","Phantasmal Killer+1","Phantasmal Killer+1","Deflect","Regret","PiercingWail","Concentrate","Panache","Night Terror","Slice","Cloak And Dagger"],"relics":["Ring of the Snake","NeowsBlessing","Golden Idol","CaptainsWheel","Tough Bandages","Centennial Puzzle","Du-Vu Doll","Astrolabe","Red Mask","War Paint","Dream Catcher","Mummified Hand","Bag of Preparation","SsserpentHead"],"acts_visited":["Exordium","TheCity"],"potions_floor_usage":[],"damage_taken":[{"damage":0.0,"enemies":"Cultist","floor":1.0,"turns":1.0},{"damage":0.0,"enemies":"Lagavulin","floor":7.0,"turns":1.0},{"damage":0.0,"enemies":"2 Louse","floor":8.0,"turns":1.0},{"damage":26.0,"enemies":"3 Sentries","floor":10.0,"turns":13.0},{"damage":0.0,"enemies":"Jaw Worm","floor":13.0,"turns":1.0},{"damage":25.0,"enemies":"Hexaghost","floor":16.0,"turns":14.0},{"damage":12.0,"enemies":"Shell Parasite","floor":18.0,"turns":11.0},{"damage":7.0,"enemies":"3 Byrds","floor":20.0,"turns":8.0},{"damage":26.0,"enemies":"Masked Bandits","floor":21.0,"turns":8.0},{"damage":26.0,"enemies":"Snake Plant","floor":27.0,"turns":4.0},{"damage":23,"enemies":"Cultist and Chosen","floor":29,"turns":5}],"seed_played":"-8839667127785377147","potions_obtained":[{"floor":7.0,"key":"Strength Potion"},{"floor":8.0,"key":"SmokeBomb"},{"floor":10.0,"key":"Fire Potion"},{"floor":13.0,"key":"Block Potion"},{"floor":18.0,"key":"CunningPotion"}],"is_trial":false,"path_per_floor":["M","?","?","?","$","R","E","M","T","E","?","R","M","?","R","B",null,"M","?","M","?","$","R","?","R","T","M","?","M"],"character_chosen":"THE_SILENT","items_purchased":["Escape Plan","Panache","War Paint","Dream Catcher"],"campfire_rested":4,"item_purchase_floors":[5,22,22,22],"current_hp_per_floor":[63,56,56,56,56,56,56,56,56,30,30,49,49,36,55,30,56,44,44,37,11,11,30,30,49,49,23,23,0,0],"gold":197,"neow_bonus":"THREE_ENEMY_KILL","is_daily":false,"chose_seed":false,"campfire_upgraded":1,"win_rate":0.0,"timestamp":1610180487,"path_taken":["M","?","?","?","?","R","E","M","T","E","?","R","?","?","R","BOSS","M","?","?","?","$","R","?","R","T","M","?","?"],"items_purchased_type":["Card","Card","Relic","Relic"],"build_version":"2020-12-22","purchased_purges":0,"victory":false,"max_hp_per_floor":[70,70,70,65,65,65,65,65,65,65,65,65,65,65,65,65,65,65,65,65,65,65,65,65,65,65,65,65,65,65],"card_choices":[{"not_picked":["Dagger Spray","Prepared"],"picked":"Flying Knee","floor":1.0},{"not_picked":["Caltrops","Calculated Gamble"],"picked":"Bullet Time","floor":7.0},{"not_picked":["Well Laid Plans","Dagger Spray"],"picked":"Cloak And Dagger","floor":8.0},{"not_picked":["Dodge and Roll","Infinite Blades"],"picked":"Backstab","floor":10.0},{"not_picked":["Dodge and Roll","Flying Knee","Dagger Spray"],"picked":"SKIP","floor":13.0},{"not_picked":["Grand Finale","Tools of the Trade"],"picked":"After Image","floor":16.0},{"not_picked":["Acrobatics","PiercingWail"],"picked":"Deflect","floor":18.0},{"not_picked":["Dodge and Roll","Prepared+1"],"picked":"PiercingWail","floor":20.0},{"not_picked":["Dagger Spray","Choke"],"picked":"Concentrate","floor":21.0},{"not_picked":["Flying Knee","Deflect+1"],"picked":"Night Terror","floor":23.0},{"not_picked":["Underhanded Strike","Deadly Poison"],"picked":"Slice","floor":25.0},{"not_picked":["Infinite Blades+1","Distraction"],"picked":"Cloak And Dagger","floor":27.0}],"player_experience":526916,"relics_obtained":[{"floor":7.0,"key":"CaptainsWheel"},{"floor":9.0,"key":"Tough Bandages"},{"floor":10.0,"key":"Centennial Puzzle"},{"floor":21.0,"key":"Red Mask"},{"floor":26.0,"key":"Bag of Preparation"}],"event_choices":[{"cards_removed":["Strike_G"],"damage_healed":0.0,"max_hp_gain":0.0,"max_hp_loss":0.0,"gold_gain":0.0,"event_name":"Golden Wing","player_choice":"Card Removal","floor":2.0,"gold_loss":0.0,"damage_taken":7.0},{"damage_healed":0.0,"max_hp_gain":0.0,"max_hp_loss":0.0,"gold_gain":0.0,"event_name":"Living Wall","player_choice":"Grow","floor":3.0,"gold_loss":0.0,"damage_taken":0.0,"cards_upgraded":["Flying Knee"]},{"damage_healed":0.0,"max_hp_gain":0.0,"max_hp_loss":5.0,"gold_gain":0.0,"event_name":"Golden Idol","player_choice":"Lose Max HP","floor":4.0,"gold_loss":0.0,"damage_taken":0.0,"relics_obtained":["Golden Idol"]},{"damage_healed":0.0,"max_hp_gain":0.0,"max_hp_loss":0.0,"gold_gain":0.0,"event_name":"WeMeetAgain","player_choice":"Gave Potion","floor":11.0,"gold_loss":0.0,"damage_taken":0.0,"relics_obtained":["Du-Vu Doll"]},{"damage_healed":0.0,"max_hp_gain":0.0,"max_hp_loss":0.0,"gold_gain":0.0,"event_name":"Shining Light","player_choice":"Entered Light","floor":14.0,"gold_loss":0.0,"damage_taken":13.0,"cards_upgraded":["Neutralize","Defend_G"]},{"damage_healed":0.0,"max_hp_gain":0.0,"max_hp_loss":0.0,"gold_gain":275.0,"event_name":"Golden Shrine","player_choice":"Desecrate","floor":19.0,"gold_loss":0.0,"damage_taken":0.0,"cards_obtained":["Regret"]},{"damage_healed":0.0,"max_hp_gain":0.0,"max_hp_loss":0.0,"gold_gain":0.0,"event_name":"Masked Bandits","player_choice":"Fought Bandits","floor":21.0,"gold_loss":0.0,"damage_taken":0.0},{"damage_healed":0.0,"max_hp_gain":0.0,"max_hp_loss":0.0,"gold_gain":0.0,"event_name":"The Mausoleum","player_choice":"Opened","floor":24.0,"gold_loss":0.0,"damage_taken":0.0,"relics_obtained":["Mummified Hand"]},{"damage_healed":0.0,"max_hp_gain":0.0,"max_hp_loss":0.0,"gold_gain":0.0,"event_name":"FaceTrader","player_choice":"Trade","floor":28.0,"gold_loss":0.0,"damage_taken":0.0,"relics_obtained":["SsserpentHead"]}],"is_beta":false,"boss_relics":[{"not_picked":["Velvet Choker","SacredBark"],"picked":"Astrolabe"}],"items_purged_floors":[],"is_endless":false,"potions_floor_spawned":[7,8,10,13,18],"killed_by":"Cultist and Chosen","ascension_level":10}}