{"host":"19r1ww88x2tc73i0","time":1610174996,"event":{"mods":["BaseMod","BetterRewards","Colored Map","Minty Spire (QoL Compilation)","Relic Stats","StSLib","SuperFastMode","slay the spire mod where everything is the same but ironclad has a cowboy hat"],"gold_per_floor":[111,125,137,155,155,155,180,180,207,207,132,132,148,176,176,250,250,204,220,220,120,45,45,71,71,94,112,124,141,141,141,141],"floor_reached":31,"playtime":1317,"items_purged":["Strike_B","Zap"],"score":530,"play_id":"b03778b2-b6b1-47d2-b873-98b72b4434f3","local_time":"25640109134956","is_ascension_mode":true,"campfire_choices":[{"data":"Reinforced Body","floor":6.0,"key":"SMITH"},{"data":"Reprogram","floor":8.0,"key":"SMITH"},{"data":"Melter","floor":10.0,"key":"SMITH"},{"data":"Leap","floor":12.0,"key":"SMITH"},{"floor":15,"key":"REST"},{"floor":23,"key":"REST"},{"data":"Reboot","floor":25,"key":"SMITH"}],"circlet_count":0,"master_deck":["AscendersBane","Strike_B+1","Strike_B+1","Strike_B+1","Defend_B+1","Defend_B+1","Defend_B+1","Defend_B+1","Reinforced Body+1","Melter+1","BootSequence","Hologram+1","Gash+1","Leap+1","Reprogram+1","Conserve Battery","Skim","Reboot+1","Compile Driver+1","Reprogram+1","Reprogram","Go for the Eyes+1"],"relics":["Cracked Core","Lee\u0027s Waffle","Vajra","Molten Egg 2","MealTicket","Anchor","Bag of Preparation","SlaversCollar","Lizard Tail","Tiny Chest"],"acts_visited":["Exordium","TheCity"],"potions_floor_usage":[16,24,28],"damage_taken":[{"damage":1.0,"enemies":"Cultist","floor":1.0,"turns":3.0},{"damage":2.0,"enemies":"Jaw Worm","floor":2.0,"turns":3.0},{"damage":0.0,"enemies":"Small Slimes","floor":3.0,"turns":4.0},{"damage":3.0,"enemies":"Blue Slaver","floor":4.0,"turns":3.0},{"damage":17.0,"enemies":"Lagavulin","floor":7.0,"turns":5.0},{"damage":2.0,"enemies":"2 Fungi Beasts","floor":13.0,"turns":4.0},{"damage":65,"enemies":"Gremlin Nob","floor":14,"turns":5},{"damage":1,"enemies":"Hexaghost","floor":16,"turns":14},{"damage":12,"enemies":"2 Thieves","floor":18,"turns":5},{"damage":26,"enemies":"3 Byrds","floor":19,"turns":9},{"damage":9,"enemies":"Book of Stabbing","floor":24,"turns":7},{"damage":39,"enemies":"Snake Plant","floor":27,"turns":5},{"damage":4,"enemies":"Snecko","floor":28,"turns":8},{"damage":52,"enemies":"Chosen and Byrds","floor":29,"turns":11},{"damage":7,"enemies":"Colosseum Slavers","floor":30,"turns":8},{"damage":41,"enemies":"3 Cultists","floor":31,"turns":5}],"seed_played":"-8998186303861853813","potions_obtained":[{"floor":1.0,"key":"FocusPotion"},{"floor":3.0,"key":"AttackPotion"},{"floor":4.0,"key":"SteroidPotion"},{"floor":14,"key":"LiquidBronze"},{"floor":19,"key":"GamblersBrew"},{"floor":27,"key":"LiquidMemories"}],"is_trial":false,"path_per_floor":["M","M","M","M","?","R","E","R","T","R","$","R","M","E","R","B",null,"M","M","?","$","?","R","E","R","T","M","M","M","?","M"],"character_chosen":"DEFECT","items_purchased":["Lee\u0027s Waffle","Reinforced Body","Melter","Vajra","Molten Egg 2","BootSequence"],"campfire_rested":2,"item_purchase_floors":[0,0,0,0,0,0],"current_hp_per_floor":[77,75,75,72,72,72,55,55,55,55,70,70,68,3,26,25,65,53,27,27,42,42,65,56,56,56,17,13,32,25,0,0],"gold":141,"neow_bonus":"","is_daily":false,"chose_seed":false,"campfire_upgraded":5,"win_rate":0.0,"timestamp":1610174996,"path_taken":["M","?","M","M","?","R","E","R","T","R","$","R","M","E","R","BOSS","M","M","?","$","?","R","E","R","T","M","M","M","?","?"],"items_purchased_type":["Relic","Card","Card","Relic","Relic","Card"],"build_version":"2020-12-22","purchased_purges":2,"victory":false,"max_hp_per_floor":[78,78,78,78,78,78,78,78,78,78,78,78,78,78,78,78,78,78,78,78,78,78,78,78,78,78,78,78,78,78,78,78],"relic_stats":{"Lee\u0027s Waffle":46,"Lizard Tail":39,"counters":[168,798],"MealTicket":30,"Tiny Chest":0,"Bag of Preparation":[18],"obtain_stats":[{"Ice Cream":0,"Calipers":31,"Nilry\u0027s Codex":19,"CeramicFish":0,"Vajra":31,"Spirit Poop":45,"Runic Capacitor":21,"Ginger":37,"Bottled Tornado":21,"Old Coin":48,"Blood Vial":24,"Sozu":17,"Lizard Tail":0,"Centennial Puzzle":40,"Strawberry":23,"MealTicket":46,"Fusion Hammer":34,"Kunai":44,"Toxic Egg 2":0,"Girya":0,"Happy Flower":0,"Dead Branch":0,"Blue Candle":40,"Oddly Smooth Stone":0,"Eternal Feather":28,"Letter Opener":9,"War Paint":27,"Question Card":39,"Akabeko":8,"Cables":46,"OrangePellets":39,"SlaversCollar":17,"Bottled Flame":30,"Shuriken":43,"Bronze Scales":9,"Bird Faced Urn":4,"Molten Egg 2":0,"Pandora\u0027s Box":17,"Symbiotic Virus":0,"Unceasing Top":0,"Pocketwatch":0,"Darkstone Periapt":20,"Lantern":36,"Regal Pillow":6,"Singing Bowl":0,"Torii":0,"Mango":0,"StoneCalendar":0,"Incense Burner":10,"Juzu Bracelet":14,"Bag of Preparation":29,"Ancient Tea Set":44,"Cursed Key":34,"Smiling Mask":40,"ClockworkSouvenir":0,"Emotion Chip":26,"Dream Catcher":27,"Nunchaku":27,"Matryoshka":4,"Shovel":0,"Mummified Hand":9,"Gambling Chip":0,"Tiny Chest":12,"WingedGreaves":0,"Chemical X":38,"Cracked Core":0,"Runic Pyramid":17,"Potion Belt":20,"Lee\u0027s Waffle":0,"Inserter":17,"Golden Idol":10,"Thread and Needle":0,"PreservedInsect":26,"Omamori":0,"Frozen Egg 2":0,"Orichalcum":41,"MawBank":8,"Medical Kit":0,"White Beast Statue":40,"Mercury Hourglass":26,"Nuclear Battery":17,"Peace Pipe":45,"Anchor":0,"CaptainsWheel":0,"DataDisk":39,"Turnip":0,"Coffee Dripper":34,"Art of War":23,"Bag of Marbles":42,"Membership Card":0,"Bottled Lightning":32,"TungstenRod":43,"FossilizedHelix":0},{"Ice Cream":57,"Calipers":47,"Nilry\u0027s Codex":119,"CeramicFish":83,"Vajra":16,"Spirit Poop":105,"Runic Capacitor":9,"Ginger":19,"Bottled Tornado":9,"Old Coin":24,"Blood Vial":11,"Sozu":66,"Lizard Tail":0,"Centennial Puzzle":21,"Strawberry":41,"MealTicket":80,"Fusion Hammer":75,"Kunai":54,"Toxic Egg 2":0,"Girya":140,"Happy Flower":0,"Dead Branch":26,"Blue Candle":52,"Oddly Smooth Stone":26,"Eternal Feather":71,"Letter Opener":113,"War Paint":70,"Question Card":20,"Akabeko":31,"Cables":105,"OrangePellets":103,"SlaversCollar":160,"Bottled Flame":125,"Shuriken":22,"Bronze Scales":4,"Bird Faced Urn":142,"Molten Egg 2":26,"Pandora\u0027s Box":92,"Symbiotic Virus":26,"Unceasing Top":57,"Pocketwatch":26,"Darkstone Periapt":9,"Lantern":18,"Regal Pillow":87,"Singing Bowl":57,"Torii":83,"Mango":0,"StoneCalendar":0,"Incense Burner":5,"Juzu Bracelet":7,"Bag of Preparation":14,"Ancient Tea Set":79,"Cursed Key":101,"Smiling Mask":104,"ClockworkSouvenir":26,"Emotion Chip":11,"Dream Catcher":12,"Nunchaku":43,"Matryoshka":2,"Shovel":57,"Mummified Hand":4,"Gambling Chip":57,"Tiny Chest":33,"WingedGreaves":0,"Chemical X":51,"Cracked Core":0,"Runic Pyramid":8,"Potion Belt":9,"Lee\u0027s Waffle":26,"Inserter":36,"Golden Idol":87,"Thread and Needle":26,"PreservedInsect":42,"Omamori":0,"Frozen Egg 2":0,"Orichalcum":22,"MawBank":4,"Medical Kit":57,"White Beast Statue":132,"Mercury Hourglass":70,"Nuclear Battery":148,"Peace Pipe":23,"Anchor":0,"CaptainsWheel":26,"DataDisk":51,"Turnip":108,"Coffee Dripper":17,"Art of War":69,"Bag of Marbles":133,"Membership Card":0,"Bottled Lightning":74,"TungstenRod":53,"FossilizedHelix":57},{"Ice Cream":287,"Calipers":231,"Nilry\u0027s Codex":549,"CeramicFish":402,"Vajra":80,"Spirit Poop":498,"Runic Capacitor":46,"Ginger":98,"Bottled Tornado":46,"Old Coin":129,"Blood Vial":56,"Sozu":316,"Lizard Tail":0,"Centennial Puzzle":109,"Strawberry":206,"MealTicket":380,"Fusion Hammer":360,"Kunai":264,"Toxic Egg 2":0,"Girya":633,"Happy Flower":0,"Dead Branch":155,"Blue Candle":255,"Oddly Smooth Stone":155,"Eternal Feather":339,"Letter Opener":530,"War Paint":334,"Question Card":102,"Akabeko":169,"Cables":498,"OrangePellets":489,"SlaversCollar":740,"Bottled Flame":571,"Shuriken":116,"Bronze Scales":15,"Bird Faced Urn":638,"Molten Egg 2":155,"Pandora\u0027s Box":446,"Symbiotic Virus":155,"Unceasing Top":287,"Pocketwatch":155,"Darkstone Periapt":46,"Lantern":93,"Regal Pillow":418,"Singing Bowl":287,"Torii":402,"Mango":0,"StoneCalendar":0,"Incense Burner":22,"Juzu Bracelet":32,"Bag of Preparation":69,"Ancient Tea Set":377,"Cursed Key":484,"Smiling Mask":494,"ClockworkSouvenir":155,"Emotion Chip":56,"Dream Catcher":61,"Nunchaku":214,"Matryoshka":7,"Shovel":287,"Mummified Hand":15,"Gambling Chip":287,"Tiny Chest":174,"WingedGreaves":0,"Chemical X":250,"Cracked Core":0,"Runic Pyramid":41,"Potion Belt":46,"Lee\u0027s Waffle":155,"Inserter":183,"Golden Idol":418,"Thread and Needle":155,"PreservedInsect":210,"Omamori":0,"Frozen Egg 2":0,"Orichalcum":116,"MawBank":15,"Medical Kit":287,"White Beast Statue":595,"Mercury Hourglass":334,"Nuclear Battery":676,"Peace Pipe":123,"Anchor":0,"CaptainsWheel":155,"DataDisk":250,"Turnip":518,"Coffee Dripper":88,"Art of War":330,"Bag of Marbles":599,"Membership Card":0,"Bottled Lightning":349,"TungstenRod":259,"FossilizedHelix":287}]},"card_choices":[{"not_picked":["Glacier","Compile Driver+1"],"picked":"Hologram","floor":1.0},{"not_picked":["Coolheaded","Fusion","Undo"],"picked":"SKIP","floor":2.0},{"not_picked":["BootSequence","Steam"],"picked":"Gash+1","floor":3.0},{"not_picked":["Capacitor","Lockon+1"],"picked":"Leap","floor":4.0},{"not_picked":["Streamline+1","Compile Driver+1"],"picked":"Reprogram","floor":7.0},{"not_picked":["Steam","Redo"],"picked":"Conserve Battery","floor":13.0},{"not_picked":["Barrage+1","Steam"],"picked":"Skim","floor":14},{"not_picked":["Creative AI","Seek"],"picked":"Reboot","floor":16},{"not_picked":["FTL+1","Tempest"],"picked":"Compile Driver+1","floor":18},{"not_picked":["Rebound+1","Go for the Eyes+1"],"picked":"Reprogram+1","floor":19},{"not_picked":["Streamline+1","All For One+1","Thunder Strike+1"],"picked":"SKIP","floor":24},{"not_picked":["Turbo","Conserve Battery","Lockon+1"],"picked":"SKIP","floor":27},{"not_picked":["Barrage+1","Beam Cell+1"],"picked":"Reprogram","floor":28},{"not_picked":["Compile Driver+1","Ball Lightning+1"],"picked":"Go for the Eyes+1","floor":29}],"player_experience":884739,"relics_obtained":[{"floor":7.0,"key":"MealTicket"},{"floor":9.0,"key":"Anchor"},{"floor":14,"key":"Bag of Preparation"},{"floor":24,"key":"Lizard Tail"},{"floor":26,"key":"Tiny Chest"}],"event_choices":[{"damage_healed":0.0,"max_hp_gain":0.0,"max_hp_loss":0.0,"gold_gain":0.0,"event_name":"Living Wall","player_choice":"Grow","floor":5.0,"gold_loss":0.0,"damage_taken":0.0,"cards_upgraded":["Hologram"]},{"damage_healed":0,"gold_gain":0,"player_choice":"Simplicity","damage_taken":0,"max_hp_gain":0,"max_hp_loss":0,"event_name":"Back to Basics","floor":20,"gold_loss":0,"cards_upgraded":["Strike_B","Strike_B","Strike_B","Defend_B","Defend_B","Defend_B","Defend_B"]},{"cards_removed":["Dualcast"],"damage_healed":0,"gold_gain":0,"player_choice":"Gave Gold","damage_taken":0,"max_hp_gain":0,"max_hp_loss":0,"event_name":"Beggar","floor":22,"gold_loss":75},{"damage_healed":0,"gold_gain":0,"player_choice":"Fight","damage_taken":0,"max_hp_gain":0,"max_hp_loss":0,"event_name":"Colosseum","floor":30,"gold_loss":0},{"damage_healed":0,"gold_gain":0,"player_choice":"Fled From Nobs","damage_taken":0,"max_hp_gain":0,"max_hp_loss":0,"event_name":"Colosseum","floor":30,"gold_loss":0}],"is_beta":false,"boss_relics":[{"not_picked":["Busted Crown","Black Star"],"picked":"SlaversCollar"}],"items_purged_floors":[11,21],"is_endless":false,"potions_floor_spawned":[1,3,4,14,19,27,30],"killed_by":"3 Cultists","ascension_level":20}}