{"host":"3y2rtlgteqp2nuo3","time":1610188376,"event":{"mods":["2.2 Compatiblity","AchievementEnabler","BaseMod","Colored Map","DeckTracker","Highlight Path","Keyboard Shortcuts","Minty Spire (QoL Compilation)","Permanent Neow","Quick Restart","StSLib","SuperFastMode","everything is the same but u backflip on backflip"],"gold_per_floor":[115,130,149,161,14,14,43,61,110,125,125,125,137,166,166,245,245,257,275,290,92,121,121,133,133,133,233,233,233,244,257,257,328,328,338,357,234,1233,783,814,814,845,845,340,102,102,122,150,150,150],"floor_reached":51,"playtime":1402,"items_purged":["Strike_B","Strike_B","Normality","Normality"],"score":1345,"play_id":"46563576-84db-441b-b9b6-768c5ed9a826","local_time":"20210109193256","is_ascension_mode":true,"campfire_choices":[{"data":"Zap","floor":6.0,"key":"SMITH"},{"floor":12.0,"key":"REST"},{"data":"Conserve Battery","floor":15.0,"key":"SMITH"},{"data":"Sunder","floor":23.0,"key":"SMITH"},{"floor":25.0,"key":"REST"},{"data":"Reinforced Body","floor":32.0,"key":"SMITH"},{"data":"Coolheaded","floor":41.0,"key":"SMITH"},{"data":"Capacitor","floor":46.0,"key":"SMITH"},{"data":"Consume","floor":49.0,"key":"SMITH"}],"circlet_count":0,"master_deck":["AscendersBane","Defend_B","Defend_B","Defend_B","Zap+1","Dualcast","Ball Lightning","Sunder+1","Coolheaded+1","Conserve Battery+1","Reinforced Body+1","Beam Cell+1","FTL+1","Turbo","Core Surge+1","Skim","Cold Snap+1","Go for the Eyes+1","Dramatic Entrance+1","Chill","Self Repair","White Noise","Glacier","Core Surge+1","FTL+1","Streamline+1","The Bomb","Biased Cognition","Capacitor+1","Consume+1","Glacier","Chrysalis","Panacea"],"relics":["Cracked Core","PreservedInsect","Molten Egg 2","Bag of Marbles","Singing Bowl","MealTicket","Cursed Key","Red Mask","Incense Burner","SlaversCollar","OrangePellets","FossilizedHelix","Orichalcum","Medical Kit","Ancient Tea Set"],"acts_visited":["Exordium","TheCity","TheBeyond"],"potions_floor_usage":[],"damage_taken":[{"damage":0.0,"enemies":"Small Slimes","floor":1.0,"turns":3.0},{"damage":6.0,"enemies":"2 Louse","floor":2.0,"turns":2.0},{"damage":7.0,"enemies":"Jaw Worm","floor":3.0,"turns":2.0},{"damage":0.0,"enemies":"3 Louse","floor":4.0,"turns":2.0},{"damage":20.0,"enemies":"Gremlin Nob","floor":7.0,"turns":3.0},{"damage":6.0,"enemies":"Looter","floor":8.0,"turns":3.0},{"damage":15.0,"enemies":"Lots of Slimes","floor":10.0,"turns":3.0},{"damage":2.0,"enemies":"Exordium Wildlife","floor":13.0,"turns":2.0},{"damage":6.0,"enemies":"Lagavulin","floor":14.0,"turns":5.0},{"damage":16.0,"enemies":"Slime Boss","floor":16.0,"turns":8.0},{"damage":1.0,"enemies":"3 Byrds","floor":18.0,"turns":3.0},{"damage":11.0,"enemies":"Spheric Guardian","floor":19.0,"turns":3.0},{"damage":19.0,"enemies":"Snake Plant","floor":20.0,"turns":3.0},{"damage":7.0,"enemies":"Masked Bandits","floor":22.0,"turns":3.0},{"damage":16.0,"enemies":"Shelled Parasite and Fungi","floor":24.0,"turns":3.0},{"damage":0.0,"enemies":"Colosseum Slavers","floor":27.0,"turns":1.0},{"damage":0.0,"enemies":"Colosseum Nobs","floor":27.0,"turns":2.0},{"damage":5.0,"enemies":"Sentry and Sphere","floor":30.0,"turns":4.0},{"damage":0.0,"enemies":"Snake Plant","floor":31.0,"turns":3.0},{"damage":55.0,"enemies":"Collector","floor":33.0,"turns":11.0},{"damage":1.0,"enemies":"3 Darklings","floor":35.0,"turns":6.0},{"damage":11.0,"enemies":"Orb Walker","floor":36.0,"turns":3.0},{"damage":7.0,"enemies":"Giant Head","floor":40.0,"turns":7.0},{"damage":0.0,"enemies":"Reptomancer","floor":42.0,"turns":4.0},{"damage":9.0,"enemies":"3 Darklings","floor":47.0,"turns":3.0},{"damage":0.0,"enemies":"Giant Head","floor":48.0,"turns":9.0},{"damage":45,"enemies":"Donu and Deca","floor":50,"turns":11}],"seed_played":"-7033633269845621834","potions_obtained":[{"floor":1.0,"key":"FairyPotion"},{"floor":3.0,"key":"CultistPotion"},{"floor":16.0,"key":"Explosive Potion"},{"floor":27.0,"key":"Fruit Juice"},{"floor":31.0,"key":"Weak Potion"},{"floor":35.0,"key":"BlessingOfTheForge"}],"is_trial":false,"path_per_floor":["M","M","M","M","$","R","E","M","T","M","?","R","M","E","R","B",null,"M","M","M","$","?","R","M","R","T","?","?","?","M","M","R","B",null,"M","M","$","?","$","E","R","E","T","$","$","R","M","E","R","B",null],"character_chosen":"DEFECT","items_purchased":["PreservedInsect","Dramatic Entrance+1","Chill","Streamline+1","OrangePellets","The Bomb","Capacitor","Consume","Glacier","Chrysalis","Panacea","Medical Kit"],"campfire_rested":2,"item_purchase_floors":[5,21,21,37,39,39,44,44,44,44,45,45],"current_hp_per_floor":[64,58,51,51,51,51,31,25,25,10,19,38,36,30,30,14,52,51,40,21,36,29,29,20,39,39,55,55,55,64,73,73,25,63,75,73,77,77,77,79,79,79,79,79,79,79,72,81,81,43],"gold":150,"neow_bonus":"REMOVE_TWO","is_daily":false,"chose_seed":false,"campfire_upgraded":7,"win_rate":0.0,"timestamp":1610188376,"path_taken":["M","M","M","M","$","R","E","M","T","M","?","R","M","E","R","BOSS","M","M","M","$","?","R","M","R","T","?","?","?","M","M","R","BOSS","M","M","?","?","$","E","R","E","T","?","$","R","M","E","R","BOSS"],"items_purchased_type":["Relic","Card","Card","Card","Relic","Card","Card","Card","Card","Card","Card","Relic"],"build_version":"2020-12-22","purchased_purges":4,"victory":true,"max_hp_per_floor":[64,64,64,64,64,64,64,64,64,64,64,64,64,64,64,64,64,64,64,64,64,64,64,64,64,64,66,66,66,73,75,75,75,75,75,77,77,77,77,79,79,79,79,79,79,79,81,83,83,83],"card_choices":[{"not_picked":["Auto Shields","Tempest"],"picked":"Ball Lightning","floor":1.0},{"not_picked":["Loop","Chaos","Aggregate"],"picked":"SKIP","floor":2.0},{"not_picked":["Sweeping Beam","Barrage"],"picked":"Sunder","floor":3.0},{"not_picked":["Compile Driver","Barrage"],"picked":"Coolheaded","floor":4.0},{"not_picked":["Coolheaded","Hologram"],"picked":"Conserve Battery","floor":7.0},{"not_picked":["Hologram","Conserve Battery"],"picked":"Reinforced Body","floor":8.0},{"not_picked":["Ball Lightning+1","Creative AI"],"picked":"Beam Cell+1","floor":10.0},{"not_picked":["Gash+1","Leap"],"picked":"FTL+1","floor":13.0},{"not_picked":["Conserve Battery","Stack"],"picked":"Turbo","floor":14.0},{"not_picked":["Meteor Strike+1","Echo Form"],"picked":"Core Surge+1","floor":16.0},{"not_picked":["Darkness","White Noise"],"picked":"Skim","floor":18.0},{"not_picked":["Leap","Force Field"],"picked":"Cold Snap+1","floor":19.0},{"not_picked":["Steam","Beam Cell+1"],"picked":"Go for the Eyes+1","floor":20.0},{"not_picked":["Doom and Gloom+1","Gash+1"],"picked":"Self Repair","floor":22.0},{"not_picked":["Compile Driver+1","Go for the Eyes+1"],"picked":"White Noise","floor":24.0},{"not_picked":["Chill","Ball Lightning+1","Redo"],"picked":"Singing Bowl","floor":27.0},{"not_picked":["Hyperbeam+1","Ball Lightning+1","Rebound+1"],"picked":"Singing Bowl","floor":30.0},{"not_picked":["Hologram","Reinforced Body","Barrage+1"],"picked":"Singing Bowl","floor":31.0},{"not_picked":["Seek","Reboot"],"picked":"Core Surge+1","floor":33.0},{"not_picked":["Cold Snap+1","Beam Cell+1"],"picked":"FTL+1","floor":35.0},{"not_picked":["Beam Cell+1","Barrage+1","Steam"],"picked":"Singing Bowl","floor":36.0},{"not_picked":["Undo","Turbo","Gash+1"],"picked":"Singing Bowl","floor":40.0},{"not_picked":["Beam Cell+1","Aggregate"],"picked":"Biased Cognition","floor":42.0},{"not_picked":["Beam Cell+1","Consume","Chaos"],"picked":"Singing Bowl","floor":47.0},{"not_picked":["Gash+1","Go for the Eyes+1","Steam"],"picked":"Singing Bowl","floor":48.0}],"player_experience":647236,"relics_obtained":[{"floor":7.0,"key":"Molten Egg 2"},{"floor":9.0,"key":"Bag of Marbles"},{"floor":14.0,"key":"MealTicket"},{"floor":22.0,"key":"Red Mask"},{"floor":27.0,"key":"Incense Burner"},{"floor":40.0,"key":"FossilizedHelix"},{"floor":42.0,"key":"Orichalcum"},{"floor":48.0,"key":"Ancient Tea Set"}],"event_choices":[{"damage_healed":0.0,"max_hp_gain":0.0,"max_hp_loss":0.0,"gold_gain":0.0,"event_name":"Scrap Ooze","player_choice":"Success","floor":11.0,"gold_loss":0.0,"damage_taken":12.0,"relics_obtained":["Singing Bowl"]},{"damage_healed":0.0,"max_hp_gain":0.0,"max_hp_loss":0.0,"gold_gain":0.0,"event_name":"Masked Bandits","player_choice":"Fought Bandits","floor":22.0,"gold_loss":0.0,"damage_taken":0.0},{"damage_healed":0.0,"max_hp_gain":0.0,"max_hp_loss":0.0,"gold_gain":0.0,"event_name":"Colosseum","player_choice":"Fight","floor":27.0,"gold_loss":0.0,"damage_taken":0.0},{"damage_healed":0.0,"max_hp_gain":0.0,"max_hp_loss":0.0,"gold_gain":0.0,"event_name":"Colosseum","player_choice":"Fought Nobs","floor":27.0,"gold_loss":0.0,"damage_taken":0.0},{"damage_healed":0.0,"max_hp_gain":0.0,"max_hp_loss":0.0,"gold_gain":0.0,"event_name":"The Library","player_choice":"Read","floor":28.0,"gold_loss":0.0,"damage_taken":0.0,"cards_obtained":["Glacier"]},{"cards_removed":["Strike_B"],"damage_healed":0.0,"max_hp_gain":0.0,"max_hp_loss":0.0,"gold_gain":0.0,"event_name":"Bonfire Elementals","player_choice":"Offered Basic","floor":29.0,"gold_loss":0.0,"damage_taken":0.0},{"damage_healed":0.0,"max_hp_gain":0.0,"max_hp_loss":0.0,"gold_gain":999.0,"event_name":"MindBloom","player_choice":"Gold","floor":38.0,"gold_loss":0.0,"damage_taken":0.0,"cards_obtained":["Normality","Normality"]}],"is_beta":false,"boss_relics":[{"not_picked":["Tiny House","FrozenCore"],"picked":"Cursed Key"},{"not_picked":["Calling Bell","Black Star"],"picked":"SlaversCollar"}],"items_purged_floors":[21,37,39,44],"is_endless":false,"potions_floor_spawned":[1,3,4,16,27,27,31,35,36,40],"ascension_level":14}}