{"host":"taazmjmli6ma7loo","time":1610152291,"event":{"mods":["AchievementEnabler","BaseMod","Hermit","Minty Spire (QoL Compilation)","StSLib","The Bug Knight","The Hierophant"],"gold_per_floor":[20,20,39,39,39,39,39,39,87,101,113,142,131,142,142,142,142],"floor_reached":16,"playtime":1116,"items_purged":[],"score":102,"play_id":"ab74b6f1-5200-4f04-97cb-d30a971b6b34","local_time":"20210109093131","is_ascension_mode":false,"campfire_choices":[{"data":"hermit:ItchyTrigger","floor":6,"key":"SMITH"},{"data":"hermit:ItchyTrigger","floor":8,"key":"SMITH"},{"floor":15,"key":"REST"}],"circlet_count":0,"master_deck":["hermit:Strike_Hermit","hermit:Strike_Hermit","hermit:Strike_Hermit","hermit:Defend_Hermit","hermit:Defend_Hermit","hermit:Defend_Hermit","hermit:Snapshot","hermit:Covet","hermit:ItchyTrigger+1","hermit:Feint","hermit:ItchyTrigger+1","hermit:Vantage","hermit:Virtue","hermit:Snipe","hermit:Ricochet","hermit:Glare"],"relics":["hermit:Momento","Omamori","Bag of Preparation","Toy Ornithopter"],"acts_visited":["Exordium"],"potions_floor_usage":[],"damage_taken":[{"damage":1,"enemies":"Cultist","floor":1,"turns":3},{"damage":0,"enemies":"Small Slimes","floor":3,"turns":5},{"damage":4,"enemies":"Jaw Worm","floor":10,"turns":4},{"damage":3,"enemies":"Red Slaver","floor":11,"turns":4},{"damage":21,"enemies":"3 Sentries","floor":12,"turns":9},{"damage":9,"enemies":"Exordium Thugs","floor":13,"turns":4},{"damage":10,"enemies":"Looter","floor":14,"turns":2},{"damage":31,"enemies":"Slime Boss","floor":16,"turns":6}],"seed_played":"-7090366808552567907","potions_obtained":[{"floor":3,"key":"hermit:Tonic"},{"floor":10,"key":"ColorlessPotion"}],"is_trial":false,"path_per_floor":["M","$","M","$","?","R","?","R","T","M","M","E","M","M","R","B"],"character_chosen":"HERMIT","items_purchased":[],"campfire_rested":1,"item_purchase_floors":[],"current_hp_per_floor":[74,74,74,74,56,56,56,56,56,52,49,28,19,9,31,0,0],"gold":142,"neow_bonus":"TRANSFORM_TWO_CARDS","is_daily":false,"chose_seed":false,"campfire_upgraded":2,"win_rate":0.0,"timestamp":1610152291,"path_taken":["M","$","M","?","?","R","?","R","T","M","?","E","M","M","R","BOSS"],"items_purchased_type":[],"build_version":"2020-12-22","purchased_purges":0,"victory":false,"max_hp_per_floor":[75,75,75,75,75,75,75,75,75,75,75,75,75,75,75,75,75],"card_choices":[{"not_picked":["hermit:CalledShot","hermit:Misfire"],"picked":"hermit:ItchyTrigger","floor":1},{"not_picked":["hermit:PistolWhip","hermit:TakeAim"],"picked":"hermit:Vantage","floor":3},{"not_picked":["hermit:GhostlyPresence","hermit:Snipe","hermit:BlackWind"],"picked":"SKIP","floor":10},{"not_picked":["hermit:Quickdraw","hermit:HighCaliber"],"picked":"hermit:Virtue","floor":11},{"not_picked":["hermit:Manifest","hermit:GhostlyPresence"],"picked":"hermit:Snipe","floor":12},{"not_picked":["hermit:HoleUp","hermit:Vantage"],"picked":"hermit:Ricochet","floor":13},{"not_picked":["hermit:Determination","hermit:SprayPray"],"picked":"hermit:Glare","floor":14}],"player_experience":434871,"relics_obtained":[{"floor":9,"key":"Bag of Preparation"},{"floor":12,"key":"Toy Ornithopter"}],"event_choices":[{"damage_healed":0,"gold_gain":0,"player_choice":"Success","damage_taken":18,"relics_obtained":["Omamori"],"max_hp_gain":0,"max_hp_loss":0,"event_name":"Scrap Ooze","floor":5,"gold_loss":0},{"damage_healed":0,"gold_gain":0,"player_choice":"Ignored","damage_taken":0,"max_hp_gain":0,"max_hp_loss":0,"event_name":"NoteForYourself","floor":7,"gold_loss":0}],"is_beta":false,"boss_relics":[],"items_purged_floors":[],"is_endless":false,"potions_floor_spawned":[3,10],"killed_by":"Slime Boss","ascension_level":0}}