{"host":"pft5kheyb7v7gger","time":1610172014,"event":{"mods":["Act Like it!","BaseMod","LagranYue(¿≠∏Ò¿ °§‘¬)","Lobotomy","LobotomyExtend","Minty Spire (QoL Compilation)","Reimu£®≤©¿ˆ¡È√Œ£©","Replay The Spire","StSLib","The Gatherer","TheHeartMod","Yakumo Yukari mod","Yuyuko","°æ“≈ŒÔø®≈∆°øREMEMod"],"gold_per_floor":[110,185,205,225,12,12,24,44,64,239,276,276,276],"floor_reached":6,"playtime":687,"items_purged":[],"score":42,"play_id":"899370e9-e4b3-4595-9123-5a2f6098363e","local_time":"20210109140014","is_ascension_mode":false,"campfire_choices":[{"data":"REME_Flogging","floor":6,"key":"SMITH"}],"circlet_count":0,"master_deck":["Fantasy Butterflies","Fantasy Butterflies","Fantasy Butterflies","Fantasy Butterflies","Fantasy Butterflies","Dreamy Sakura","Dreamy Sakura","Dreamy Sakura","Dreamy Sakura","Dreamy Sakura","Deathly Ground","Faramita\u0027s Temptation","Supernatural Nether","Dancing Butterflies","LagranYue:SkillDeathBolgCard","Postpone Bloom","Death Dancing","Fondling of Papilio","Dancing Butterflies+1","REME_Flogging+1","Chrysalis","Magnetism","Butterflies in Dream","Open The Fan","Butterflies Rainbow","Doubt","ReplayTheSpireMod:Splinters","Mini Ghostdom"],"relics":["Coronal","Yuyuko\u0027s fan","REME_ComplimentaryCards","LagranYue:RandomDrawCardRelic","ReplayTheSpireMod:ShopPack","LetterFromLob","TungstenRod"],"acts_visited":["Exordium"],"potions_floor_usage":[4],"damage_taken":[{"damage":13,"enemies":"2 Louse","floor":1,"turns":3},{"damage":3,"enemies":"Small Slimes","floor":3,"turns":3},{"damage":10,"enemies":"Jaw Worm","floor":4,"turns":2},{"damage":2,"enemies":"Cultist","floor":1,"turns":2},{"damage":8,"enemies":"Small Slimes","floor":2,"turns":3},{"damage":18,"enemies":"Jaw Worm","floor":3,"turns":4},{"damage":36,"enemies":"Gremlin Nob","floor":6,"turns":3}],"seed_played":"1972450999105497618","potions_obtained":[{"floor":4,"key":"REME_GoldPotion"},{"floor":1,"key":"EntropicBrew"}],"is_trial":false,"path_per_floor":["M","?","M","M","$","R","E","M","M","M","?","?","E"],"character_chosen":"YUYOKO","items_purchased":["ReplayTheSpireMod:ShopPack","Fondling of Papilio","Dancing Butterflies+1"],"campfire_rested":0,"item_purchase_floors":[5,5,5],"current_hp_per_floor":[31,20,21,20,20,20,38,32,26,26,26,0,0],"gold":276,"neow_bonus":"THREE_RARE_CARDS","is_daily":false,"chose_seed":false,"campfire_upgraded":1,"win_rate":0.0,"timestamp":1610172014,"path_taken":["M","?","M","M","$","R","E","M","M","M","?","?","E"],"items_purchased_type":["Relic","Card","Card"],"build_version":"2020-12-22","purchased_purges":0,"victory":false,"max_hp_per_floor":[40,40,40,40,40,40,40,40,40,40,40,40,40],"card_choices":[{"not_picked":["Home of Suicide","Bury in The Template"],"picked":"Supernatural Nether","floor":0},{"not_picked":["Nihility","Unpaved Way"],"picked":"Dancing Butterflies","floor":1},{"not_picked":["Phantom Village","Spear of Papilio"],"picked":"Postpone Bloom","floor":3},{"not_picked":["Lunch","Final of Final"],"picked":"Death Dancing","floor":4},{"not_picked":["Sadistic Nature","REME_MawOfCthun"],"picked":"REME_Flogging","floor":5},{"not_picked":["Dark Shackles","Madness"],"picked":"Chrysalis","floor":5},{"not_picked":["REME_TwoStrings","ReplayTheSpireMod:Uncanny Aura"],"picked":"Magnetism","floor":5},{"not_picked":["End of Faramita","All Wander"],"picked":"Butterflies in Dream","floor":1},{"not_picked":["Dancing Soul","Nihility"],"picked":"Open The Fan","floor":2},{"not_picked":["The Forgotten Winter","Gather the Spring"],"picked":"Butterflies Rainbow","floor":3},{"not_picked":["Suicide","Bloom"],"picked":"Mini Ghostdom","floor":5}],"player_experience":272205,"relics_obtained":[{"floor":1,"key":"LetterFromLob"},{"floor":1,"key":"LetterFromLob"},{"floor":5,"key":"TungstenRod"}],"event_choices":[{"damage_healed":0,"gold_gain":75,"player_choice":"Gather Gold","damage_taken":11,"max_hp_gain":0,"max_hp_loss":0,"event_name":"World of Goop","floor":2,"gold_loss":0},{"damage_healed":0,"gold_gain":175,"player_choice":"AGREE","damage_taken":0,"max_hp_gain":0,"max_hp_loss":0,"event_name":"Liars Game","floor":4,"gold_loss":0,"cards_obtained":["Doubt"]}],"is_beta":false,"boss_relics":[],"items_purged_floors":[],"is_endless":false,"potions_floor_spawned":[4,1],"killed_by":"Gremlin Nob","ascension_level":0}}