{"host":"sav7uxregyirlf69","time":1610195538,"event":{"mods":["AchievementEnabler","BaseMod","Colored Map","DeckTracker","Keyboard Shortcuts","Minty Spire (QoL Compilation)","READ ME - Guardian Mod","StSLib","SuperFastMode"],"gold_per_floor":[111,386,99,116,16,16,44,44,44,61,81,99,99,116,116,193,193,212,212,230,52,64,64,81,81,81,101,101,117,117,117,117,117,117],"floor_reached":33,"playtime":614,"items_purged":["Regret","Strike_G","Strike_G"],"score":573,"play_id":"ff01ae46-59d4-4940-9fc9-bb9d72cb6b28","local_time":"20210109213218","is_ascension_mode":true,"campfire_choices":[{"data":"Deadly Poison","floor":6.0,"key":"SMITH"},{"data":"Blade Dance","floor":8.0,"key":"SMITH"},{"data":"Tools of the Trade","floor":15.0,"key":"SMITH"},{"data":"Envenom","floor":23.0,"key":"SMITH"},{"floor":25,"key":"REST"},{"floor":32,"key":"REST"}],"circlet_count":0,"master_deck":["AscendersBane","Strike_G","Strike_G","Defend_G","Defend_G","Defend_G","Defend_G","Defend_G","Survivor","Neutralize","Deadly Poison+1","Blade Dance+1","Dagger Throw","Prepared","Tools of the Trade+1","Poisoned Stab","Envenom+1","Noxious Fumes","Bouncing Flask","Blur"],"relics":["Ring of the Snake","NeowsBlessing","Snake Skull","Centennial Puzzle","Pear","SacredBark","Torii","Calipers"],"acts_visited":["Exordium","TheCity"],"potions_floor_usage":[24,29,33,33,33,33],"damage_taken":[{"damage":0.0,"enemies":"Jaw Worm","floor":1.0,"turns":1.0},{"damage":0.0,"enemies":"Cultist","floor":4.0,"turns":1.0},{"damage":0.0,"enemies":"Gremlin Nob","floor":7.0,"turns":1.0},{"damage":0.0,"enemies":"Small Slimes","floor":10.0,"turns":3.0},{"damage":9.0,"enemies":"Exordium Wildlife","floor":11.0,"turns":6.0},{"damage":1.0,"enemies":"Red Slaver","floor":12.0,"turns":3.0},{"damage":12.0,"enemies":"Gremlin Gang","floor":14.0,"turns":2.0},{"damage":22.0,"enemies":"Hexaghost","floor":16.0,"turns":8.0},{"damage":14.0,"enemies":"Chosen","floor":18.0,"turns":4.0},{"damage":6.0,"enemies":"Spheric Guardian","floor":20.0,"turns":3.0},{"damage":21.0,"enemies":"Snecko","floor":22.0,"turns":5.0},{"damage":4,"enemies":"Shelled Parasite and Fungi","floor":24,"turns":4},{"damage":10,"enemies":"Centurion and Healer","floor":27,"turns":7},{"damage":8,"enemies":"Sentry and Sphere","floor":29,"turns":4},{"damage":49,"enemies":"Champ","floor":33,"turns":9}],"seed_played":"139224162478032933","potions_obtained":[{"floor":10.0,"key":"Fire Potion"},{"floor":11.0,"key":"Fire Potion"},{"floor":14.0,"key":"SmokeBomb"},{"floor":16.0,"key":"BlessingOfTheForge"},{"floor":19.0,"key":"Fruit Juice"},{"floor":19.0,"key":"GamblersBrew"},{"floor":22.0,"key":"Poison Potion"},{"floor":24,"key":"SteroidPotion"},{"floor":29,"key":"EntropicBrew"}],"is_trial":false,"path_per_floor":["M","?","$","M","$","R","E","R","T","M","M","M","?","M","R","B",null,"M","?","M","$","M","R","M","R","T","M","$","M","?","T","R","B"],"character_chosen":"THE_SILENT","items_purchased":["Snake Skull","Deadly Poison","PowerPotion"],"campfire_rested":2,"item_purchase_floors":[3,3,21],"current_hp_per_floor":[59,59,59,59,59,59,59,59,69,69,60,59,59,47,47,25,63,49,59,53,53,32,32,28,53,53,43,43,35,10,10,37,0,0],"gold":117,"neow_bonus":"THREE_ENEMY_KILL","is_daily":false,"chose_seed":false,"campfire_upgraded":4,"win_rate":0.0,"timestamp":1610195538,"path_taken":["M","?","?","?","$","R","E","R","T","M","M","M","?","M","R","BOSS","M","?","?","$","?","R","M","R","T","M","$","M","?","?","R","BOSS"],"items_purchased_type":["Relic","Card","Potion"],"build_version":"2020-12-22","purchased_purges":3,"victory":false,"max_hp_per_floor":[66,66,66,66,66,66,66,66,76,76,76,76,76,76,76,76,76,76,86,86,86,86,86,86,86,86,86,86,86,91,91,91,91,91],"card_choices":[{"not_picked":["Quick Slash","Bane","Cloak And Dagger"],"picked":"SKIP","floor":1.0},{"not_picked":["Quick Slash","Caltrops"],"picked":"Blade Dance","floor":4.0},{"not_picked":["Quick Slash","Accuracy"],"picked":"Dagger Throw","floor":7.0},{"not_picked":["Venomology","Slice","Distraction"],"picked":"SKIP","floor":10.0},{"not_picked":["Outmaneuver","Terror","Endless Agony"],"picked":"SKIP","floor":11.0},{"not_picked":["Dodge and Roll","Eviscerate"],"picked":"Prepared","floor":12.0},{"not_picked":["Skewer","Masterful Stab"],"picked":"Poisoned Stab","floor":14.0},{"not_picked":["Storm of Steel","Phantasmal Killer"],"picked":"Envenom","floor":16.0},{"not_picked":["Choke+1","Outmaneuver+1","Quick Slash"],"picked":"SKIP","floor":18.0},{"not_picked":["Heel Hook","Crippling Poison"],"picked":"Noxious Fumes","floor":20.0},{"not_picked":["Dagger Throw","Cloak And Dagger"],"picked":"Bouncing Flask","floor":22.0},{"not_picked":["PiercingWail","Bane"],"picked":"Blur","floor":24},{"not_picked":["Blade Dance","Eviscerate","Dodge and Roll"],"picked":"SKIP","floor":27},{"not_picked":["Poisoned Stab","Prepared","Blade Dance"],"picked":"SKIP","floor":29}],"player_experience":1212110,"relics_obtained":[{"floor":7.0,"key":"Centennial Puzzle"},{"floor":9.0,"key":"Pear"},{"floor":26,"key":"Torii"},{"floor":31,"key":"Calipers"}],"event_choices":[{"damage_healed":0.0,"max_hp_gain":0.0,"max_hp_loss":0.0,"gold_gain":275.0,"event_name":"Golden Shrine","player_choice":"Desecrate","floor":2.0,"gold_loss":0.0,"damage_taken":0.0,"cards_obtained":["Regret"]},{"damage_healed":0.0,"max_hp_gain":0.0,"max_hp_loss":0.0,"gold_gain":0.0,"cards_transformed":["Strike_G"],"event_name":"Living Wall","player_choice":"Change","floor":13.0,"gold_loss":0.0,"damage_taken":0.0,"cards_obtained":["Tools of the Trade"]},{"damage_healed":0.0,"max_hp_gain":0.0,"max_hp_loss":0.0,"gold_gain":0.0,"event_name":"Lab","player_choice":"Got Potions","floor":19.0,"gold_loss":0.0,"damage_taken":0.0},{"damage_healed":0,"gold_gain":0,"player_choice":"Shed Blood","damage_taken":30,"max_hp_gain":5,"max_hp_loss":0,"event_name":"Forgotten Altar","floor":30,"gold_loss":0}],"is_beta":false,"boss_relics":[{"not_picked":["Black Star","Runic Pyramid"],"picked":"SacredBark"}],"items_purged_floors":[3,5,21],"is_endless":false,"potions_floor_spawned":[10,11,14,16,22,24,27,29],"killed_by":"Champ","ascension_level":20}}