{"host":"08t08ld674si40tv","time":1610187545,"event":{"mods":["AchievementEnabler","BaseMod","Colored Map","Minty Spire (QoL Compilation)","StSLib","SuperFastMode"],"gold_per_floor":[119,119,1,1,17,17,47,147,147,158,171,186,186,5,5,5,5],"floor_reached":16,"playtime":386,"items_purged":["Parasite"],"score":140,"play_id":"255b75a6-3ac6-49bf-b2d3-2aa06416d77a","local_time":"20210109191905","is_ascension_mode":true,"campfire_choices":[{"data":"Eruption","floor":6.0,"key":"SMITH"},{"data":"MentalFortress","floor":15,"key":"SMITH"}],"circlet_count":0,"master_deck":["Strike_P","Strike_P","Strike_P","Strike_P","Defend_P","Defend_P","Defend_P","Eruption+1","Vigilance","Blasphemy","Sanctity","MentalFortress+1","EmptyFist","Prostrate","Wallop"],"relics":["PureWater","Eternal Feather","Membership Card","Bottled Lightning","Prayer Wheel","TungstenRod"],"acts_visited":["Exordium"],"potions_floor_usage":[11,16,16],"damage_taken":[{"damage":0.0,"enemies":"Cultist","floor":1.0,"turns":2.0},{"damage":0.0,"enemies":"Small Slimes","floor":5.0,"turns":3.0},{"damage":63.0,"enemies":"Gremlin Nob","floor":7.0,"turns":4.0},{"damage":0,"enemies":"Jaw Worm","floor":10,"turns":3},{"damage":0,"enemies":"Gremlin Gang","floor":11,"turns":5},{"damage":0,"enemies":"Looter","floor":12,"turns":3},{"damage":28,"enemies":"Hexaghost","floor":16,"turns":14}],"seed_played":"-4267807349900326745","potions_obtained":[{"floor":1.0,"key":"LiquidBronze"},{"floor":7,"key":"GamblersBrew"},{"floor":10,"key":"BottledMiracle"}],"is_trial":false,"path_per_floor":["M","T","$","?","M","R","E","?","T","M","M","M","?","$","R","B"],"character_chosen":"WATCHER","items_purchased":["Membership Card","TungstenRod"],"campfire_rested":0,"item_purchase_floors":[3,14],"current_hp_per_floor":[65,65,65,58,58,64,1,1,1,1,1,1,19,19,28,0,0],"gold":5,"neow_bonus":"ONE_RANDOM_RARE_CARD","is_daily":false,"chose_seed":false,"campfire_upgraded":2,"win_rate":0.0,"timestamp":1610187545,"path_taken":["M","?","$","?","M","R","E","?","T","M","?","M","?","$","R","BOSS"],"items_purchased_type":["Relic","Relic"],"build_version":"2020-12-22","purchased_purges":1,"victory":false,"max_hp_per_floor":[72,72,72,72,72,72,72,72,72,72,72,72,72,69,69,69,69],"card_choices":[{"not_picked":["FlyingSleeves","Evaluate"],"picked":"Sanctity","floor":1.0},{"not_picked":["Worship","BowlingBash"],"picked":"MentalFortress","floor":5.0},{"not_picked":["DeceiveReality","ClearTheMind"],"picked":"EmptyFist","floor":7},{"not_picked":["FlyingSleeves","Wireheading"],"picked":"Prostrate","floor":10},{"not_picked":["PathToVictory","FlurryOfBlows","Conclude"],"picked":"SKIP","floor":10},{"not_picked":["EmptyBody","DeceiveReality"],"picked":"Wallop","floor":11},{"not_picked":["Protect","Alpha","FlyingSleeves"],"picked":"SKIP","floor":11},{"not_picked":["Evaluate","Tantrum","WindmillStrike"],"picked":"SKIP","floor":12},{"not_picked":["Consecrate","Protect","CarveReality"],"picked":"SKIP","floor":12}],"player_experience":208997,"relics_obtained":[{"floor":2.0,"key":"Eternal Feather"},{"floor":7,"key":"Bottled Lightning"},{"floor":9,"key":"Prayer Wheel"}],"event_choices":[{"cards_removed":["Defend_P"],"damage_healed":0.0,"max_hp_gain":0.0,"max_hp_loss":0.0,"gold_gain":0.0,"event_name":"Golden Wing","player_choice":"Card Removal","floor":4.0,"gold_loss":0.0,"damage_taken":7.0},{"damage_healed":0,"gold_gain":100,"player_choice":"Gold","damage_taken":0,"max_hp_gain":0,"max_hp_loss":0,"event_name":"Wheel of Change","floor":8,"gold_loss":0},{"damage_healed":18,"gold_gain":0,"player_choice":"Healed and dodged fight","damage_taken":0,"max_hp_gain":0,"max_hp_loss":0,"event_name":"Mushrooms","floor":13,"gold_loss":0,"cards_obtained":["Parasite"]}],"is_beta":false,"boss_relics":[],"items_purged_floors":[14],"is_endless":false,"potions_floor_spawned":[1,7,10],"killed_by":"Hexaghost","ascension_level":8}}