{"host":"t7mx8yfj1no5p62f","time":1610208672,"event":{"mods":["BaseMod","Colored Map","Colored Powertips","Minty Spire (QoL Compilation)","Relic Stats","StSLib"],"gold_per_floor":[112,112,112,16,36,36,68,79,79,93,107,107,124,136,136,214,214,226,151,167,181,201,201,201,201],"floor_reached":24,"playtime":769,"items_purged":[],"score":454,"play_id":"19a75eeb-783f-469c-bc6f-934f4f8de122","local_time":"20210109111112","is_ascension_mode":true,"campfire_choices":[{"data":"Dagger Spray","floor":6.0,"key":"SMITH"},{"data":"Caltrops","floor":12.0,"key":"SMITH"},{"data":"Cloak And Dagger","floor":15,"key":"SMITH"},{"data":"Glass Knife","floor":23,"key":"SMITH"}],"circlet_count":0,"master_deck":["AscendersBane","Strike_G","Strike_G","Strike_G","Defend_G","Defend_G","Defend_G","Defend_G","Defend_G","Survivor","Neutralize","Backstab+1","Dagger Spray+1","Footwork","Cloak And Dagger+1","PiercingWail","Caltrops+1","Adrenaline","Poisoned Stab","Corpse Explosion","Dash+1","Masterful Stab","Glass Knife+1","PiercingWail+1","PiercingWail"],"relics":["Ring of the Snake","NeowsBlessing","Eternal Feather","Shuriken","Runic Pyramid"],"acts_visited":["Exordium","TheCity"],"potions_floor_usage":[16],"damage_taken":[{"damage":0.0,"enemies":"Small Slimes","floor":1.0,"turns":1.0},{"damage":0.0,"enemies":"2 Louse","floor":5.0,"turns":1.0},{"damage":0.0,"enemies":"3 Sentries","floor":7.0,"turns":1.0},{"damage":0.0,"enemies":"Jaw Worm","floor":8.0,"turns":4.0},{"damage":12.0,"enemies":"Red Slaver","floor":10.0,"turns":4.0},{"damage":2.0,"enemies":"Blue Slaver","floor":11.0,"turns":3.0},{"damage":0,"enemies":"Exordium Wildlife","floor":13,"turns":1},{"damage":9,"enemies":"Exordium Thugs","floor":14,"turns":4},{"damage":49,"enemies":"Hexaghost","floor":16,"turns":11},{"damage":13,"enemies":"Shell Parasite","floor":18,"turns":8},{"damage":8,"enemies":"2 Thieves","floor":20,"turns":4},{"damage":20,"enemies":"Shelled Parasite and Fungi","floor":21,"turns":6},{"damage":3,"enemies":"Cultist and Chosen","floor":22,"turns":6},{"damage":33,"enemies":"Snecko","floor":24,"turns":8}],"seed_played":"1857107549676270078","potions_obtained":[{"floor":7.0,"key":"Dexterity Potion"},{"floor":11.0,"key":"FearPotion"},{"floor":18,"key":"SteroidPotion"},{"floor":20,"key":"CultistPotion"}],"is_trial":false,"path_per_floor":["M","?","?","$","M","R","E","M","T","M","M","R","M","M","R","B",null,"M","?","M","M","M","R","M"],"character_chosen":"THE_SILENT","items_purchased":["Dagger Spray","Footwork"],"campfire_rested":0,"item_purchase_floors":[4,4],"current_hp_per_floor":[59,59,64,64,64,64,64,64,64,52,50,59,59,50,62,13,57,44,44,36,16,13,28,0,0],"gold":201,"neow_bonus":"THREE_ENEMY_KILL","is_daily":false,"chose_seed":false,"campfire_upgraded":4,"win_rate":0.0,"timestamp":1610208672,"path_taken":["M","?","?","$","M","R","E","M","T","M","M","R","M","M","R","BOSS","M","?","M","?","M","R","M"],"items_purchased_type":["Card","Card"],"build_version":"2020-12-22","purchased_purges":0,"victory":false,"max_hp_per_floor":[66,66,71,71,71,71,71,71,71,71,71,71,71,71,71,71,71,71,71,71,71,71,71,71,71],"relic_stats":{"counters":[14,62],"Shuriken":[19],"Eternal Feather":36,"obtain_stats":[{"NeowsBlessing":0,"Shuriken":9,"Eternal Feather":7,"Ring of the Snake":0,"Runic Pyramid":17},{"NeowsBlessing":0,"Shuriken":4,"Eternal Feather":3,"Ring of the Snake":0,"Runic Pyramid":9},{"NeowsBlessing":0,"Shuriken":7,"Eternal Feather":3,"Ring of the Snake":0,"Runic Pyramid":30}],"Ring of the Snake":[28]},"card_choices":[{"not_picked":["Bane","Underhanded Strike"],"picked":"Backstab","floor":1.0},{"not_picked":["Eviscerate","Flechettes"],"picked":"Cloak And Dagger","floor":5.0},{"not_picked":["Bane","Cloak And Dagger"],"picked":"PiercingWail","floor":7.0},{"not_picked":["Backstab","Blade Dance"],"picked":"Caltrops","floor":8.0},{"not_picked":["Dodge and Roll","Flechettes","Calculated Gamble"],"picked":"SKIP","floor":10.0},{"not_picked":["Reflex","Caltrops","Deflect"],"picked":"SKIP","floor":11.0},{"not_picked":["Quick Slash","Poisoned Stab"],"picked":"Adrenaline","floor":13},{"not_picked":["All Out Attack","Bane"],"picked":"Poisoned Stab","floor":14},{"not_picked":["Die Die Die","Envenom"],"picked":"Corpse Explosion","floor":16},{"not_picked":["Choke","Caltrops"],"picked":"Dash+1","floor":18},{"not_picked":["Poisoned Stab","Bouncing Flask"],"picked":"PiercingWail+1","floor":20},{"not_picked":["Flying Knee","Bane"],"picked":"PiercingWail","floor":21},{"not_picked":["Slice","Dodge and Roll","Prepared"],"picked":"SKIP","floor":22}],"player_experience":1693772,"relics_obtained":[{"floor":7.0,"key":"Eternal Feather"},{"floor":9.0,"key":"Shuriken"}],"event_choices":[{"damage_healed":0.0,"max_hp_gain":0.0,"max_hp_loss":0.0,"gold_gain":0.0,"event_name":"Living Wall","player_choice":"Grow","floor":2.0,"gold_loss":0.0,"damage_taken":0.0,"cards_upgraded":["Backstab"]},{"damage_healed":0.0,"max_hp_gain":5.0,"max_hp_loss":0.0,"gold_gain":0.0,"event_name":"Big Fish","player_choice":"Donut","floor":3.0,"gold_loss":0.0,"damage_taken":0.0},{"damage_healed":0,"gold_gain":0,"cards_transformed":["Strike_G","Strike_G"],"player_choice":"Transformed Cards","damage_taken":0,"max_hp_gain":0,"max_hp_loss":0,"event_name":"Designer","floor":19,"gold_loss":75,"cards_obtained":["Masterful Stab","Glass Knife"]}],"is_beta":false,"boss_relics":[{"not_picked":["HoveringKite","WristBlade"],"picked":"Runic Pyramid"}],"items_purged_floors":[],"is_endless":false,"potions_floor_spawned":[7,11,14,18,20],"killed_by":"Snecko","ascension_level":20}}