{"host":"lww1aq5xm6g9guev","time":1610207637,"event":{"mods":["Act Like it!","BaseMod","Conspire","Minty Spire (QoL Compilation)","Rare Cards Sparkle","Replay The Spire","StSLib","UnlockEverythingMod","vexMod"],"gold_per_floor":[118,222,241,211,211,211,231,263,263,263,290,94,44,44,78,78,78,174,174,188,188,128,76,88,88,88,88],"floor_reached":26,"playtime":912,"items_purged":["Defend_P"],"score":341,"play_id":"8b926df6-fdc2-4770-8405-6bcfd8484d13","local_time":"20210109235357","is_ascension_mode":true,"campfire_choices":[{"data":"Crescendo","floor":9,"key":"SMITH"},{"data":"ClearTheMind","floor":17,"key":"SMITH"},{"floor":25,"key":"REST"}],"circlet_count":0,"master_deck":["Strike_P","Strike_P","Defend_P+1","Defend_P","Eruption+1","Vigilance","Evaluate","ClearTheMind+1","Crescendo+1","LessonLearned","Halt","Replay:Battleflow+1","JustLucky","Conclude","DevaForm","Brilliance+1","Replay:AtTheReady+1","Devotion","EmptyBody+1"],"relics":["PureWater","NeowsBlessing","Bag of Preparation","Toxic Egg 2","Empty Cage"],"acts_visited":["Exordium","TheCity"],"potions_floor_usage":[8,24,24],"damage_taken":[{"damage":0,"enemies":"conspire:RoseBush","floor":1,"turns":1},{"damage":0,"enemies":"Small Slimes","floor":3,"turns":2},{"damage":0,"enemies":"2 Louse","floor":7,"turns":1},{"damage":17,"enemies":"Replay:BlueRogue","floor":8,"turns":7},{"damage":0,"enemies":"3 Sentries","floor":15,"turns":4},{"damage":28,"enemies":"Slime Boss","floor":18,"turns":7},{"damage":12,"enemies":"Chosen","floor":20,"turns":6},{"damage":29,"enemies":"3 Byrds","floor":24,"turns":4},{"damage":0,"enemies":"Snake Plant","floor":26,"turns":1}],"seed_played":"-5522156234567779122","potions_obtained":[{"floor":4,"key":"BottledMiracle"},{"floor":4,"key":"Reflective Coating"},{"floor":7,"key":"AttackPotion"},{"floor":8,"key":"BottledMiracle"}],"is_trial":false,"path_per_floor":["M","?","M","?","PTL","PTL","M","E","R","?","T","$","?","$","E","?","R","B",null,"M","?","?","$","M","R","M"],"character_chosen":"WATCHER","items_purchased":["Brilliance+1","EmptyBody+1"],"campfire_rested":1,"item_purchase_floors":[12,23],"current_hp_per_floor":[65,65,65,65,65,65,65,48,48,48,48,48,48,48,48,53,53,25,64,52,38,38,38,9,33,33,33],"gold":88,"neow_bonus":"THREE_ENEMY_KILL","is_daily":false,"chose_seed":false,"campfire_upgraded":2,"win_rate":0.0,"timestamp":1610207637,"path_taken":["M","?","M","?","PTL","PTL","?","E","R","?","T","?","?","$","E","?","R","BOSS","M","?","?","$","M","R","M"],"items_purchased_type":["Card","Card"],"build_version":"2020-12-22","purchased_purges":1,"victory":false,"max_hp_per_floor":[72,72,72,72,72,72,72,72,72,72,72,72,72,72,72,77,77,77,77,77,82,82,82,82,82,82,82],"card_choices":[{"not_picked":["CrushJoints","LikeWater"],"picked":"Evaluate","floor":1},{"not_picked":["Replay:ManipulateFuture","CrushJoints"],"picked":"ClearTheMind","floor":2},{"not_picked":["FollowUp","CrushJoints"],"picked":"Crescendo","floor":2},{"not_picked":["Replay:BluntJabs","ClearTheMind"],"picked":"LessonLearned","floor":2},{"not_picked":["ClearTheMind","Replay:DivineShield"],"picked":"Halt","floor":3},{"not_picked":["ClearTheMind","Crescendo"],"picked":"Replay:Battleflow","floor":7},{"not_picked":["ThirdEye","Replay:AtTheReady"],"picked":"JustLucky","floor":8},{"not_picked":["FearNoEvil","ForeignInfluence+1"],"picked":"Replay:AtTheReady+1","floor":15},{"not_picked":["Ragnarok","Brilliance"],"picked":"Devotion","floor":18},{"not_picked":["BowlingBash","WaveOfTheHand+1","CrushJoints"],"picked":"SKIP","floor":20},{"not_picked":["FlyingSleeves","EmptyBody+1","JustLucky"],"picked":"SKIP","floor":24}],"player_experience":95991,"relics_obtained":[{"floor":8,"key":"Bag of Preparation"},{"floor":15,"key":"Toxic Egg 2"}],"event_choices":[{"damage_healed":0,"gold_gain":0,"player_choice":"Bought 2 Potions","damage_taken":0,"max_hp_gain":0,"max_hp_loss":0,"event_name":"The Woman in Blue","floor":4,"gold_loss":0},{"damage_healed":0,"gold_gain":0,"player_choice":"2 cards matched","damage_taken":0,"max_hp_gain":0,"max_hp_loss":0,"event_name":"Match and Keep!","floor":10,"gold_loss":0,"cards_obtained":["Conclude","DevaForm"]},{"cards_removed":["Strike_P"],"damage_healed":0,"gold_gain":0,"player_choice":"Card Removal","damage_taken":0,"max_hp_gain":0,"max_hp_loss":0,"event_name":"The Cleric","floor":13,"gold_loss":50},{"damage_healed":0,"gold_gain":0,"player_choice":"Donut","damage_taken":0,"max_hp_gain":5,"max_hp_loss":0,"event_name":"Big Fish","floor":16,"gold_loss":0},{"damage_healed":0,"gold_gain":0,"player_choice":"Shed Blood","damage_taken":19,"max_hp_gain":5,"max_hp_loss":0,"event_name":"Forgotten Altar","floor":21,"gold_loss":0}],"is_beta":false,"boss_relics":[{"not_picked":["Busted Crown","vexMod:NewClearReactor"],"picked":"Empty Cage"}],"items_purged_floors":[12],"is_endless":false,"potions_floor_spawned":[7,8],"killed_by":"Snake Plant","ascension_level":9}}