{"host":"d61fcf2p3sjwe6yo","time":1610224072,"event":{"mods":["AchievementEnabler","BaseMod","Colored Map","Minty Spire (QoL Compilation)","StSLib","SuperFastMode"],"gold_per_floor":[109,109,109,126,51,51,70,70,70,96,109,127,144,164,164,266,266,284,310,320,320,320,320,333,347,347,364,382,382,282,294,294,394,394,410,632,682,698,713,713,733,733,733,758,776,776,776],"floor_reached":46,"playtime":1638,"items_purged":["Strike_B","Strike_B"],"score":689,"play_id":"debb86a0-3b13-4f61-acb3-20b3bd7950d0","local_time":"20210109232752","is_ascension_mode":true,"campfire_choices":[{"data":"Zap","floor":6.0,"key":"SMITH"},{"data":"Dualcast","floor":8.0,"key":"SMITH"},{"floor":15.0,"key":"REST"},{"data":"Loop","floor":23.0,"key":"SMITH"},{"floor":29.0,"key":"REST"},{"floor":32.0,"key":"REST"},{"floor":40.0,"key":"REST"},{"data":"Capacitor","floor":42.0,"key":"SMITH"}],"circlet_count":0,"master_deck":["Strike_B","Defend_B","Defend_B","Defend_B","Defend_B","Zap+1","Dualcast+1","Cold Snap","Undo","Loop+1","Biased Cognition","Capacitor","Self Repair","Ball Lightning","Echo Form","Core Surge","Coolheaded+1","Defragment+1","Glacier+1","Capacitor+1"],"relics":["Cracked Core","Cables","Gremlin Horn","Question Card","Sozu","Red Mask","Mercury Hourglass","Black Star","Mango","PreservedInsect","MealTicket"],"acts_visited":["Exordium","TheCity","TheBeyond"],"potions_floor_usage":[],"damage_taken":[{"damage":2.0,"enemies":"Jaw Worm","floor":1.0,"turns":3.0},{"damage":1.0,"enemies":"Cultist","floor":4.0,"turns":3.0},{"damage":7.0,"enemies":"Small Slimes","floor":7.0,"turns":3.0},{"damage":28.0,"enemies":"Gremlin Nob","floor":10.0,"turns":4.0},{"damage":4.0,"enemies":"Blue Slaver","floor":11.0,"turns":3.0},{"damage":5.0,"enemies":"3 Louse","floor":12.0,"turns":2.0},{"damage":0.0,"enemies":"Large Slime","floor":13.0,"turns":5.0},{"damage":0.0,"enemies":"2 Fungi Beasts","floor":14.0,"turns":3.0},{"damage":24.0,"enemies":"The Guardian","floor":16.0,"turns":16.0},{"damage":9.0,"enemies":"Shell Parasite","floor":18.0,"turns":5.0},{"damage":28.0,"enemies":"Masked Bandits","floor":19.0,"turns":4.0},{"damage":6.0,"enemies":"Spheric Guardian","floor":20.0,"turns":4.0},{"damage":15.0,"enemies":"Centurion and Healer","floor":24.0,"turns":9.0},{"damage":2.0,"enemies":"Snake Plant","floor":25.0,"turns":5.0},{"damage":0.0,"enemies":"Snecko","floor":27.0,"turns":6.0},{"damage":20.0,"enemies":"Shelled Parasite and Fungi","floor":28.0,"turns":4.0},{"damage":16.0,"enemies":"Snake Plant","floor":31.0,"turns":4.0},{"damage":9.0,"enemies":"Automaton","floor":33.0,"turns":8.0},{"damage":1.0,"enemies":"3 Shapes","floor":35.0,"turns":3.0},{"damage":18.0,"enemies":"Mind Bloom Boss Battle","floor":37.0,"turns":6.0},{"damage":11.0,"enemies":"Orb Walker","floor":38.0,"turns":3.0},{"damage":41.0,"enemies":"Writhing Mass","floor":39.0,"turns":7.0},{"damage":0.0,"enemies":"4 Shapes","floor":41.0,"turns":5.0},{"damage":4.0,"enemies":"Giant Head","floor":44.0,"turns":11.0},{"damage":45.0,"enemies":"Jaw Worm Horde","floor":45.0,"turns":7.0},{"damage":39,"enemies":"3 Darklings","floor":46,"turns":2}],"seed_played":"-828237676047976690","potions_obtained":[{"floor":12.0,"key":"Explosive Potion"},{"floor":13.0,"key":"SpeedPotion"},{"floor":14.0,"key":"SteroidPotion"},{"floor":16.0,"key":"DistilledChaos"}],"is_trial":false,"path_per_floor":["M","?","?","M","$","R","M","R","T","E","M","M","M","M","R","B",null,"M","?","M","?","?","R","M","M","T","M","M","R","$","M","R","B",null,"M","?","?","M","M","R","M","R","T","E","M","M"],"character_chosen":"DEFECT","items_purchased":[],"campfire_rested":4,"item_purchase_floors":[],"current_hp_per_floor":[73,78,66,65,65,65,58,58,58,30,26,21,21,21,47,23,71,62,34,28,28,28,28,20,25,25,32,19,45,45,29,55,53,79,78,78,81,70,43,73,73,73,73,76,31,0,0],"gold":776,"neow_bonus":"TEN_PERCENT_HP_BONUS","is_daily":false,"chose_seed":false,"campfire_upgraded":4,"win_rate":0.0,"timestamp":1610224072,"path_taken":["M","?","?","M","?","R","M","R","T","E","M","M","?","M","R","BOSS","M","?","M","?","?","R","M","M","T","M","M","R","$","M","R","BOSS","M","?","?","M","M","R","M","R","T","E","M","M"],"items_purchased_type":[],"build_version":"2020-12-22","purchased_purges":2,"victory":false,"max_hp_per_floor":[82,87,87,87,87,87,87,87,87,87,87,87,87,87,87,87,87,87,87,87,87,87,87,87,87,87,87,87,87,87,87,87,87,87,87,87,101,101,101,101,101,101,101,101,101,101,101],"card_choices":[{"not_picked":["Barrage","Beam Cell","Hologram"],"picked":"SKIP","floor":1.0},{"not_picked":["Rip and Tear","BootSequence","Gash"],"picked":"SKIP","floor":4.0},{"not_picked":["Go for the Eyes","Leap"],"picked":"Cold Snap","floor":7.0},{"not_picked":["Beam Cell","Creative AI","Hello World"],"picked":"SKIP","floor":10.0},{"not_picked":["Leap","Beam Cell","Barrage","Go for the Eyes"],"picked":"SKIP","floor":11.0},{"not_picked":["Leap","Reinforced Body","Streamline"],"picked":"Undo","floor":12.0},{"not_picked":["Cold Snap","Consume","Aggregate","Turbo"],"picked":"SKIP","floor":13.0},{"not_picked":["Recycle","Cold Snap","Blizzard"],"picked":"Loop","floor":14.0},{"not_picked":["Rainbow","Thunder Strike","Hyperbeam"],"picked":"Biased Cognition","floor":16.0},{"not_picked":["Steam+1","Compile Driver","Hello World"],"picked":"Capacitor","floor":18.0},{"not_picked":["Melter+1","Turbo","Redo+1","Steam+1"],"picked":"SKIP","floor":20.0},{"not_picked":["Chaos","Rebound","Fusion+1","Beam Cell"],"picked":"SKIP","floor":24.0},{"not_picked":["Blizzard","Steam","Sweeping Beam+1","BootSequence"],"picked":"SKIP","floor":25.0},{"not_picked":["Force Field+1","Streamline","Compile Driver+1"],"picked":"Ball Lightning","floor":27.0},{"not_picked":["Beam Cell","Ball Lightning","Lockon"],"picked":"Echo Form","floor":28.0},{"not_picked":["Go for the Eyes+1","Gash+1","Ball Lightning+1","Storm"],"picked":"SKIP","floor":31.0},{"not_picked":["Reboot","Buffer","Electrodynamics"],"picked":"Core Surge","floor":33.0},{"not_picked":["BootSequence+1","Doom and Gloom","Leap+1"],"picked":"Coolheaded+1","floor":35.0},{"not_picked":["Ball Lightning","Stack","Turbo"],"picked":"Defragment+1","floor":37.0},{"not_picked":["Ball Lightning","Sweeping Beam","Beam Cell+1","Blizzard+1"],"picked":"SKIP","floor":38.0},{"not_picked":["Hologram+1","Compile Driver+1","Lockon+1"],"picked":"Glacier+1","floor":39.0},{"not_picked":["Cold Snap+1","Storm","Auto Shields+1"],"picked":"Capacitor","floor":41.0},{"not_picked":["Cold Snap","Undo","Coolheaded","Reinforced Body"],"picked":"SKIP","floor":44.0},{"not_picked":["Chill","Consume+1","Go for the Eyes","Barrage+1"],"picked":"SKIP","floor":45.0}],"player_experience":165985,"relics_obtained":[{"floor":9.0,"key":"Gremlin Horn"},{"floor":10.0,"key":"Question Card"},{"floor":19.0,"key":"Red Mask"},{"floor":26.0,"key":"Mercury Hourglass"},{"floor":37.0,"key":"Mango"},{"floor":44.0,"key":"PreservedInsect"},{"floor":44.0,"key":"MealTicket"}],"event_choices":[{"damage_healed":0.0,"max_hp_gain":5.0,"max_hp_loss":0.0,"gold_gain":0.0,"event_name":"Big Fish","player_choice":"Donut","floor":2.0,"gold_loss":0.0,"damage_taken":0.0},{"damage_healed":0.0,"max_hp_gain":0.0,"max_hp_loss":0.0,"gold_gain":0.0,"event_name":"Scrap Ooze","player_choice":"Success","floor":3.0,"gold_loss":0.0,"damage_taken":12.0,"relics_obtained":["Cables"]},{"damage_healed":0.0,"max_hp_gain":0.0,"max_hp_loss":0.0,"gold_gain":0.0,"event_name":"Masked Bandits","player_choice":"Fought Bandits","floor":19.0,"gold_loss":0.0,"damage_taken":0.0},{"damage_healed":0.0,"max_hp_gain":0.0,"max_hp_loss":0.0,"gold_gain":0.0,"event_name":"The Library","player_choice":"Read","floor":21.0,"gold_loss":0.0,"damage_taken":0.0,"cards_obtained":["Self Repair"]},{"cards_removed":["Strike_B"],"damage_healed":0.0,"max_hp_gain":0.0,"max_hp_loss":0.0,"gold_gain":0.0,"event_name":"Back to Basics","player_choice":"Elegance","floor":22.0,"gold_loss":0.0,"damage_taken":0.0},{"damage_healed":0.0,"max_hp_gain":0.0,"max_hp_loss":0.0,"gold_gain":222.0,"event_name":"Tomb of Lord Red Mask","player_choice":"Wore Mask","floor":36.0,"gold_loss":0.0,"damage_taken":0.0},{"damage_healed":0.0,"max_hp_gain":0.0,"max_hp_loss":0.0,"gold_gain":0.0,"event_name":"MindBloom","player_choice":"Fight","floor":37.0,"gold_loss":0.0,"damage_taken":0.0}],"is_beta":false,"boss_relics":[{"not_picked":["Busted Crown","Philosopher\u0027s Stone"],"picked":"Sozu"},{"not_picked":["SacredBark","Runic Dome"],"picked":"Black Star"}],"items_purged_floors":[5,30],"is_endless":false,"potions_floor_spawned":[12,13,14,16,25,27,28,33,37,44,45],"killed_by":"3 Darklings","ascension_level":9}}