{"host":"54vghy6hfkyy1r39","time":1610164031,"event":{"mods":["AchievementEnabler","BaseMod","Minty Spire (QoL Compilation)","StSLib","SuperFastMode","everything is the same but u backflip on backflip"],"gold_per_floor":[110,110,129,129,154,154,193,268,292,292,242,265,265,265,43,43,172,172,196,216,141,17,26,26,60,60,69,85,85,85,85,85],"floor_reached":31,"playtime":865,"items_purged":["Strike_P","Defend_P"],"score":230,"play_id":"b4c1722e-9193-4689-858f-36b3bf9feae0","local_time":"20210109124711","is_ascension_mode":false,"campfire_choices":[{"floor":6,"key":"REST"},{"floor":10,"key":"REST"},{"floor":14,"key":"REST"},{"data":"Eruption","floor":16,"key":"SMITH"},{"data":"Crescendo","floor":24,"key":"SMITH"},{"floor":30,"key":"REST"}],"circlet_count":0,"master_deck":["Strike_P","Defend_P+1","Defend_P+1","Defend_P","Eruption+1","Vigilance","Finesse","Sanctity","TalkToTheHand","EmptyFist","Scrawl","EmptyBody","Crescendo+1","Halt+1","Injury"],"relics":["PureWater","Golden Idol","Akabeko","OrangePellets","Cursed Key","CeramicFish","Spirit Poop","TeardropLocket","Incense Burner"],"acts_visited":["Exordium","TheCity"],"potions_floor_usage":[17,20,25],"damage_taken":[{"damage":0,"enemies":"Cultist","floor":1,"turns":3},{"damage":4,"enemies":"2 Louse","floor":3,"turns":3},{"damage":0,"enemies":"Small Slimes","floor":5,"turns":2},{"damage":32,"enemies":"Gremlin Nob","floor":7,"turns":5},{"damage":0,"enemies":"2 Fungi Beasts","floor":12,"turns":4},{"damage":23,"enemies":"The Guardian","floor":17,"turns":15},{"damage":2,"enemies":"2 Thieves","floor":19,"turns":3},{"damage":0,"enemies":"Spheric Guardian","floor":20,"turns":3},{"damage":37,"enemies":"3 Cultists","floor":25,"turns":9},{"damage":0,"enemies":"Snake Plant","floor":28,"turns":4},{"damage":60,"enemies":"Cultist and Chosen","floor":31,"turns":16}],"seed_played":"7984362657542135497","potions_obtained":[{"floor":1,"key":"DistilledChaos"},{"floor":7,"key":"Weak Potion"},{"floor":12,"key":"CultistPotion"},{"floor":17,"key":"LiquidMemories"}],"is_trial":false,"path_per_floor":["M","?","M","?","M","R","E","?","T","R","?","M","?","R","$","R","B",null,"M","M","?","$","?","R","M","?","T","M","?","R","M"],"character_chosen":"WATCHER","items_purchased":["OrangePellets","Crescendo"],"campfire_rested":4,"item_purchase_floors":[15,22],"current_hp_per_floor":[72,54,50,36,36,57,25,14,14,35,35,35,35,56,56,56,33,72,70,70,70,70,70,70,33,33,33,33,33,54,0,0],"gold":85,"neow_bonus":"RANDOM_COLORLESS","is_daily":false,"chose_seed":false,"campfire_upgraded":2,"win_rate":0.0,"timestamp":1610164031,"path_taken":["M","?","M","?","M","R","E","?","T","R","?","?","?","R","$","R","BOSS","M","M","?","$","?","R","M","?","T","?","?","R","M"],"items_purchased_type":["Relic","Card"],"build_version":"2020-12-22","purchased_purges":2,"victory":false,"max_hp_per_floor":[72,72,72,72,72,72,72,72,72,72,72,72,72,72,72,72,72,72,72,72,72,72,72,72,72,72,72,72,72,72,72,72],"card_choices":[{"not_picked":["Swift Strike","Discovery"],"picked":"Finesse","floor":0},{"not_picked":["Fasting2","EmptyFist"],"picked":"Sanctity","floor":1},{"not_picked":["CutThroughFate","FlyingSleeves","EmptyFist"],"picked":"SKIP","floor":3},{"not_picked":["CarveReality","FlyingSleeves"],"picked":"TalkToTheHand","floor":5},{"not_picked":["Consecrate","ForeignInfluence","Blasphemy"],"picked":"SKIP","floor":7},{"not_picked":["PathToVictory","Evaluate"],"picked":"EmptyFist","floor":12},{"not_picked":["Brilliance","Blasphemy"],"picked":"Scrawl","floor":17},{"not_picked":["Consecrate","Prostrate"],"picked":"EmptyBody","floor":19},{"not_picked":["Weave","SashWhip+1","LikeWater"],"picked":"SKIP","floor":20},{"not_picked":["Conclude","Weave"],"picked":"Halt+1","floor":25},{"not_picked":["Meditate","Alpha","Perseverance"],"picked":"SKIP","floor":28}],"player_experience":193804,"relics_obtained":[{"floor":7,"key":"Akabeko"},{"floor":27,"key":"TeardropLocket"}],"event_choices":[{"damage_healed":0,"gold_gain":0,"player_choice":"Take Damage","damage_taken":18,"relics_obtained":["Golden Idol"],"max_hp_gain":0,"max_hp_loss":0,"event_name":"Golden Idol","floor":2,"gold_loss":0},{"damage_healed":0,"gold_gain":0,"player_choice":"Entered Light","damage_taken":14,"max_hp_gain":0,"max_hp_loss":0,"event_name":"Shining Light","floor":4,"gold_loss":0,"cards_upgraded":["Defend_P","Defend_P"]},{"damage_healed":0,"gold_gain":75,"player_choice":"Gather Gold","damage_taken":11,"max_hp_gain":0,"max_hp_loss":0,"event_name":"World of Goop","floor":8,"gold_loss":0},{"cards_removed":["Strike_P"],"damage_healed":0,"gold_gain":0,"player_choice":"Card Removal","damage_taken":0,"max_hp_gain":0,"max_hp_loss":0,"event_name":"The Cleric","floor":11,"gold_loss":50},{"cards_removed":["Strike_P"],"damage_healed":0,"gold_gain":0,"player_choice":"Gave Gold","damage_taken":0,"max_hp_gain":0,"max_hp_loss":0,"event_name":"Beggar","floor":21,"gold_loss":75},{"damage_healed":0,"gold_gain":0,"player_choice":"Opened","damage_taken":0,"relics_obtained":["CeramicFish"],"max_hp_gain":0,"max_hp_loss":0,"event_name":"The Mausoleum","floor":23,"gold_loss":0,"cards_obtained":["Writhe"]},{"cards_removed":["Writhe"],"damage_healed":0,"gold_gain":0,"player_choice":"Offered Curse","damage_taken":0,"relics_obtained":["Spirit Poop"],"max_hp_gain":0,"max_hp_loss":0,"event_name":"Bonfire Elementals","floor":26,"gold_loss":0},{"damage_healed":0,"gold_gain":0,"player_choice":"Gave Potion","damage_taken":0,"relics_obtained":["Incense Burner"],"max_hp_gain":0,"max_hp_loss":0,"event_name":"WeMeetAgain","floor":29,"gold_loss":0}],"is_beta":false,"boss_relics":[{"not_picked":["Ectoplasm","Busted Crown"],"picked":"Cursed Key"}],"items_purged_floors":[15,22],"is_endless":false,"potions_floor_spawned":[1,7,12,17,19],"killed_by":"Cultist and Chosen","ascension_level":0}}