{"host":"qhn6g0owdgjb77rz","time":1610199487,"event":{"mods":["BaseMod","BetterRewards","Colored Map","Minty Spire (QoL Compilation)","Relic Sorter","Replay The Spire","StSLib"],"gold_per_floor":[117,135,135,135,0,33,33,48,48,48,60,71,100,116,116,187,187,217,217,322,334,346,358,421,433,445,457,530,577,589,635,647,789,801,856,120,146,146,215,215,258,301,301,357,357,401,89,121,121,143,143,143,18,78,110,110],"floor_reached":55,"playtime":2347,"items_purged":["Strike_B","Defend_B","Strike_B+1"],"score":2040,"play_id":"a236d4fb-f83a-4a39-a712-7ba7eb35bdb8","local_time":"20210109223807","is_ascension_mode":true,"campfire_choices":[{"data":"Zap","floor":7.0,"key":"SMITH"},{"data":"Defend_B","floor":10.0,"key":"SMITH"},{"data":"Skim","floor":15.0,"key":"SMITH"},{"data":"Beam Cell","floor":23.0,"key":"SMITH"},{"data":"Hologram","floor":25.0,"key":"SMITH"},{"data":"Seek","floor":30.0,"key":"SMITH"},{"data":"Reboot","floor":32.0,"key":"SMITH"},{"data":"Skim","floor":40,"key":"SMITH"},{"floor":49,"key":"RECALL"},{"data":"Gash","floor":52,"key":"SMITH"}],"circlet_count":0,"master_deck":["AscendersBane","Strike_B+1","Defend_B+1","Defend_B","Zap+1","Beam Cell+1","ReplayGash+1","Scrape+1","Sunder+1","Steam","Gash+1","Skim+1","Fission","CurseOfTheBell","Hologram+1","Beam Cell+1","Reboot+1","Skim+1","Seek+1","Steam","Gash","Discovery+1","Hallucinations","White Noise+1","Gash"],"relics":["Cracked Core","ReplayTheSpireMod:EnergyBall","Du-Vu Doll","PreservedInsect","Guide Book","Whetstone","ReplayTheSpireMod:Ninjato","Happy Flower","Calling Bell","Replay:Bandana","Matryoshka","Durian","ReplayTheSpireMod:TigerMarble","MawBank","MealTicket","Replay:Baseball","Iron Hammer","Orichalcum","Busted Crown","Bag of Preparation","Toxic Egg 2","Frozen Eye","Ring of Fury","ReplayTheSpireMod:Ring of Exchange","Calipers","Replay:Wax Seal","Eternal Feather","Pantograph"],"acts_visited":["Exordium","TheCity","TheBeyond","TheEnding"],"potions_floor_usage":[50,50],"damage_taken":[{"damage":0.0,"enemies":"Small Slimes","floor":1.0,"turns":2.0},{"damage":0.0,"enemies":"2 Louse","floor":2.0,"turns":2.0},{"damage":1.0,"enemies":"Replay:BlueRogue","floor":6.0,"turns":3.0},{"damage":0.0,"enemies":"Cultist","floor":8.0,"turns":2.0},{"damage":0.0,"enemies":"Large Slime","floor":11.0,"turns":2.0},{"damage":0.0,"enemies":"Blue Slaver","floor":12.0,"turns":1.0},{"damage":4.0,"enemies":"Lagavulin","floor":13.0,"turns":4.0},{"damage":11.0,"enemies":"Exordium Wildlife","floor":14.0,"turns":2.0},{"damage":24.0,"enemies":"The Guardian","floor":16.0,"turns":7.0},{"damage":0.0,"enemies":"Spheric Guardian","floor":18.0,"turns":2.0},{"damage":0.0,"enemies":"Book of Stabbing","floor":24.0,"turns":2.0},{"damage":0.0,"enemies":"Gremlin Leader","floor":28.0,"turns":4.0},{"damage":0.0,"enemies":"Chosen","floor":29.0,"turns":1.0},{"damage":0.0,"enemies":"Snecko","floor":31.0,"turns":1.0},{"damage":0.0,"enemies":"Automaton","floor":33.0,"turns":4.0},{"damage":0,"enemies":"3 Darklings","floor":35,"turns":1},{"damage":0,"enemies":"3 Shapes","floor":37,"turns":1},{"damage":0,"enemies":"2 Orb Walkers","floor":39,"turns":1},{"damage":0,"enemies":"Nemesis","floor":41,"turns":1},{"damage":0,"enemies":"Maw","floor":42,"turns":2},{"damage":0,"enemies":"R_Hoarder","floor":44,"turns":4},{"damage":23,"enemies":"Writhing Mass","floor":46,"turns":2},{"damage":0,"enemies":"Jaw Worm Horde","floor":48,"turns":1},{"damage":48,"enemies":"Time Eater","floor":50,"turns":6},{"damage":0,"enemies":"Shield and Spear","floor":54,"turns":2},{"damage":83,"enemies":"The Heart","floor":55,"turns":3}],"seed_played":"2627008540429516863","potions_obtained":[{"floor":2.0,"key":"Swift Potion"},{"floor":14.0,"key":"Dexterity Potion"},{"floor":16.0,"key":"FearPotion"},{"floor":33.0,"key":"Doom Potion"},{"floor":35,"key":"AttackPotion"}],"is_trial":false,"path_per_floor":["M","M","?","?","$","E","R","M","T","R","M","M","E","M","R","B",null,"M","?","?","$","?","R","E","R","T","$","E","M","R","M","R","B",null,"M","$","M","?","?","R","E","M","T","E","?","M","$","M","R","B",null,"R","$","E","B"],"character_chosen":"DEFECT","items_purchased":["Beam Cell+1","ReplayGash","PreservedInsect","Guide Book","SteroidPotion","Sunder+1","Bag of Preparation","Toxic Egg 2","Frozen Eye","Discovery+1","ReplayTheSpireMod:EnergyBall"],"campfire_rested":0,"item_purchase_floors":[0,0,0,0,0,5,36,36,36,36,47],"current_hp_per_floor":[64,64,57,53,53,52,52,52,52,52,52,52,48,37,37,13,62,62,40,14,14,14,14,14,14,14,29,29,29,29,29,29,29,68,68,81,81,81,81,81,81,81,81,81,81,58,73,73,81,33,69,81,81,81,0,0],"gold":110,"neow_bonus":"","is_daily":false,"chose_seed":false,"campfire_upgraded":9,"win_rate":0.0,"timestamp":1610199487,"path_taken":["M","M","?","?","$","E","R","M","T","R","M","?","E","M","R","BOSS","M","?","?","$","?","R","E","R","T","$","E","M","R","M","R","BOSS","M","$","M","?","?","R","E","M","T","E","?","M","$","M","R","BOSS","R","$","E","BOSS"],"items_purchased_type":["Card","Card","Relic","Relic","Potion","Card","Relic","Relic","Relic","Card","Relic"],"build_version":"2020-12-22","purchased_purges":3,"victory":false,"max_hp_per_floor":[71,71,71,71,71,71,71,71,71,71,71,71,71,71,71,71,76,76,81,81,81,81,81,81,81,81,81,81,81,81,81,81,81,81,81,81,81,81,81,81,81,81,81,81,81,81,81,81,81,81,81,81,81,81,81,81],"card_choices":[{"not_picked":["ReplaySolidLightProjector","Rebound"],"picked":"Scrape","floor":1.0},{"not_picked":["BootSequence","ReplayTheSpireMod:System Scan","Conserve Battery"],"picked":"SKIP","floor":2.0},{"not_picked":["Panic Button","Rainbow","BasicCrystalCard"],"picked":"SKIP","floor":6.0},{"not_picked":["Ball Lightning","Glacier","Compile Driver"],"picked":"SKIP","floor":8.0},{"not_picked":["Doom and Gloom","Turbo"],"picked":"Steam","floor":11.0},{"not_picked":["Static Discharge","Leap","Compile Driver"],"picked":"SKIP","floor":12.0},{"not_picked":["Lockon","Panic Button"],"picked":"Gash","floor":13.0},{"not_picked":["Meteor Strike","BasicCrystalCard"],"picked":"Skim","floor":14.0},{"not_picked":["Meteor Strike","Creative AI"],"picked":"Fission","floor":16.0},{"not_picked":["Streamline","Auto Shields","Conserve Battery"],"picked":"SKIP","floor":18.0},{"not_picked":["Double Energy","Chill"],"picked":"Hologram","floor":20.0},{"not_picked":["Stack","ReplayTheSpireMod:Calculation Training"],"picked":"Beam Cell","floor":20.0},{"not_picked":["Capacitor","Leap"],"picked":"Reboot","floor":20.0},{"not_picked":["Steam","Stack"],"picked":"Skim","floor":24.0},{"not_picked":["ReplayTheSpireMod:GoodbyeWorld","Redo"],"picked":"Seek","floor":28.0},{"not_picked":["Beam Cell","Streamline"],"picked":"Steam","floor":29.0},{"not_picked":["Ball Lightning","Sweeping Beam"],"picked":"Gash","floor":31.0},{"not_picked":["Turbo"],"picked":"SKIP","floor":35},{"not_picked":["BasicCrystalCard+1"],"picked":"SKIP","floor":37},{"not_picked":["Stack+1"],"picked":"SKIP","floor":41},{"not_picked":[],"picked":"White Noise+1","floor":42},{"not_picked":["Stack+1"],"picked":"SKIP","floor":44},{"not_picked":[],"picked":"Gash","floor":46},{"not_picked":["Reinforced Body+1"],"picked":"SKIP","floor":48},{"not_picked":["Static Discharge"],"picked":"SKIP","floor":54}],"player_experience":448700,"relics_obtained":[{"floor":6.0,"key":"Whetstone"},{"floor":9.0,"key":"ReplayTheSpireMod:Ninjato"},{"floor":13.0,"key":"Happy Flower"},{"floor":17.0,"key":"Replay:Bandana"},{"floor":17.0,"key":"Matryoshka"},{"floor":17.0,"key":"Durian"},{"floor":20.0,"key":"ReplayTheSpireMod:TigerMarble"},{"floor":20.0,"key":"MawBank"},{"floor":24.0,"key":"MealTicket"},{"floor":26.0,"key":"Replay:Baseball"},{"floor":26.0,"key":"Iron Hammer"},{"floor":28.0,"key":"Orichalcum"},{"floor":38,"key":"Ring of Fury"},{"floor":38,"key":"ReplayTheSpireMod:Ring of Exchange"},{"floor":39,"key":"Calipers"},{"floor":41,"key":"Replay:Wax Seal"},{"floor":44,"key":"Eternal Feather"},{"floor":54,"key":"Pantograph"}],"event_choices":[{"cards_removed":["Dualcast"],"damage_healed":0.0,"max_hp_gain":0.0,"max_hp_loss":0.0,"gold_gain":0.0,"event_name":"Golden Wing","player_choice":"Card Removal","floor":3.0,"gold_loss":0.0,"damage_taken":7.0},{"damage_healed":0.0,"max_hp_gain":0.0,"max_hp_loss":0.0,"gold_gain":0.0,"event_name":"The Woman in Blue","player_choice":"Bought 0 Potions","floor":4.0,"gold_loss":0.0,"damage_taken":0.0},{"damage_healed":0.0,"max_hp_gain":5.0,"max_hp_loss":0.0,"gold_gain":0.0,"event_name":"Forgotten Altar","player_choice":"Shed Blood","floor":19.0,"gold_loss":0.0,"damage_taken":27.0},{"cards_removed":["Strike_B"],"damage_healed":0.0,"max_hp_gain":0.0,"max_hp_loss":0.0,"gold_gain":0.0,"event_name":"Back to Basics","player_choice":"Elegance","floor":22.0,"gold_loss":0.0,"damage_taken":0.0},{"damage_healed":0,"gold_gain":0,"player_choice":"Fight","damage_taken":0,"max_hp_gain":0,"max_hp_loss":0,"event_name":"Mysterious Sphere","floor":39,"gold_loss":0},{"cards_removed":["Defend_B"],"damage_healed":0,"gold_gain":0,"player_choice":"Removed Skill","damage_taken":0,"max_hp_gain":0,"max_hp_loss":0,"event_name":"Falling","floor":45,"gold_loss":0}],"is_beta":false,"boss_relics":[{"not_picked":["SacredBark","Snecko Eye"],"picked":"Calling Bell"},{"not_picked":["Inserter","Cursed Key"],"picked":"Busted Crown"}],"items_purged_floors":[5,36,53],"is_endless":false,"potions_floor_spawned":[2,8,14,16,18,24,33,35,41,46],"killed_by":"The Heart","ascension_level":15}}