{"host":"qxeepl7ydvsgmfdb","time":1610170199,"event":{"mods":["AchievementEnabler","BaseMod","Colored Powertips","Minty Spire (QoL Compilation)","Quick Restart","slay the spire mod where everything is the same but ironclad has a cowboy hat"],"gold_per_floor":[114,128,128,46,46,75,75,87,136,151,186,201,201,219,219,322,322,333,333,48,61,79,110,110,10,10,10,21,21,37,37,37,142,142,152,152,152,152,167,195,195,195],"floor_reached":41,"playtime":1318,"items_purged":["Strike_G","Strike_G"],"score":451,"play_id":"666c01aa-b802-4a38-9c18-c28a9f9ca429","local_time":"20210109002959","is_ascension_mode":false,"campfire_choices":[{"floor":7.0,"key":"REST"},{"floor":13.0,"key":"REST"},{"floor":15.0,"key":"REST"},{"floor":24.0,"key":"REST"},{"floor":29.0,"key":"REST"},{"floor":32.0,"key":"REST"}],"circlet_count":0,"master_deck":["Strike_G+1","Defend_G+1","Defend_G+1","Defend_G","Survivor","Neutralize","A Thousand Cuts+1","Poisoned Stab","Backstab","Dagger Spray","Blade Dance","Blade Dance","Dagger Spray","Deflect","Blade Dance","After Image","CurseOfTheBell","Deadly Poison","Masterful Stab+1","Dagger Throw","Deadly Poison","Distraction+1","Deadly Poison+1"],"relics":["Ring of the Snake","War Paint","Dream Catcher","Juzu Bracelet","Calling Bell","Nunchaku","Gremlin Horn","Torii","GremlinMask","Orichalcum","PreservedInsect","Pantograph","Empty Cage","Darkstone Periapt"],"acts_visited":["Exordium","TheCity","TheBeyond"],"potions_floor_usage":[41,41],"damage_taken":[{"damage":4.0,"enemies":"Cultist","floor":1.0,"turns":4.0},{"damage":2.0,"enemies":"2 Louse","floor":2.0,"turns":3.0},{"damage":25.0,"enemies":"Lagavulin","floor":6.0,"turns":6.0},{"damage":3.0,"enemies":"Jaw Worm","floor":8.0,"turns":3.0},{"damage":8.0,"enemies":"Large Slime","floor":10.0,"turns":4.0},{"damage":10.0,"enemies":"3 Sentries","floor":11.0,"turns":4.0},{"damage":2.0,"enemies":"Exordium Thugs","floor":12.0,"turns":3.0},{"damage":0.0,"enemies":"3 Louse","floor":14.0,"turns":2.0},{"damage":63.0,"enemies":"Hexaghost","floor":16.0,"turns":10.0},{"damage":0.0,"enemies":"3 Byrds","floor":18.0,"turns":2.0},{"damage":11.0,"enemies":"Shell Parasite","floor":21.0,"turns":6.0},{"damage":17.0,"enemies":"Snake Plant","floor":22.0,"turns":6.0},{"damage":23.0,"enemies":"Gremlin Leader","floor":23.0,"turns":6.0},{"damage":11.0,"enemies":"Snecko","floor":28.0,"turns":5.0},{"damage":36.0,"enemies":"Shelled Parasite and Fungi","floor":30.0,"turns":5.0},{"damage":48.0,"enemies":"Collector","floor":33.0,"turns":7.0},{"damage":10.0,"enemies":"3 Darklings","floor":35.0,"turns":2.0},{"damage":39.0,"enemies":"Orb Walker","floor":39.0,"turns":5.0},{"damage":10.0,"enemies":"Reptomancer","floor":40.0,"turns":3.0},{"damage":18,"enemies":"Spire Growth","floor":41,"turns":4}],"seed_played":"6861530345630237449","potions_obtained":[{"floor":6.0,"key":"Energy Potion"},{"floor":8.0,"key":"SkillPotion"},{"floor":10.0,"key":"Dexterity Potion"},{"floor":16.0,"key":"Weak Potion"},{"floor":22.0,"key":"AttackPotion"},{"floor":30.0,"key":"Weak Potion"},{"floor":33.0,"key":"ColorlessPotion"},{"floor":40.0,"key":"Dexterity Potion"}],"is_trial":false,"path_per_floor":["M","M","?","$","?","E","R","M","T","M","E","M","R","M","R","B",null,"M","?","$","M","M","E","R","$","T","?","M","R","M","$","R","B",null,"M","?","?","?","M","E","M"],"character_chosen":"THE_SILENT","items_purchased":["Backstab","Dagger Spray","Deadly Poison","Orichalcum"],"campfire_rested":6,"item_purchase_floors":[4,4,20,20],"current_hp_per_floor":[66,64,64,64,50,25,46,43,43,35,25,23,44,44,65,2,70,70,70,70,59,42,19,40,40,40,40,29,50,14,14,35,12,70,60,60,60,60,21,11,0,0],"gold":195,"neow_bonus":"ONE_RANDOM_RARE_CARD","is_daily":false,"chose_seed":false,"campfire_upgraded":0,"win_rate":0.0,"timestamp":1610170199,"path_taken":["M","?","?","$","?","E","R","M","T","M","E","M","R","M","R","BOSS","M","?","$","M","M","E","R","?","T","?","M","R","M","?","R","BOSS","M","?","?","?","M","E","M"],"items_purchased_type":["Card","Card","Card","Relic"],"build_version":"2020-12-22","purchased_purges":2,"victory":false,"max_hp_per_floor":[70,70,70,70,70,70,70,70,70,70,70,70,70,70,70,70,70,70,70,70,70,70,70,70,70,70,70,70,70,70,70,70,70,70,70,70,70,66,66,66,66,66],"card_choices":[{"not_picked":["Backflip","Underhanded Strike"],"picked":"Poisoned Stab","floor":1.0},{"not_picked":["Distraction","Finisher","Accuracy"],"picked":"SKIP","floor":2.0},{"not_picked":["Finisher","Concentrate","Malaise"],"picked":"SKIP","floor":6.0},{"not_picked":["Quick Slash","Prepared"],"picked":"Blade Dance","floor":8.0},{"not_picked":["Endless Agony","Phantasmal Killer"],"picked":"Blade Dance","floor":10.0},{"not_picked":["Sucker Punch","Expertise"],"picked":"Dagger Spray","floor":11.0},{"not_picked":["Underhanded Strike","PiercingWail"],"picked":"Deflect","floor":12.0},{"not_picked":["Predator","Backflip"],"picked":"Blade Dance","floor":13.0},{"not_picked":["Flying Knee","Deflect","Tactician"],"picked":"SKIP","floor":14.0},{"not_picked":["Night Terror","Doppelganger"],"picked":"After Image","floor":16.0},{"not_picked":["Quick Slash","Expertise+1","Dagger Spray"],"picked":"SKIP","floor":18.0},{"not_picked":["Dodge and Roll","Cloak And Dagger"],"picked":"Masterful Stab+1","floor":21.0},{"not_picked":["All Out Attack","Dagger Spray"],"picked":"Dagger Throw","floor":22.0},{"not_picked":["Dagger Spray+1","Well Laid Plans","Dodge and Roll"],"picked":"SKIP","floor":23.0},{"not_picked":["Backflip","Infinite Blades"],"picked":"Deadly Poison","floor":28.0},{"not_picked":["Slice+1","Finisher"],"picked":"Distraction+1","floor":30.0},{"not_picked":["Backflip+1","Bouncing Flask+1","Outmaneuver+1"],"picked":"SKIP","floor":35.0},{"not_picked":["Well Laid Plans+1","Flying Knee+1","PiercingWail"],"picked":"SKIP","floor":39.0},{"not_picked":["Sucker Punch+1","Dash"],"picked":"Deadly Poison+1","floor":40.0}],"player_experience":152394,"relics_obtained":[{"floor":6.0,"key":"War Paint"},{"floor":9.0,"key":"Dream Catcher"},{"floor":11.0,"key":"Juzu Bracelet"},{"floor":17.0,"key":"Nunchaku"},{"floor":17.0,"key":"Gremlin Horn"},{"floor":17.0,"key":"Torii"},{"floor":23.0,"key":"PreservedInsect"},{"floor":26.0,"key":"Pantograph"},{"floor":40.0,"key":"Darkstone Periapt"}],"event_choices":[{"damage_healed":0.0,"max_hp_gain":0.0,"max_hp_loss":0.0,"gold_gain":0.0,"event_name":"Living Wall","player_choice":"Grow","floor":3.0,"gold_loss":0.0,"damage_taken":0.0,"cards_upgraded":["A Thousand Cuts"]},{"damage_healed":0.0,"max_hp_gain":0.0,"max_hp_loss":0.0,"gold_gain":0.0,"event_name":"Shining Light","player_choice":"Entered Light","floor":5.0,"gold_loss":0.0,"damage_taken":14.0,"cards_upgraded":["Strike_G","Strike_G"]},{"damage_healed":0.0,"max_hp_gain":0.0,"max_hp_loss":0.0,"gold_gain":0.0,"event_name":"FaceTrader","player_choice":"Trade","floor":19.0,"gold_loss":0.0,"damage_taken":0.0,"relics_obtained":["GremlinMask"]},{"damage_healed":0.0,"max_hp_gain":0.0,"max_hp_loss":0.0,"gold_gain":0.0,"event_name":"Ghosts","player_choice":"Ignored","floor":27.0,"gold_loss":0.0,"damage_taken":0.0},{"cards_removed":["Defend_G"],"damage_healed":0.0,"max_hp_gain":0.0,"max_hp_loss":0.0,"gold_gain":0.0,"event_name":"Wheel of Change","player_choice":"Card Removal","floor":36.0,"gold_loss":0.0,"damage_taken":0.0},{"cards_removed":["Strike_G"],"damage_healed":0.0,"max_hp_gain":0.0,"max_hp_loss":0.0,"gold_gain":0.0,"event_name":"Falling","player_choice":"Removed Attack","floor":37.0,"gold_loss":0.0,"damage_taken":0.0},{"damage_healed":0.0,"max_hp_gain":0.0,"max_hp_loss":4.0,"gold_gain":0.0,"event_name":"Winding Halls","player_choice":"Max HP","floor":38.0,"gold_loss":0.0,"damage_taken":0.0}],"is_beta":false,"boss_relics":[{"not_picked":["Ectoplasm","Snecko Eye"],"picked":"Calling Bell"},{"not_picked":["Runic Dome","Runic Pyramid"],"picked":"Empty Cage"}],"items_purged_floors":[20,25],"is_endless":false,"potions_floor_spawned":[6,8,10,16,22,30,33,40],"killed_by":"Spire Growth","ascension_level":0}}