{"host":"uxq2rly8rxtwffuf","time":1610193381,"event":{"mods":["BaseMod","Koishi","Minty Spire (QoL Compilation)","StSLib","The Judge","The Servant 0.9.4"],"gold_per_floor":[113,113,38,57,76,76,94,94,118,118,154,154,170,190,190,285,285,304,54,75,88,88,88],"floor_reached":22,"playtime":933,"items_purged":["Defend_B","Defend_B"],"score":329,"play_id":"e9dc9874-0813-4583-8221-500256fdb1bd","local_time":"20210109145621","is_ascension_mode":true,"campfire_choices":[{"data":"Hologram","floor":6,"key":"SMITH"},{"floor":12,"key":"REST"},{"floor":15,"key":"REST"}],"circlet_count":0,"master_deck":["AscendersBane","Strike_B","Strike_B","Strike_B","Defend_B","Defend_B","Zap","Dualcast","Streamline","Auto Shields","Hologram+1","Go for the Eyes","Hologram","Streamline","All For One","Steam","BootSequence"],"relics":["Cracked Core","Bronze Scales","Golden Idol","Tiny Chest","Runic Dome","Toy Ornithopter"],"acts_visited":["Exordium","TheCity"],"potions_floor_usage":[11,14,18],"damage_taken":[{"damage":6,"enemies":"Small Slimes","floor":1,"turns":4},{"damage":1,"enemies":"Cultist","floor":4,"turns":3},{"damage":2,"enemies":"Jaw Worm","floor":5,"turns":4},{"damage":7,"enemies":"3 Louse","floor":7,"turns":3},{"damage":27,"enemies":"3 Sentries","floor":11,"turns":7},{"damage":1,"enemies":"Exordium Wildlife","floor":13,"turns":3},{"damage":15,"enemies":"Gremlin Gang","floor":14,"turns":3},{"damage":19,"enemies":"The Guardian","floor":16,"turns":11},{"damage":25,"enemies":"Shell Parasite","floor":18,"turns":4},{"damage":2,"enemies":"Spheric Guardian","floor":20,"turns":3},{"damage":10,"enemies":"Centurion and Healer","floor":21,"turns":5},{"damage":32,"enemies":"Sentry and Sphere","floor":22,"turns":3}],"seed_played":"8724212150065293028","potions_obtained":[{"floor":7,"key":"Energy Potion"},{"floor":11,"key":"SneckoOil"},{"floor":13,"key":"SpeedPotion"},{"floor":16,"key":"PowerPotion"},{"floor":20,"key":"FocusPotion"},{"floor":21,"key":"Weak Potion"}],"is_trial":false,"path_per_floor":["M","?","$","M","M","R","M","?","T","?","E","R","M","M","R","B",null,"M","$","M","M","M"],"character_chosen":"DEFECT","items_purchased":["Toy Ornithopter"],"campfire_rested":2,"item_purchase_floors":[19],"current_hp_per_floor":[65,65,65,64,62,62,55,60,60,31,4,28,27,12,36,17,67,42,42,40,30,0,0],"gold":88,"neow_bonus":"TEN_PERCENT_HP_BONUS","is_daily":false,"chose_seed":false,"campfire_upgraded":1,"win_rate":0.0,"timestamp":1610193381,"path_taken":["M","?","$","?","M","R","M","?","T","?","E","R","M","M","R","BOSS","M","$","M","M","M"],"items_purchased_type":["Relic"],"build_version":"2020-12-22","purchased_purges":2,"victory":false,"max_hp_per_floor":[78,78,78,78,78,78,78,83,83,83,83,83,83,83,83,83,83,83,83,83,83,83,83],"card_choices":[{"not_picked":["Go for the Eyes","Storm"],"picked":"Streamline","floor":1},{"not_picked":["Hologram","Loop"],"picked":"Auto Shields","floor":4},{"not_picked":["Rip and Tear","Stack"],"picked":"Hologram","floor":5},{"not_picked":["Compile Driver","Steam"],"picked":"Go for the Eyes","floor":7},{"not_picked":["Recycle","Sweeping Beam","Auto Shields"],"picked":"SKIP","floor":11},{"not_picked":["Multi-Cast","Go for the Eyes"],"picked":"Hologram","floor":13},{"not_picked":["Chaos","Hologram"],"picked":"Streamline","floor":14},{"not_picked":["Fission","Meteor Strike"],"picked":"All For One","floor":16},{"not_picked":["Static Discharge","Rebound+1"],"picked":"Steam","floor":18},{"not_picked":["Sweeping Beam","Ball Lightning","Fusion"],"picked":"SKIP","floor":20},{"not_picked":["Redo","Stack"],"picked":"BootSequence","floor":21}],"player_experience":1386059,"relics_obtained":[{"floor":9,"key":"Bronze Scales"},{"floor":11,"key":"Tiny Chest"}],"event_choices":[{"cards_removed":["Strike_B"],"damage_healed":0,"gold_gain":0,"player_choice":"Offered Basic","damage_taken":0,"max_hp_gain":0,"max_hp_loss":0,"event_name":"Bonfire Elementals","floor":2,"gold_loss":0},{"damage_healed":0,"gold_gain":0,"player_choice":"Donut","damage_taken":0,"max_hp_gain":5,"max_hp_loss":0,"event_name":"Big Fish","floor":8,"gold_loss":0},{"damage_healed":0,"gold_gain":0,"player_choice":"Take Damage","damage_taken":29,"relics_obtained":["Golden Idol"],"max_hp_gain":0,"max_hp_loss":0,"event_name":"Golden Idol","floor":10,"gold_loss":0}],"is_beta":false,"boss_relics":[{"not_picked":["Runic Pyramid","Philosopher\u0027s Stone"],"picked":"Runic Dome"}],"items_purged_floors":[3,19],"is_endless":false,"potions_floor_spawned":[7,11,13,16,20,21],"killed_by":"Sentry and Sphere","ascension_level":15}}