{"host":"o7j6aatxjwpw1421","time":1610214020,"event":{"mods":["2.2 Compatiblity","AchievementEnabler","BaseMod","Colored Map","DeckTracker","Highlight Path","Keyboard Shortcuts","Minty Spire (QoL Compilation)","Permanent Neow","Quick Restart","StSLib","SuperFastMode","everything is the same but u backflip on backflip"],"gold_per_floor":[362,120,138,155,134,150,183,195,207,219,231,273,285,310,322,409,421,393,418,430,56,56,56,72,72,95,95,95,112,37,56,56,56,56],"floor_reached":33,"playtime":1565,"items_purged":["Strike_G","Defend_G"],"score":514,"play_id":"9d822af8-73d4-4020-919f-1db81d206a28","local_time":"20210110024020","is_ascension_mode":true,"campfire_choices":[{"floor":8.0,"key":"REST"},{"floor":11.0,"key":"REST"},{"data":"Bane","floor":13.0,"key":"SMITH"},{"floor":15.0,"key":"REST"},{"data":"Glass Knife","floor":23.0,"key":"SMITH"},{"floor":27.0,"key":"REST"},{"floor":32.0,"key":"REST"}],"circlet_count":0,"master_deck":["AscendersBane","Defend_G","Defend_G","Defend_G","Survivor","Neutralize","Deadly Poison","Poisoned Stab","Glass Knife+1","Bane+1","Leg Sweep+1","Catalyst+1","Backflip+1","Heel Hook","Flying Knee","PiercingWail+1","Prepared+1"],"relics":["Ring of the Snake","Snake Skull","MawBank","Toxic Egg 2","Kunai","Empty Cage","Gremlin Horn","Smiling Mask"],"acts_visited":["Exordium","TheCity"],"potions_floor_usage":[],"damage_taken":[{"damage":6.0,"enemies":"Jaw Worm","floor":1.0,"turns":7.0},{"damage":0.0,"enemies":"2 Louse","floor":3.0,"turns":4.0},{"damage":7.0,"enemies":"Small Slimes","floor":4.0,"turns":4.0},{"damage":13.0,"enemies":"Exordium Thugs","floor":5.0,"turns":4.0},{"damage":4.0,"enemies":"Large Slime","floor":6.0,"turns":8.0},{"damage":8.0,"enemies":"Gremlin Nob","floor":7.0,"turns":3.0},{"damage":17.0,"enemies":"3 Sentries","floor":12.0,"turns":10.0},{"damage":3.0,"enemies":"Looter","floor":14.0,"turns":2.0},{"damage":27.0,"enemies":"The Guardian","floor":16.0,"turns":11.0},{"damage":16.0,"enemies":"2 Thieves","floor":18.0,"turns":5.0},{"damage":16.0,"enemies":"Spheric Guardian","floor":19.0,"turns":5.0},{"damage":11.0,"enemies":"3 Cultists","floor":24.0,"turns":7.0},{"damage":3.0,"enemies":"Snake Plant","floor":29.0,"turns":4.0},{"damage":1.0,"enemies":"Centurion and Healer","floor":31.0,"turns":7.0},{"damage":31,"enemies":"Collector","floor":33,"turns":8}],"seed_played":"-1030384371182126841","potions_obtained":[{"floor":4.0,"key":"Swift Potion"},{"floor":5.0,"key":"PowerPotion"},{"floor":7.0,"key":"LiquidMemories"}],"is_trial":false,"path_per_floor":["M","$","M","M","M","M","E","R","T","?","R","E","R","M","R","B",null,"M","M","?","$","?","R","M","$","T","R","?","M","?","M","R","B"],"character_chosen":"THE_SILENT","items_purchased":["Snake Skull","Gremlin Horn"],"campfire_rested":5,"item_purchase_floors":[2,21],"current_hp_per_floor":[38,38,38,31,18,14,6,25,25,25,44,27,27,24,43,16,54,38,22,22,22,22,22,11,11,11,30,30,27,27,26,45,14,14],"gold":56,"neow_bonus":"TWO_FIFTY_GOLD","is_daily":false,"chose_seed":false,"campfire_upgraded":2,"win_rate":0.0,"timestamp":1610214020,"path_taken":["M","$","M","M","M","M","E","R","T","?","R","E","R","M","R","BOSS","M","M","?","$","?","R","M","$","T","R","?","M","?","M","R","BOSS"],"items_purchased_type":["Relic","Relic"],"build_version":"2020-12-22","purchased_purges":2,"victory":false,"max_hp_per_floor":[66,66,66,66,66,66,66,66,66,66,66,66,66,66,66,66,66,66,66,66,66,66,66,66,66,66,66,66,66,66,66,66,66,66],"card_choices":[{"not_picked":["Underhanded Strike","All Out Attack","Flying Knee"],"picked":"SKIP","floor":1.0},{"not_picked":["Quick Slash","Prepared"],"picked":"Deadly Poison","floor":3.0},{"not_picked":["Cloak And Dagger","Expertise","Deadly Poison"],"picked":"SKIP","floor":4.0},{"not_picked":["Sucker Punch","Endless Agony"],"picked":"Poisoned Stab","floor":5.0},{"not_picked":["Distraction","Cloak And Dagger"],"picked":"Glass Knife","floor":6.0},{"not_picked":["Blade Dance","Dodge and Roll","Calculated Gamble"],"picked":"SKIP","floor":7.0},{"not_picked":["Eviscerate","Night Terror+1"],"picked":"Bane","floor":12.0},{"not_picked":["Acrobatics+1","Deadly Poison+1"],"picked":"Leg Sweep+1","floor":14.0},{"not_picked":["Dagger Throw","Poisoned Stab"],"picked":"Catalyst+1","floor":18.0},{"not_picked":["Setup+1","Flechettes"],"picked":"Backflip+1","floor":19.0},{"not_picked":["Cloak And Dagger+1","Finisher"],"picked":"PiercingWail+1","floor":24.0},{"not_picked":["Prepared+1","Dagger Spray","Sucker Punch"],"picked":"SKIP","floor":29.0},{"not_picked":["Masterful Stab","All Out Attack","Underhanded Strike"],"picked":"SKIP","floor":31.0}],"player_experience":469858,"relics_obtained":[{"floor":7.0,"key":"MawBank"},{"floor":9.0,"key":"Toxic Egg 2"},{"floor":12.0,"key":"Kunai"},{"floor":26.0,"key":"Smiling Mask"}],"event_choices":[{"cards_removed":["Strike_G"],"damage_healed":0.0,"max_hp_gain":0.0,"max_hp_loss":0.0,"gold_gain":0.0,"event_name":"Living Wall","player_choice":"Forget","floor":10.0,"gold_loss":0.0,"damage_taken":0.0},{"damage_healed":0.0,"max_hp_gain":0.0,"max_hp_loss":0.0,"gold_gain":0.0,"cards_transformed":["Strike_G","Defend_G"],"event_name":"Drug Dealer","player_choice":"Became Test Subject","floor":20.0,"gold_loss":0.0,"damage_taken":0.0,"cards_obtained":["Heel Hook","Flying Knee"]},{"damage_healed":0.0,"max_hp_gain":0.0,"max_hp_loss":0.0,"gold_gain":0.0,"event_name":"Forgotten Altar","player_choice":"Smashed Altar","floor":22.0,"gold_loss":0.0,"damage_taken":0.0,"cards_obtained":["Decay"]},{"damage_healed":0.0,"max_hp_gain":0.0,"max_hp_loss":0.0,"gold_gain":0.0,"event_name":"The Library","player_choice":"Read","floor":28.0,"gold_loss":0.0,"damage_taken":0.0,"cards_obtained":["Prepared"]},{"cards_removed":["Decay"],"damage_healed":0.0,"max_hp_gain":0.0,"max_hp_loss":0.0,"gold_gain":0.0,"event_name":"Beggar","player_choice":"Gave Gold","floor":30.0,"gold_loss":75.0,"damage_taken":0.0}],"is_beta":false,"boss_relics":[{"not_picked":["Philosopher\u0027s Stone","Tiny House"],"picked":"Empty Cage"}],"items_purged_floors":[2,21],"is_endless":false,"potions_floor_spawned":[4,5,7],"killed_by":"Collector","ascension_level":20}}