{"host":"bf9sa99gaumonoeu","time":1610153262,"event":{"mods":["AchievementEnabler","Act Like it!","BaseMod","Better Sensory Stone","Colored Map","Colored Powertips","Downfall","Friendly Minions","Gensokyo","GifTheSpireLib","Googly Eyes","Hallownest","Hermit","Jorbs\u0027s Wanderer Trilogy","KinomotoSakuraMod(????)","Koishi","Lobotomy","Marisa????????","Minty Spire (QoL Compilation)","Rare Cards Sparkle","Reimu??????","Relic Stats","Remilia??????","StSLib","The Administrix","The Animator","The Blue Laboratory","The Bug Knight","The Construct","The Cursed","The Disciple","The Hierophant","The Mystic","The Necromancer","The Poker Player","The Runesmith","The Senshi","The Servant 0.9.4","TheLocksmith"],"gold_per_floor":[114,131,150,90,109,109,129,163,163,163,191,191,191,217,217,217,217],"floor_reached":16,"playtime":814,"items_purged":[],"score":234,"play_id":"d76bf32d-98de-4aee-840b-10cccd1169b6","local_time":"20210108224742","is_ascension_mode":true,"campfire_choices":[{"data":"Noxious Fumes","floor":6,"key":"SMITH"},{"data":"Dodge and Roll","floor":10,"key":"SMITH"},{"floor":13,"key":"REST"},{"floor":15,"key":"REST"}],"circlet_count":0,"master_deck":["AscendersBane","Strike_G","Strike_G","Strike_G","Strike_G","Strike_G","Defend_G","Defend_G","Defend_G","Defend_G","Defend_G","Survivor","Neutralize","Sucker Punch","Noxious Fumes+1","Dodge and Roll+1","Calculated Gamble","Acrobatics","Corpse Explosion","Caltrops"],"relics":["Ring of the Snake","NeowsBlessing","PaintedHorse:ReiMu","Toy Ornithopter","CrazyTorch:ReiMu","Ornamental Fan","Darkstone Periapt"],"acts_visited":["Exordium"],"potions_floor_usage":[8,8,11],"damage_taken":[{"damage":0,"enemies":"Cultist","floor":1,"turns":1},{"damage":0,"enemies":"2 Louse","floor":2,"turns":1},{"damage":0,"enemies":"Small Slimes","floor":3,"turns":1},{"damage":1,"enemies":"Looter","floor":5,"turns":4},{"damage":0,"enemies":"2 Fungi Beasts","floor":7,"turns":4},{"damage":20,"enemies":"3 Sentries","floor":8,"turns":7},{"damage":42,"enemies":"Gremlin Nob","floor":11,"turns":5},{"damage":16,"enemies":"3 Sentries","floor":14,"turns":4},{"damage":40,"enemies":"Slime Boss","floor":16,"turns":8}],"seed_played":"-3430211615357464695","potions_obtained":[{"floor":2,"key":"Explosive Potion"},{"floor":5,"key":"blueLaboratory:RememoryPotion"},{"floor":7,"key":"Regen Potion"},{"floor":8,"key":"Swift Potion"}],"is_trial":false,"path_per_floor":["M","M","M","?","M","R","M","E","T","R","E","?","R","E","R","B"],"character_chosen":"THE_SILENT","items_purchased":[],"campfire_rested":2,"item_purchase_floors":[],"current_hp_per_floor":[59,59,59,59,58,58,58,53,53,53,16,16,35,19,38,0,0],"gold":217,"neow_bonus":"THREE_ENEMY_KILL","is_daily":false,"chose_seed":false,"campfire_upgraded":2,"win_rate":0.0,"timestamp":1610153262,"path_taken":["M","?","M","?","M","R","M","E","T","R","E","?","R","E","R","BOSS"],"items_purchased_type":[],"build_version":"2020-12-22","purchased_purges":0,"victory":false,"max_hp_per_floor":[66,66,66,66,66,66,66,66,66,66,66,66,66,66,66,66,66],"relic_stats":{"Darkstone Periapt":0,"counters":[9,35],"Ornamental Fan":[16],"obtain_stats":[{"Darkstone Periapt":14,"NeowsBlessing":0,"PaintedHorse:ReiMu":4,"Ornamental Fan":11,"CrazyTorch:ReiMu":9,"Toy Ornithopter":8,"Ring of the Snake":0},{"Darkstone Periapt":8,"NeowsBlessing":0,"PaintedHorse:ReiMu":3,"Ornamental Fan":7,"CrazyTorch:ReiMu":6,"Toy Ornithopter":6,"Ring of the Snake":0},{"Darkstone Periapt":27,"NeowsBlessing":0,"PaintedHorse:ReiMu":3,"Ornamental Fan":23,"CrazyTorch:ReiMu":18,"Toy Ornithopter":18,"Ring of the Snake":0}],"Toy Ornithopter":5,"Ring of the Snake":[18]},"card_choices":[{"not_picked":["Flying Knee","Outmaneuver"],"picked":"Sucker Punch","floor":1},{"not_picked":["Backflip","Prepared"],"picked":"Noxious Fumes","floor":2},{"not_picked":["Blade Dance","Infinite Blades","Phantasmal Killer"],"picked":"SKIP","floor":3},{"not_picked":["Concentrate","Quick Slash"],"picked":"Dodge and Roll","floor":5},{"not_picked":["Slice","Blade Dance"],"picked":"Calculated Gamble","floor":7},{"not_picked":["Dagger Spray","Reflex"],"picked":"Acrobatics","floor":8},{"not_picked":["Blade Dance","Quick Slash"],"picked":"Corpse Explosion","floor":11},{"not_picked":["Backflip","Finisher"],"picked":"Caltrops","floor":14}],"player_experience":878922,"relics_obtained":[{"floor":8,"key":"Toy Ornithopter"},{"floor":9,"key":"CrazyTorch:ReiMu"},{"floor":11,"key":"Ornamental Fan"},{"floor":14,"key":"Darkstone Periapt"}],"event_choices":[{"damage_healed":0,"gold_gain":0,"player_choice":"Donate","damage_taken":0,"relics_obtained":["PaintedHorse:ReiMu"],"max_hp_gain":0,"max_hp_loss":0,"event_name":"yidonshenshe","floor":4,"gold_loss":60},{"damage_healed":0,"gold_gain":0,"player_choice":"Ignored","damage_taken":0,"max_hp_gain":0,"max_hp_loss":0,"event_name":"Liars Game","floor":12,"gold_loss":0}],"is_beta":false,"boss_relics":[],"items_purged_floors":[],"is_endless":false,"potions_floor_spawned":[2,5,7,8],"killed_by":"Slime Boss","ascension_level":19}}