{"host":"pno9h1fupbyz205f","time":1610229239,"event":{"mods":["Aspiration","BaseMod","Better Altar","Better Match","Better Note","Better Sensory Stone","Better Skull","Better Third Choice","Colored Map","Colored Powertips","Hubris","Infinite Spire","Jedi Mod","Mad Scientist","Marisa????????","Minty Spire (QoL Compilation)","Permanent Neow","Potionbrewer","Replay The Spire","Shop Mod","Spicy Shops","StSLib","Td1madao Mod","The Blackbeard","The Gatherer","The Hierophant","The Poker Player","The Runesmith","The Servant 0.9.4","thorton","vexMod"],"gold_per_floor":[118,118,1,21,39,39,70,70,70,70,70,85,85,185,185,285,385,425,465,497,67,67,92,92,92],"floor_reached":23,"playtime":923,"items_purged":["blackbeard:BlackbeardStrike"],"score":189,"play_id":"4c8e50c9-6bfa-40ac-942b-44da8b1be5c3","local_time":"20210109135359","is_ascension_mode":false,"campfire_choices":[{"data":"blackbeard:WeaponProficiency","floor":6,"key":"SMITH"},{"data":"blackbeard:Cutlass","floor":8,"key":"SMITH"},{"data":"blackbeard:IntimidatingStrike","floor":10,"key":"SMITH"},{"floor":15,"key":"REST"}],"circlet_count":0,"master_deck":["blackbeard:BlackbeardStrike","blackbeard:BlackbeardStrike","blackbeard:IntimidatingStrike+1","blackbeard:BlackbeardDefend","blackbeard:BlackbeardDefend","blackbeard:BlackbeardDefend","blackbeard:BlackbeardDefend","blackbeard:Cutlass+1","blackbeard:GoldenStrike","blackbeard:WeaponProficiency+1","blackbeard:GoldenStrike","blackbeard:GoldenDefense","blackbeard:SmithingHammer","blackbeard:GoldenStrike","blackbeard:BountyHunter","blackbeard:Eyepatch","blackbeard:FieryDefense+1","Mayhem","blackbeard:Bandana"],"relics":["blackbeard:LoadTheCannons","ReplayTheSpireMod:Lightbulb","hubris:Icosahedron","Replay:Wanted Poster","MerchantsRug","Happy Flower"],"acts_visited":["Exordium","TheCity"],"potions_floor_usage":[7,7,12,16,19,23,23,23],"damage_taken":[{"damage":0,"enemies":"2 Louse","floor":1,"turns":3},{"damage":4,"enemies":"Small Slimes","floor":4,"turns":5},{"damage":0,"enemies":"Cultist","floor":5,"turns":3},{"damage":21,"enemies":"Lagavulin","floor":7,"turns":6},{"damage":16,"enemies":"Large Slime","floor":12,"turns":5},{"damage":30,"enemies":"Slime Boss","floor":16,"turns":8},{"damage":18,"enemies":"Shell Parasite","floor":18,"turns":7},{"damage":17,"enemies":"3 Byrds","floor":19,"turns":6},{"damage":15,"enemies":"Centurion and Healer","floor":20,"turns":7},{"damage":35,"enemies":"Nightmare","floor":23,"turns":5}],"seed_played":"2524937956025066247","potions_obtained":[{"floor":4,"key":"AttackPotion"},{"floor":5,"key":"Strength Potion"},{"floor":7,"key":"SneckoOil"},{"floor":12,"key":"ColorlessPotion"},{"floor":18,"key":"jedi:StrikingPotion"},{"floor":22,"key":"ColorlessPotion"},{"floor":22,"key":"potionbrewer:DiscountPotion"},{"floor":22,"key":"EssenceOfSteel"}],"is_trial":false,"path_per_floor":["M","?","$","M","M","R","E","R","T","R","?","M","?","?","R","B",null,"M","M","M","$","?","NM"],"character_chosen":"BLACKBEARD_CLASS","items_purchased":["blackbeard:WeaponProficiency","MerchantsRug","Mayhem","blackbeard:Bandana","Happy Flower"],"campfire_rested":1,"item_purchase_floors":[3,21,21,21,21],"current_hp_per_floor":[75,75,75,71,71,71,50,50,50,50,50,34,34,34,56,45,75,65,48,33,33,33,0,0,0],"gold":92,"neow_bonus":"NOSTALGIA","is_daily":false,"chose_seed":false,"campfire_upgraded":3,"win_rate":0.0,"timestamp":1610229239,"path_taken":["M","?","$","M","M","R","E","R","T","R","?","M","?","?","R","BOSS","M","M","M","$","?","NM"],"items_purchased_type":["Card","Relic","Card","Card","Relic"],"build_version":"2020-12-22","purchased_purges":1,"victory":false,"max_hp_per_floor":[75,75,75,75,75,75,75,75,75,75,75,75,75,75,75,75,75,75,75,75,75,75,75,75,75],"card_choices":[{"not_picked":["blackbeard:BlindAttacks","blackbeard:InfiniteBarrage"],"picked":"blackbeard:GoldenStrike","floor":1},{"not_picked":["blackbeard:CloakAndCannonball","blackbeard:FieryDefense","blackbeard:InfiniteBarrage"],"picked":"SKIP","floor":4},{"not_picked":["blackbeard:DeadlyArsenal","blackbeard:TerrorOfTheSeas"],"picked":"blackbeard:GoldenStrike","floor":5},{"not_picked":["blackbeard:GoldenStrike","blackbeard:WiseDefense"],"picked":"blackbeard:GoldenDefense","floor":7},{"not_picked":["blackbeard:Dagger","blackbeard:TacticalRetreat"],"picked":"blackbeard:GoldenStrike","floor":12},{"not_picked":["blackbeard:BoostMorale","blackbeard:PirateStrength"],"picked":"blackbeard:BountyHunter","floor":16},{"not_picked":["blackbeard:Fencing","blackbeard:Spear"],"picked":"blackbeard:Eyepatch","floor":18},{"not_picked":["blackbeard:Boarding","blackbeard:InfiniteBarrage"],"picked":"blackbeard:FieryDefense+1","floor":19},{"not_picked":["blackbeard:BlindAttacks+1","blackbeard:CatONineTails","blackbeard:Fencing+1"],"picked":"SKIP","floor":20}],"player_experience":138268,"relics_obtained":[{"floor":7,"key":"ReplayTheSpireMod:Lightbulb"},{"floor":9,"key":"hubris:BottledRain"}],"event_choices":[{"damage_healed":0,"gold_gain":100,"player_choice":"Pray","damage_taken":0,"max_hp_gain":0,"max_hp_loss":0,"event_name":"Golden Shrine","floor":14,"gold_loss":0},{"damage_healed":0,"gold_gain":0,"player_choice":"Got Potions","damage_taken":0,"max_hp_gain":0,"max_hp_loss":0,"event_name":"Lab","floor":22,"gold_loss":0}],"is_beta":false,"boss_relics":[{"not_picked":["Coffee Dripper","SacredBark"],"picked":"Replay:Wanted Poster"}],"items_purged_floors":[21],"is_endless":false,"potions_floor_spawned":[4,5,7,12,18],"killed_by":"Nightmare","ascension_level":0}}