{"host":"uc0x0d8zaap3n3zi","time":1610193204,"event":{"mods":["2.2 Compatiblity","AchievementEnabler","Act Like it!","Alarm Clock","BaseMod","Colored Powertips","Downfall","Minty Spire (QoL Compilation)","Pale of the Ancients","Rare Cards Sparkle","Relic Stats","StSLib","The Cursed","The Marked","The Servant 0.9.4","slay the spire mod where everything is the same but ironclad has a cowboy hat"],"gold_per_floor":[118,118,129,141,154,154,184,184,210,241,166,166,166,179,179,283,283,294,294,305,157,157,182,182,182,235,235,235,135,146,158,158,254,254,265,265,280,120,120,120,120,134,134,134,154,166,166,166,166,166,166],"floor_reached":50,"playtime":2719,"items_purged":["Strike_R","Perfected Strike","Twin Strike"],"score":468,"play_id":"a9917055-73cc-45b1-8fee-93f7dfca96d5","local_time":"20210110005324","is_ascension_mode":false,"campfire_choices":[{"data":"Armaments","floor":6,"key":"SMITH"},{"data":"Pommel Strike","floor":8,"key":"SMITH"},{"data":"Bash","floor":12,"key":"SMITH"},{"data":"Demon Form","floor":15,"key":"SMITH"},{"data":"Sword Boomerang","floor":24,"key":"SMITH"},{"floor":28,"key":"RECALL"},{"floor":32,"key":"REST"},{"data":"Ghostly Armor","floor":40,"key":"SMITH"},{"data":"Disarm","floor":44,"key":"SMITH"},{"floor":47,"key":"REST"},{"data":"Reaper","floor":49,"key":"SMITH"}],"circlet_count":0,"master_deck":["Defend_R","Defend_R","Defend_R","Armaments+1","Evolve","Pommel Strike+1","Demon Form+1","Double Tap+1","Shrug It Off+1","Slimebound:Tackle+1","Slimebound:Tackle+1","Slimebound:Tackle+1","Sword Boomerang+1","Ghostly Armor+1","Disarm+1","Reaper+1","Cleave+1","Ghostly Armor+1","Parasite"],"relics":["Burning Blood","Red Skull","Self Forming Clay","Blood Vial","Bag of Marbles","Meat on the Bone","Astrolabe","ClockworkSouvenir","Regal Pillow","Anchor","SlaversCollar"],"acts_visited":["Exordium","TheCity","TheBeyond"],"potions_floor_usage":[7,10,31,33,42,46,50],"damage_taken":[{"damage":6,"enemies":"Cultist","floor":1,"turns":3},{"damage":5,"enemies":"Small Slimes","floor":3,"turns":3},{"damage":8,"enemies":"Jaw Worm","floor":4,"turns":4},{"damage":11,"enemies":"Red Slaver","floor":5,"turns":5},{"damage":29,"enemies":"Lagavulin","floor":7,"turns":8},{"damage":24,"enemies":"Gremlin Nob","floor":10,"turns":4},{"damage":2,"enemies":"Blue Slaver","floor":14,"turns":3},{"damage":19,"enemies":"Hexaghost","floor":16,"turns":7},{"damage":8,"enemies":"Chosen","floor":18,"turns":5},{"damage":30,"enemies":"Spheric Guardian","floor":20,"turns":13},{"damage":28,"enemies":"Gremlin Leader","floor":23,"turns":10},{"damage":17,"enemies":"Snake Plant","floor":30,"turns":5},{"damage":9,"enemies":"Snecko","floor":31,"turns":5},{"damage":37,"enemies":"Champ","floor":33,"turns":12},{"damage":48,"enemies":"3 Darklings","floor":35,"turns":8},{"damage":11,"enemies":"3 Shapes","floor":37,"turns":5},{"damage":54,"enemies":"Transient","floor":42,"turns":5},{"damage":57,"enemies":"Writhing Mass","floor":45,"turns":17},{"damage":24,"enemies":"Spire Growth","floor":46,"turns":10},{"damage":120,"enemies":"Donu and Deca","floor":50,"turns":9}],"seed_played":"8337326085025069493","potions_obtained":[{"floor":1,"key":"Explosive Potion"},{"floor":4,"key":"SkillPotion"},{"floor":14,"key":"Block Potion"},{"floor":20,"key":"Energy Potion"},{"floor":23,"key":"ElixirPotion"},{"floor":35,"key":"Block Potion"},{"floor":37,"key":"DuplicationPotion"}],"is_trial":false,"path_per_floor":["M","T","M","M","M","R","E","R","T","E","$","R","?","M","R","B",null,"M","?","M","$","?","E","R","?","T","?","R","$","M","M","R","B",null,"M","?","M","$","?","R","?","M","T","R","M","M","R","?","R","B"],"character_chosen":"IRONCLAD","items_purchased":["ClockworkSouvenir","Ghostly Armor"],"campfire_rested":2,"item_purchase_floors":[21,38],"current_hp_per_floor":[80,80,80,78,73,73,50,50,50,34,34,34,34,52,52,53,80,78,75,53,53,53,45,45,45,45,45,45,45,48,47,80,49,80,76,76,75,75,75,75,75,41,41,41,24,42,80,80,80,0,0],"gold":166,"neow_bonus":"RANDOM_COMMON_RELIC","is_daily":false,"chose_seed":false,"campfire_upgraded":8,"win_rate":0.0,"timestamp":1610193204,"path_taken":["M","?","M","M","M","R","E","R","T","E","$","R","?","M","R","BOSS","M","?","?","$","?","E","R","?","T","?","R","$","?","M","R","BOSS","M","?","M","$","?","R","?","M","T","R","?","M","R","?","R","BOSS"],"items_purchased_type":["Relic","Card"],"build_version":"2020-12-22","purchased_purges":3,"victory":false,"max_hp_per_floor":[80,80,80,80,80,80,80,80,80,80,80,80,80,80,80,80,80,80,80,80,80,80,80,80,80,80,80,80,80,80,80,80,80,80,80,80,80,80,80,80,80,80,80,80,80,80,80,80,80,80,80],"relic_stats":{"Blood Vial":22,"Regal Pillow":23,"counters":[20,141],"Self Forming Clay":[219],"Astrolabe":["Double Tap","Warcry","Demon Form"],"obtain_stats":[{"Blood Vial":7,"SlaversCollar":34,"Regal Pillow":23,"Anchor":26,"Self Forming Clay":2,"Astrolabe":17,"Bag of Marbles":9,"Burning Blood":0,"Red Skull":0,"Meat on the Bone":10,"ClockworkSouvenir":21},{"Blood Vial":5,"SlaversCollar":14,"Regal Pillow":11,"Anchor":11,"Self Forming Clay":1,"Astrolabe":8,"Bag of Marbles":5,"Burning Blood":0,"Red Skull":0,"Meat on the Bone":6,"ClockworkSouvenir":10},{"Blood Vial":23,"SlaversCollar":87,"Regal Pillow":65,"Anchor":65,"Self Forming Clay":3,"Astrolabe":37,"Bag of Marbles":23,"Burning Blood":0,"Red Skull":0,"Meat on the Bone":27,"ClockworkSouvenir":55}],"Burning Blood":113,"Meat on the Bone":84},"card_choices":[{"not_picked":["Carnage","Reckless Charge"],"picked":"Armaments","floor":1},{"not_picked":["Clash","Havoc"],"picked":"Evolve","floor":3},{"not_picked":["Sword Boomerang","Clash","Thunderclap"],"picked":"SKIP","floor":4},{"not_picked":["Seeing Red","Thunderclap"],"picked":"Pommel Strike","floor":5},{"not_picked":["Disarm","Impervious"],"picked":"Demon Form","floor":7},{"not_picked":["True Grit","Warcry","Perfected Strike"],"picked":"SKIP","floor":10},{"not_picked":["Dropkick","Perfected Strike","Carnage"],"picked":"SKIP","floor":14},{"not_picked":["Body Slam+1","Shockwave"],"picked":"Shrug It Off+1","floor":18},{"not_picked":["Wild Strike","True Grit","Perfected Strike"],"picked":"SKIP","floor":20},{"not_picked":["Dropkick","Spot Weakness"],"picked":"Sword Boomerang","floor":23},{"not_picked":["Feel No Pain","Sever Soul"],"picked":"Ghostly Armor","floor":30},{"not_picked":["Disarm","Havoc","Twin Strike"],"picked":"SKIP","floor":31},{"not_picked":["Havoc","Twin Strike"],"picked":"Disarm","floor":31},{"not_picked":["Impervious","Juggernaut"],"picked":"Reaper","floor":33},{"not_picked":["Sword Boomerang+1","Anger+1"],"picked":"Cleave+1","floor":35},{"not_picked":["Heavy Blade","Anger","Headbutt"],"picked":"SKIP","floor":37},{"not_picked":["Shrug It Off+1","Havoc","Headbutt+1"],"picked":"SKIP","floor":42},{"not_picked":["Heavy Blade+1","Pommel Strike","Perfected Strike+1"],"picked":"SKIP","floor":45},{"not_picked":["Impervious","Sentinel","Pummel"],"picked":"SKIP","floor":46}],"player_experience":284066,"relics_obtained":[{"floor":2,"key":"Self Forming Clay"},{"floor":7,"key":"Blood Vial"},{"floor":9,"key":"Bag of Marbles"},{"floor":10,"key":"Meat on the Bone"},{"floor":23,"key":"Regal Pillow"},{"floor":26,"key":"Anchor"}],"event_choices":[{"damage_healed":0,"gold_gain":0,"player_choice":"Leave","damage_taken":0,"max_hp_gain":0,"max_hp_loss":0,"event_name":"The Cleric","floor":13,"gold_loss":0},{"damage_healed":0,"gold_gain":0,"player_choice":"Punched","damage_taken":3,"max_hp_gain":0,"max_hp_loss":0,"event_name":"Designer","floor":19,"gold_loss":0},{"damage_healed":0,"gold_gain":0,"player_choice":"Ignored","damage_taken":0,"max_hp_gain":0,"max_hp_loss":0,"event_name":"Beggar","floor":25,"gold_loss":0},{"damage_healed":0,"gold_gain":0,"cards_transformed":["Demon Form","Defend_R"],"player_choice":"Became Test Subject","damage_taken":0,"max_hp_gain":0,"max_hp_loss":0,"event_name":"Drug Dealer","floor":27,"gold_loss":0,"cards_obtained":["Twin Strike","Perfected Strike"]},{"damage_healed":0,"gold_gain":0,"player_choice":"Ignored","damage_taken":0,"max_hp_gain":0,"max_hp_loss":0,"event_name":"Tomb of Lord Red Mask","floor":36,"gold_loss":0},{"cards_removed":["Warcry"],"damage_healed":0,"gold_gain":0,"player_choice":"Removed Skill","damage_taken":0,"max_hp_gain":0,"max_hp_loss":0,"event_name":"Falling","floor":39,"gold_loss":0},{"damage_healed":0,"gold_gain":0,"player_choice":"Forge","damage_taken":0,"max_hp_gain":0,"max_hp_loss":0,"event_name":"Accursed Blacksmith","floor":41,"gold_loss":0,"cards_upgraded":["Ghostly Armor"]},{"damage_healed":0,"gold_gain":0,"player_choice":"Ignored","damage_taken":0,"max_hp_gain":0,"max_hp_loss":0,"event_name":"Mysterious Sphere","floor":48,"gold_loss":0}],"is_beta":false,"boss_relics":[{"not_picked":["Ectoplasm","Coffee Dripper"],"picked":"Astrolabe"},{"not_picked":["Empty Cage","Busted Crown"],"picked":"SlaversCollar"}],"items_purged_floors":[11,29,38],"is_endless":false,"potions_floor_spawned":[1,4,14,20,23,35,37],"killed_by":"Donu and Deca","ascension_level":0}}