{"host":"gzsdmyo07u314vug","time":1610209569,"event":{"mods":["2.2 Compatiblity","BaseMod","Downfall","GifTheSpireLib","Minty Spire (QoL Compilation)","Quick Restart","Rare Cards Sparkle","Relic Stats","Replay The Spire","Robot Space Explorer","Shop Mod","StSLib","The Bug Knight","The Construct","The Elementalist","The IronCluck","The Marked","The Servant 0.9.4","Unceasing Turn Reminder","everything is the same but u backflip on backflip","slay the spire mod where everything is the same but ironclad has a cowboy hat","vexMod"],"gold_per_floor":[99,117,129,145,62,80,105,105,105,105,120,120,5,37,54,157,157,82,95,107,121,6,41,87,112,142,123,123,143,143,164,190,301,301,301,321,335,207,311,391,391,417,417,452,452,502,502,533,533,541],"floor_reached":51,"playtime":4368,"items_purged":["champ:Strike","champ:Strike","Writhe","champ:Strike"],"score":992,"play_id":"1550cdf8-d39c-4534-baaa-72e81ab0c27d","local_time":"20210109132609","is_ascension_mode":true,"campfire_choices":[{"data":"champ:Taunt","floor":1,"key":"SMITH"},{"data":"champ:HoldFirm","floor":8,"key":"SMITH"},{"data":"champ:BringItOn","floor":10,"key":"SMITH"},{"data":"champ:DefensiveShout","floor":12,"key":"SMITH"},{"data":"champ:FalseCounter","floor":18,"key":"SMITH"},{"data":"ReplayTheSpireMod:Brewmster","floor":28,"key":"SMITH"},{"data":"champ:IgnorePain","floor":30,"key":"SMITH"},{"data":"champ:EnGarde","floor":35,"key":"SMITH"},{"data":"champ:FocusedDefense","floor":43,"key":"SMITH"},{"data":"champ:Circumvent","floor":45,"key":"SMITH"}],"circlet_count":0,"master_deck":["champ:Strike","champ:Defend+1","champ:Defend","champ:Defend","champ:Defend","champ:Execute+1","champ:Taunt+1","champ:BringItOn+1","champ:GladiatorsShout","champ:Duel","champ:BringItOn+1","champ:HoldFirm+1","champ:DefensiveShout+1","champ:EnGarde+1","champ:FalseCounter+1","champ:IgnorePain+1","champ:DefensiveShout+1","champ:Circumvent+1","champ:TornadoPunch","champ:DefensiveStyle+1","ReplayTheSpireMod:Brewmster+1","champ:ShieldSlam","champ:FocusedDefense+1","champ:EnGarde+1"],"relics":["champ:ChampionCrown","Blue Doll","Mirror","Runic Dome","downfall:HeartBlessingGreen","Replay:Bandana","Toy Ornithopter","vexMod:FocusSash","vexMod:Dragonfruit","ReplayTheSpireMod:CursedCoin","construct:WeddingRing","War Paint","Question Card","Blood Vial","Chameleon Ring","Durian"],"acts_visited":["Exordium","TheCity","TheBeyond"],"potions_floor_usage":[9,14,27,29,31,31,31,32,33,33,33,33,33,33,36,37,37,37,38,38,39,40,44,44,44,44,44,44,48,48,49,50,50,50,50,50],"damage_taken":[{"damage":6,"enemies":"Cultist","floor":2,"turns":4},{"damage":6,"enemies":"2 Louse","floor":3,"turns":3},{"damage":0,"enemies":"Jaw Worm","floor":4,"turns":3},{"damage":10,"enemies":"downfall:FleeingMerchant","floor":5,"turns":4},{"damage":10,"enemies":"Lots of Slimes","floor":6,"turns":5},{"damage":0,"enemies":"Gremlin Gang","floor":11,"turns":6},{"damage":10,"enemies":"downfall:FleeingMerchant","floor":13,"turns":4},{"damage":0,"enemies":"Lagavulin","floor":14,"turns":7},{"damage":5,"enemies":"Blue Slaver","floor":15,"turns":3},{"damage":7,"enemies":"downfall:Watcher","floor":16,"turns":13},{"damage":0,"enemies":"Chosen","floor":19,"turns":4},{"damage":0,"enemies":"Shell Parasite","floor":20,"turns":5},{"damage":1,"enemies":"Snecko","floor":21,"turns":6},{"damage":5,"enemies":"downfall:FleeingMerchant","floor":22,"turns":4},{"damage":10,"enemies":"Slavers","floor":23,"turns":6},{"damage":0,"enemies":"Replay:Snechameleon","floor":26,"turns":8},{"damage":17,"enemies":"downfall:FleeingMerchant","floor":27,"turns":4},{"damage":0,"enemies":"Snake Plant","floor":29,"turns":5},{"damage":0,"enemies":"Sentry and Sphere","floor":31,"turns":6},{"damage":0,"enemies":"Snecko","floor":32,"turns":3},{"damage":24,"enemies":"downfall:Silent","floor":33,"turns":12},{"damage":0,"enemies":"3 Shapes","floor":36,"turns":4},{"damage":5,"enemies":"3 Darklings","floor":37,"turns":7},{"damage":5,"enemies":"downfall:FleeingMerchant","floor":38,"turns":4},{"damage":4,"enemies":"downfall:FleeingMerchant","floor":39,"turns":3},{"damage":5,"enemies":"downfall:FleeingMerchant","floor":40,"turns":3},{"damage":0,"enemies":"Jaw Worm Horde","floor":42,"turns":3},{"damage":0,"enemies":"R_Hoarder","floor":44,"turns":8},{"damage":0,"enemies":"Nemesis","floor":48,"turns":5},{"damage":0,"enemies":"4 Shapes","floor":49,"turns":1},{"damage":0,"enemies":"downfall:Ironclad","floor":50,"turns":9}],"seed_played":"6628758563845166514","potions_obtained":[{"floor":3,"key":"SkillPotion"},{"floor":6,"key":"Fruit Juice"},{"floor":11,"key":"ColorlessPotion"},{"floor":14,"key":"Block Potion"},{"floor":15,"key":"Weak Potion"},{"floor":19,"key":"Cursed Concoction"},{"floor":33,"key":"LiquidMemories"},{"floor":39,"key":"Flashbang"},{"floor":44,"key":"Fruit Juice"},{"floor":48,"key":"SkillPotion"}],"is_trial":false,"path_per_floor":["R","M","M","M","$","M","T","R","?","R","M","R","$","E","M","B",null,"R","M","M","M","$","E","T","T","E","$","R","M","R","M","M","B",null,"R","M","M","$","?","$","T","M","R","E","R","?","T","E","M","B",null],"character_chosen":"THE_CHAMP","items_purchased":["champ:HoldFirm","champ:FalseCounter","ReplayTheSpireMod:CursedCoin","ReplayTheSpireMod:Brewmster","War Paint"],"campfire_rested":0,"item_purchase_floors":[5,13,27,27,40],"current_hp_per_floor":[90,89,88,88,88,83,83,83,88,88,88,88,88,88,88,81,95,95,95,95,94,94,94,94,94,99,88,88,93,93,100,100,91,100,100,100,100,100,100,100,100,100,100,105,105,105,105,110,110,110],"gold":541,"neow_bonus":"UPGRADE_CARD","is_daily":false,"chose_seed":false,"campfire_upgraded":10,"win_rate":0.0,"timestamp":1610209569,"path_taken":["R","M","M","?","$","M","T","R","?","R","M","R","?","E","M","BOSS","R","M","M","M","$","E","T","?","E","$","R","M","R","?","M","BOSS","R","M","M","?","?","$","T","?","R","E","R","?","?","E","M","BOSS"],"items_purchased_type":["Card","Card","Relic","Card","Relic"],"build_version":"2020-12-22","purchased_purges":4,"victory":true,"max_hp_per_floor":[90,90,90,90,90,90,90,90,95,95,95,95,95,95,95,95,95,95,95,95,95,95,95,95,95,100,100,100,100,100,100,100,100,100,100,100,100,100,100,100,100,100,100,105,105,105,105,110,110,110],"relic_stats":{"Blood Vial":0,"counters":[31,161],"War Paint":["champ:Defend","champ:BringItOn"],"Question Card":3,"obtain_stats":[{"construct:WeddingRing":34,"ReplayTheSpireMod:CursedCoin":27,"champ:ChampionCrown":0,"Blue Doll":7,"downfall:HeartBlessingGreen":18,"vexMod:FocusSash":25,"War Paint":40,"Question Card":41,"vexMod:Dragonfruit":26,"Blood Vial":44,"Runic Dome":17,"Replay:Bandana":23,"Chameleon Ring":47,"Durian":48,"Mirror":14,"Toy Ornithopter":24},{"construct:WeddingRing":21,"ReplayTheSpireMod:CursedCoin":17,"champ:ChampionCrown":0,"Blue Doll":5,"downfall:HeartBlessingGreen":10,"vexMod:FocusSash":15,"War Paint":26,"Question Card":26,"vexMod:Dragonfruit":16,"Blood Vial":28,"Runic Dome":10,"Replay:Bandana":15,"Chameleon Ring":28,"Durian":29,"Mirror":8,"Toy Ornithopter":15},{"construct:WeddingRing":115,"ReplayTheSpireMod:CursedCoin":89,"champ:ChampionCrown":0,"Blue Doll":19,"downfall:HeartBlessingGreen":52,"vexMod:FocusSash":77,"War Paint":136,"Question Card":136,"vexMod:Dragonfruit":85,"Blood Vial":147,"Runic Dome":52,"Replay:Bandana":77,"Chameleon Ring":147,"Durian":152,"Mirror":36,"Toy Ornithopter":77}],"Toy Ornithopter":27},"card_choices":[{"not_picked":["champ:ViciousMockery","champ:RapidStrikes"],"picked":"champ:BringItOn","floor":2},{"not_picked":["champ:Aggression","champ:GladiatorStyle"],"picked":"champ:GladiatorsShout","floor":3},{"not_picked":["champ:FanOfKnives","champ:BringItOn"],"picked":"champ:Duel","floor":4},{"not_picked":["champ:LastStand","champ:PerfectedStrike"],"picked":"champ:BringItOn","floor":5},{"not_picked":["champ:Haymaker","champ:Circumvent"],"picked":"champ:DefensiveShout","floor":6},{"not_picked":["champ:BringItOn","champ:GladiatorStyle"],"picked":"champ:EnGarde","floor":11},{"not_picked":["champ:PerfectedStrike","champ:GutPunch","champ:Haymaker"],"picked":"SKIP","floor":13},{"not_picked":["champ:SteelEdge","champ:CrookedStrike","champ:Aggression"],"picked":"SKIP","floor":14},{"not_picked":["champ:AdrenalArmor","champ:PerfectedStrike","champ:DeathBlow"],"picked":"SKIP","floor":15},{"not_picked":["champ:Devastate","champ:SwordThrow"],"picked":"champ:IgnorePain","floor":16},{"not_picked":["champ:IronFortress+1","champ:GladiatorsShout"],"picked":"champ:DefensiveShout+1","floor":19},{"not_picked":["champ:GutPunch+1","champ:GladiatorsShout+1"],"picked":"champ:Circumvent","floor":20},{"not_picked":["champ:FocusedBerserking","champ:BerserkerStyle","champ:FlashCut"],"picked":"SKIP","floor":21},{"not_picked":["champ:PerfectedStrike+1","champ:GladiatorsShout"],"picked":"champ:TornadoPunch","floor":22},{"not_picked":["champ:TornadoPunch","champ:AdrenalArmor"],"picked":"champ:DefensiveStyle+1","floor":23},{"not_picked":["champ:ArenaPreparation+1","champ:FlashCut","champ:BerserkerStyle"],"picked":"SKIP","floor":26},{"not_picked":["champ:BladeFlurry+1","champ:GutPunch","champ:RecklessLeap"],"picked":"SKIP","floor":27},{"not_picked":["champ:TornadoPunch","champ:GladiatorStyle","champ:CrookedStrike"],"picked":"SKIP","floor":29},{"not_picked":["champ:Haymaker+1","champ:DefensiveShout","champ:EndlessRage"],"picked":"SKIP","floor":31},{"not_picked":["champ:DefensiveShout","champ:FocusedGladiator","champ:FanOfKnives+1"],"picked":"SKIP","floor":32},{"not_picked":["champ:SteelEdge","champ:PerfectForm"],"picked":"champ:ShieldSlam","floor":33},{"not_picked":["champ:Circumvent","champ:Balance+1"],"picked":"champ:FocusedDefense","floor":36},{"not_picked":["champ:Encircle","champ:FaceSlap+1","champ:RapidStrikes"],"picked":"SKIP","floor":37},{"not_picked":["champ:Haymaker+1","champ:PreciseThrust+1"],"picked":"champ:EnGarde+1","floor":38},{"not_picked":["champ:DancingMaster","champ:CrookedStrike+1","champ:FlashCut"],"picked":"SKIP","floor":40},{"not_picked":["champ:Shatter","champ:Haymaker+1","champ:BringItOn","champ:Duel+1"],"picked":"SKIP","floor":42},{"not_picked":["champ:HeartStrike+1","champ:DefensiveStyle","champ:StanceDance+1","champ:AdrenalArmor+1"],"picked":"SKIP","floor":44},{"not_picked":["champ:AdrenalArmor","champ:Backstep+1","champ:Duel+1","champ:GutPunch"],"picked":"SKIP","floor":48}],"player_experience":683468,"relics_obtained":[{"floor":7,"key":"Blue Doll"},{"floor":14,"key":"Mirror"},{"floor":23,"key":"Replay:Bandana"},{"floor":24,"key":"Toy Ornithopter"},{"floor":25,"key":"vexMod:FocusSash"},{"floor":26,"key":"vexMod:Dragonfruit"},{"floor":41,"key":"Question Card"},{"floor":44,"key":"Blood Vial"},{"floor":47,"key":"Chameleon Ring"},{"floor":48,"key":"Durian"}],"event_choices":[],"is_beta":false,"boss_relics":[{"not_picked":["construct:ClawGrip","Painkiller Herb"],"picked":"Runic Dome"},{"not_picked":["Replay:Wanted Poster","Pandora\u0027s Box"],"picked":"construct:WeddingRing"}],"items_purged_floors":[13,22,38,40],"is_endless":false,"potions_floor_spawned":[3,6,11,14,15,19,23,26,33,39,44,48],"ascension_level":1}}