{"host":"u499vgr0907g2fby","time":1610192704,"event":{"mods":["BaseMod","Downfall","Googly Eyes","Minty Spire (QoL Compilation)","StSLib"],"gold_per_floor":[99,110,122,122,32,47,47,71,98,23,43,74,89,106,123,123,123,123],"floor_reached":16,"playtime":1238,"items_purged":["Slimebound:Strike_Slimebound"],"score":120,"play_id":"9f1b1237-73a8-4651-ae27-6b74f4e78698","local_time":"20210109074504","is_ascension_mode":true,"campfire_choices":[{"floor":1,"key":"RECALL"},{"data":"Slimebound:Prepare","floor":10,"key":"SMITH"}],"circlet_count":0,"master_deck":["Slimebound:Strike_Slimebound","Slimebound:Strike_Slimebound","Slimebound:Tackle","Slimebound:Defend_Slimebound","Slimebound:Defend_Slimebound","Slimebound:Defend_Slimebound","Slimebound:Split","Slimebound:CorrosiveSpit","Slimebound:Prepare+1","Slimebound:LeechingTouch","Slimebound:SlimeBarrage","Slimebound:FinishingTackle"],"relics":["Snecko Eye","Anchor","Vajra","Strawberry","downfall:HeartBlessingRed","Akabeko"],"acts_visited":["Exordium"],"potions_floor_usage":[9,11,16,16],"damage_taken":[{"damage":0,"enemies":"2 Louse","floor":2,"turns":2},{"damage":6,"enemies":"Cultist","floor":3,"turns":4},{"damage":6,"enemies":"downfall:FleeingMerchant","floor":5,"turns":4},{"damage":11,"enemies":"Jaw Worm","floor":6,"turns":5},{"damage":12,"enemies":"Lagavulin","floor":9,"turns":5},{"damage":17,"enemies":"Exordium Thugs","floor":11,"turns":4},{"damage":15,"enemies":"3 Sentries","floor":12,"turns":6},{"damage":14,"enemies":"Lots of Slimes","floor":13,"turns":3},{"damage":0,"enemies":"Exordium Wildlife","floor":14,"turns":2},{"damage":7,"enemies":"2 Fungi Beasts","floor":15,"turns":2},{"damage":28,"enemies":"downfall:Silent","floor":16,"turns":6}],"seed_played":"2755897913844762633","potions_obtained":[{"floor":3,"key":"Slimebound:SlimedPotion"},{"floor":6,"key":"GamblersBrew"},{"floor":9,"key":"Ancient Potion"},{"floor":12,"key":"SkillPotion"},{"floor":13,"key":"Regen Potion"}],"is_trial":false,"path_per_floor":["R","M","M","?","$","M","T","T","E","R","M","E","M","M","M","B"],"character_chosen":"SLIMEBOUND","items_purchased":[],"campfire_rested":0,"item_purchase_floors":[],"current_hp_per_floor":[60,60,58,58,56,49,49,49,48,48,35,24,14,14,11,0,0,0],"gold":123,"neow_bonus":"BOSS_RELIC","is_daily":false,"chose_seed":false,"campfire_upgraded":1,"win_rate":0.0,"timestamp":1610192704,"path_taken":["R","M","M","?","$","?","T","?","E","R","M","E","M","?","M","BOSS"],"items_purchased_type":[],"build_version":"2020-12-22","purchased_purges":1,"victory":false,"max_hp_per_floor":[60,60,60,60,60,60,60,60,67,67,67,67,67,67,67,67,67,67],"card_choices":[{"not_picked":["Slimebound:SamplingLick","Slimebound:SplitLeeching","Slimebound:RollThrough"],"picked":"SKIP","floor":2},{"not_picked":["Slimebound:RollThrough","Slimebound:SplitBruiser"],"picked":"Slimebound:Prepare","floor":3},{"not_picked":["Slimebound:SplitMire","Slimebound:MassRepurpose","Slimebound:SamplingLick"],"picked":"SKIP","floor":5},{"not_picked":["Slimebound:RollThrough","Slimebound:SamplingLick","Slimebound:SplitAcid"],"picked":"SKIP","floor":6},{"not_picked":["Slimebound:ComboTackle","Slimebound:FirmFortitude","Slimebound:SplitMire"],"picked":"SKIP","floor":9},{"not_picked":["Slimebound:SlimeSpikes","Slimebound:LeechingTouch"],"picked":"Slimebound:SlimeBarrage","floor":11},{"not_picked":["Slimebound:Recollect","Slimebound:RainOfGoop","Slimebound:FirmFortitude"],"picked":"SKIP","floor":12},{"not_picked":["Slimebound:SplitMire","Slimebound:OneTwoCombo"],"picked":"Slimebound:FinishingTackle","floor":13},{"not_picked":["Slimebound:RollThrough","Slimebound:SplitAcid","Slimebound:SpikyOuterGoop"],"picked":"SKIP","floor":14},{"not_picked":["Slimebound:BestDefense","Slimebound:SpikyOuterGoop","Slimebound:SplitLeeching"],"picked":"SKIP","floor":15}],"player_experience":1935247,"relics_obtained":[{"floor":7,"key":"Anchor"},{"floor":8,"key":"Vajra"},{"floor":9,"key":"Strawberry"},{"floor":12,"key":"Akabeko"}],"event_choices":[{"damage_healed":0,"gold_gain":0,"cards_transformed":["Slimebound:Defend_Slimebound"],"player_choice":"Transformed","damage_taken":0,"max_hp_gain":0,"max_hp_loss":0,"event_name":"Transmorgrifier","floor":4,"gold_loss":0,"cards_obtained":["Slimebound:LeechingTouch"]}],"is_beta":false,"boss_relics":[],"items_purged_floors":[5],"is_endless":false,"potions_floor_spawned":[3,6,9,12,13],"killed_by":"downfall:Silent","ascension_level":1}}