{"host":"vrsxkkch9ccrec7k","time":1610236119,"event":{"mods":["Act Like it!","BaseMod","Bestiary","Better Third Choice","Better Vampires","Downfall","Minty Spire (QoL Compilation)","Permanent Neow","Relic Stats","Spicy Shops","StSLib"],"gold_per_floor":[99,112,127,127,127,127,154,154,14,41,41,75,75,175,185,289,289,289,304,322,422,440,458,484,5,5,5,19,19,48,63,78,182,232,232,247,247,261,278,278,303,16,40,40,40,69,87,99,118,118],"floor_reached":51,"playtime":6269,"items_purged":["sneckomod:Strike","Writhe","Coolheaded+1"],"score":871,"play_id":"e58b565a-3250-43bd-8c64-bacd15b99453","local_time":"20210109184839","is_ascension_mode":true,"campfire_choices":[{"data":"sneckomod:SnekBite","floor":1,"key":"SMITH"},{"data":"sneckomod:WideSting","floor":8,"key":"SMITH"},{"data":"sneckomod:SoulExchange","floor":11,"key":"SMITH"},{"data":"sneckomod:UnknownRarePower","floor":13,"key":"SMITH"},{"data":"sneckomod:SerpentMind","floor":18,"key":"SMITH"},{"data":"sneckomod:UnknownRarePower","floor":26,"key":"SMITH"},{"data":"Panacea","floor":35,"key":"SMITH"},{"floor":40,"key":"RECALL"},{"data":"sneckomod:UnknownClassBLUE","floor":44,"key":"SMITH"}],"circlet_count":0,"master_deck":["sneckomod:Defend","sneckomod:Defend","sneckomod:Defend","sneckomod:TailWhip+1","sneckomod:SnekBite+1","sneckomod:Unknown","sneckomod:UnknownWeak+1","sneckomod:WideSting+1","sneckomod:SoulDraw","sneckomod:SoulExchange+1","sneckomod:UnknownRarePower+1","sneckomod:QuickBite+1","sneckomod:UnknownClassBLUE+1","sneckomod:Rotation","sneckomod:SerpentMind+1","sneckomod:UnknownRarePower+1","sneckomod:UnknownClassHEXA_GHOST_PURPLE","sneckomod:Unknown1Cost","Panacea+1","sneckomod:UnknownUncommonSkill+1","sneckomod:QuickMove+1","sneckomod:UnknownUncommonSkill+1","sneckomod:SoulDraw","sneckomod:Nope+1","sneckomod:UnknownClassGUARDIAN+1","sneckomod:Unknown1Cost+1","sneckomod:Restock","sneckomod:UnknownClassRED+1","sneckomod:UnknownUncommonPower+1","sneckomod:PureSnecko+1","sneckomod:SoulDraw+1","sneckomod:QuickMove+1"],"relics":["sneckomod:SneckoSoul","Dream Catcher","InkBottle","Blood Vial","Potion Belt","Vajra","Snecko Eye","downfall:GremlinSack","Omamori","sneckomod:ConfusingCodex","Anchor","Bag of Marbles","Tiny House","Bag of Preparation","Dead Branch","FossilizedHelix","Whetstone"],"acts_visited":["Exordium","TheCity","TheBeyond"],"potions_floor_usage":[10,14,30,33,33,33,39,46,46,50,50,50,50],"damage_taken":[{"damage":6,"enemies":"2 Louse","floor":2,"turns":2},{"damage":0,"enemies":"Small Slimes","floor":3,"turns":3},{"damage":10,"enemies":"downfall:FleeingMerchant","floor":9,"turns":4},{"damage":0,"enemies":"3 Sentries","floor":10,"turns":5},{"damage":21,"enemies":"Lagavulin","floor":12,"turns":7},{"damage":22,"enemies":"downfall:Heads","floor":14,"turns":5},{"damage":0,"enemies":"Jaw Worm","floor":15,"turns":2},{"damage":22,"enemies":"downfall:Silent","floor":16,"turns":8},{"damage":6,"enemies":"Chosen","floor":19,"turns":3},{"damage":3,"enemies":"Cultist and Chosen","floor":20,"turns":5},{"damage":0,"enemies":"Cultist and Chosen","floor":21,"turns":2},{"damage":2,"enemies":"Snecko","floor":22,"turns":3},{"damage":0,"enemies":"Chosen and Byrds","floor":23,"turns":4},{"damage":3,"enemies":"downfall:FleeingMerchant","floor":25,"turns":4},{"damage":5,"enemies":"3 Cultists","floor":28,"turns":2},{"damage":36,"enemies":"Gremlin Leader","floor":30,"turns":5},{"damage":0,"enemies":"Centurion and Healer","floor":31,"turns":4},{"damage":0,"enemies":"Snake Plant","floor":32,"turns":2},{"damage":8,"enemies":"downfall:Watcher","floor":33,"turns":12},{"damage":0,"enemies":"Orb Walker","floor":36,"turns":3},{"damage":0,"enemies":"3 Darklings","floor":38,"turns":2},{"damage":6,"enemies":"Maw","floor":39,"turns":4},{"damage":26,"enemies":"downfall:FleeingMerchant","floor":42,"turns":3},{"damage":0,"enemies":"Reptomancer","floor":46,"turns":5},{"damage":0,"enemies":"4 Shapes","floor":47,"turns":6},{"damage":0,"enemies":"3 Darklings","floor":48,"turns":2},{"damage":5,"enemies":"Sphere and 2 Shapes","floor":49,"turns":4},{"damage":0,"enemies":"downfall:Defect","floor":50,"turns":4}],"seed_played":"6592150963896460495","potions_obtained":[{"floor":3,"key":"champ:CounterPotion"},{"floor":10,"key":"Explosive Potion"},{"floor":15,"key":"DuplicationPotion"},{"floor":20,"key":"Block Potion"},{"floor":22,"key":"Swift Potion"},{"floor":30,"key":"BlessingOfTheForge"},{"floor":31,"key":"ColorlessPotion"},{"floor":34,"key":"Energy Potion"},{"floor":38,"key":"Regen Potion"},{"floor":47,"key":"SteroidPotion"},{"floor":47,"key":"SkillPotion"},{"floor":49,"key":"Energy Potion"}],"is_trial":false,"path_per_floor":["R","M","M","?","?","?","T","R","$","E","R","E","R","?","M","B",null,"R","M","M","?","M","M","T","$","R","?","M","?","E","M","M","B",null,"R","M","?","M","M","R","T","$","?","R","?","E","M","M","M","B",null],"character_chosen":"THE_SNECKO","items_purchased":["SteroidPotion","sneckomod:ConfusingCodex","Anchor","sneckomod:SoulDraw","Dead Branch","FossilizedHelix","SpeedPotion"],"campfire_rested":0,"item_purchase_floors":[9,25,25,25,42,42,42],"current_hp_per_floor":[90,85,85,85,90,83,83,83,75,77,77,59,59,40,42,22,98,98,92,91,97,97,99,99,99,99,99,101,101,83,86,88,93,110,110,111,111,111,106,106,106,89,89,89,81,98,100,102,109,112],"gold":118,"neow_bonus":"RANDOM_COMMON_RELIC","is_daily":false,"chose_seed":false,"campfire_upgraded":8,"win_rate":0.0,"timestamp":1610236119,"path_taken":["R","M","M","?","?","?","T","R","?","E","R","E","R","?","M","BOSS","R","M","M","?","M","?","T","$","R","?","M","?","E","M","M","BOSS","R","M","?","?","M","R","T","$","?","R","?","E","M","?","M","BOSS"],"items_purchased_type":["Potion","Relic","Relic","Card","Relic","Relic","Potion"],"build_version":"2020-12-22","purchased_purges":3,"victory":true,"max_hp_per_floor":[90,91,91,91,96,96,96,96,96,96,96,97,97,98,98,98,98,98,98,98,102,102,102,102,103,103,103,103,103,104,105,105,105,110,110,111,111,111,112,112,112,112,112,112,112,112,112,112,112,112],"relic_stats":{"Blood Vial":44,"Dream Catcher":0,"counters":[28,115],"Dead Branch":[180],"Snecko Eye":[229,224,250,208],"Bag of Preparation":[12],"Whetstone":["sneckomod:QuickBite","sneckomod:TailWhip"],"obtain_stats":[{"Potion Belt":10,"Tiny House":34,"Dead Branch":42,"Vajra":12,"Omamori":24,"Bag of Preparation":41,"Whetstone":46,"sneckomod:SneckoSoul":0,"Blood Vial":7,"Dream Catcher":0,"Anchor":25,"downfall:GremlinSack":21,"sneckomod:ConfusingCodex":25,"Snecko Eye":17,"Bag of Marbles":30,"InkBottle":6,"FossilizedHelix":42},{"Potion Belt":4,"Tiny House":19,"Dead Branch":23,"Vajra":5,"Omamori":13,"Bag of Preparation":22,"Whetstone":24,"sneckomod:SneckoSoul":0,"Blood Vial":2,"Dream Catcher":0,"Anchor":14,"downfall:GremlinSack":11,"sneckomod:ConfusingCodex":14,"Snecko Eye":8,"Bag of Marbles":16,"InkBottle":2,"FossilizedHelix":23},{"Potion Belt":14,"Tiny House":82,"Dead Branch":94,"Vajra":21,"Omamori":53,"Bag of Preparation":91,"Whetstone":99,"sneckomod:SneckoSoul":0,"Blood Vial":5,"Dream Catcher":0,"Anchor":57,"downfall:GremlinSack":46,"sneckomod:ConfusingCodex":57,"Snecko Eye":36,"Bag of Marbles":64,"InkBottle":5,"FossilizedHelix":94}],"InkBottle":[76]},"card_choices":[{"not_picked":["sneckomod:SoulCleanse","sneckomod:UnknownClassBLUE"],"picked":"sneckomod:UnknownWeak","floor":2},{"not_picked":["sneckomod:UnknownUncommonSkill","sneckomod:UnknownEthereal"],"picked":"sneckomod:WideSting","floor":3},{"not_picked":["sneckomod:UnknownCommonAttack","sneckomod:UnknownClassSLIMEBOUND"],"picked":"sneckomod:SoulDraw","floor":9},{"not_picked":["sneckomod:Unknown1Cost","sneckomod:UnknownCommonSkill"],"picked":"sneckomod:SoulExchange","floor":10},{"not_picked":["sneckomod:UnknownWeak","sneckomod:DefensiveFlair"],"picked":"sneckomod:UnknownRarePower","floor":12},{"not_picked":["sneckomod:UnknownStrike","sneckomod:DiceBlock"],"picked":"sneckomod:QuickBite","floor":14},{"not_picked":["sneckomod:UnknownUncommonSkill","sneckomod:UnknownUncommonPower"],"picked":"sneckomod:Rotation","floor":15},{"not_picked":["sneckomod:Unknown3Cost","sneckomod:DangerNoodle"],"picked":"sneckomod:SerpentMind","floor":16},{"not_picked":["sneckomod:SerpentIdol","sneckomod:Unknown1Cost","sneckomod:QuickMove"],"picked":"SKIP","floor":19},{"not_picked":["sneckomod:IronFang","sneckomod:DiceCrush+1","sneckomod:Unknown0Cost"],"picked":"SKIP","floor":20},{"not_picked":["sneckomod:UnknownEthereal+1","sneckomod:UnknownBlock"],"picked":"sneckomod:UnknownUncommonSkill+1","floor":21},{"not_picked":["sneckomod:UnknownBlock","sneckomod:UnknownClassTHE_CHAMP_GRAY+1"],"picked":"sneckomod:QuickMove+1","floor":22},{"not_picked":["sneckomod:UnknownWeak","sneckomod:WideSting+1","sneckomod:SerpentIdol"],"picked":"SKIP","floor":23},{"not_picked":["sneckomod:UnknownWeak","sneckomod:UnknownStrike"],"picked":"sneckomod:UnknownUncommonSkill+1","floor":25},{"not_picked":["sneckomod:QuickBite","sneckomod:MorePower"],"picked":"sneckomod:Nope","floor":28},{"not_picked":["sneckomod:Rotation+1","sneckomod:UnknownEthereal"],"picked":"sneckomod:UnknownClassGUARDIAN+1","floor":30},{"not_picked":["sneckomod:UnknownClassSLIMEBOUND","sneckomod:UnknownStrike"],"picked":"sneckomod:Unknown1Cost+1","floor":31},{"not_picked":["sneckomod:UnknownVulnerable","sneckomod:IronFang+1","sneckomod:UnknownEthereal"],"picked":"SKIP","floor":32},{"not_picked":["sneckomod:UnknownRareAttack","sneckomod:UnknownRareSkill"],"picked":"sneckomod:Restock","floor":33},{"not_picked":["sneckomod:QuickBite","sneckomod:Nope"],"picked":"sneckomod:UnknownClassRED+1","floor":36},{"not_picked":["sneckomod:IronFang+1","sneckomod:SlitherStrike+1","sneckomod:UnknownEthereal+1"],"picked":"SKIP","floor":38},{"not_picked":["sneckomod:SoulRoll","sneckomod:UnknownWeak+1"],"picked":"sneckomod:UnknownUncommonPower+1","floor":39},{"not_picked":["sneckomod:UnknownVulnerable+1","sneckomod:SerpentIdol"],"picked":"sneckomod:PureSnecko","floor":42},{"not_picked":["sneckomod:RainOfDice","sneckomod:Unknown1Cost","sneckomod:UnknownClassGREEN"],"picked":"SKIP","floor":46},{"not_picked":["sneckomod:Unknown1Cost+1","sneckomod:UnknownRareSkill"],"picked":"sneckomod:SoulDraw+1","floor":47},{"not_picked":["sneckomod:UnknownEthereal","sneckomod:DiceBlock"],"picked":"sneckomod:QuickMove+1","floor":48},{"not_picked":["sneckomod:UnknownClassHEXA_GHOST_PURPLE","sneckomod:UnknownCommonSkill+1","sneckomod:QuickBite+1"],"picked":"SKIP","floor":49}],"player_experience":1428521,"relics_obtained":[{"floor":7,"key":"Blood Vial"},{"floor":10,"key":"Potion Belt"},{"floor":12,"key":"Vajra"},{"floor":21,"key":"downfall:GremlinSack"},{"floor":24,"key":"Omamori"},{"floor":30,"key":"Bag of Marbles"},{"floor":41,"key":"Bag of Preparation"},{"floor":46,"key":"Whetstone"}],"event_choices":[{"damage_healed":0,"gold_gain":0,"player_choice":"Donut","damage_taken":0,"max_hp_gain":5,"max_hp_loss":0,"event_name":"Big Fish","floor":5,"gold_loss":0},{"damage_healed":0,"gold_gain":0,"player_choice":"Relic ","damage_taken":7,"max_hp_gain":0,"max_hp_loss":0,"event_name":"betterThird:BetterScrap","floor":6,"gold_loss":0,"cards_obtained":["Burning Pact"]},{"damage_healed":0,"gold_gain":0,"player_choice":"Upgraded","damage_taken":0,"max_hp_gain":0,"max_hp_loss":0,"event_name":"Upgrade Shrine","floor":37,"gold_loss":0,"cards_upgraded":["sneckomod:Nope"]}],"is_beta":false,"boss_relics":[{"not_picked":["Cursed Key","Busted Crown"],"picked":"Snecko Eye"},{"not_picked":["Runic Pyramid","Sozu"],"picked":"Tiny House"}],"items_purged_floors":[9,25,42],"is_endless":false,"potions_floor_spawned":[3,10,15,20,22,30,31,38,47,48,49],"ascension_level":1}}