{"host":"d61fcf2p3sjwe6yo","time":1610227822,"event":{"mods":["AchievementEnabler","BaseMod","Colored Map","Minty Spire (QoL Compilation)","StSLib","SuperFastMode"],"gold_per_floor":[112,132,146,146,160,160,174,201,201,201,42,62,97,109,109,213,213,227,142,142,159,169,169,169,169],"floor_reached":24,"playtime":773,"items_purged":[],"score":332,"play_id":"ec09984a-6633-46a5-bbbc-13212f12a77f","local_time":"20210110003022","is_ascension_mode":true,"campfire_choices":[{"data":"Zap","floor":6.0,"key":"SMITH"},{"data":"Defragment","floor":10.0,"key":"SMITH"},{"floor":15.0,"key":"REST"},{"data":"Coolheaded","floor":23,"key":"SMITH"}],"circlet_count":0,"master_deck":["Strike_B","Strike_B","Strike_B","Strike_B","Defend_B","Defend_B","Defend_B","Defend_B","Zap+1","Dualcast","Creative AI","Ball Lightning","Undo","Streamline","Defragment+1","Core Surge","Biased Cognition+1","BootSequence","Amplify","Loop+1","Coolheaded+1","Loop+1"],"relics":["Cracked Core","Frozen Egg 2","Question Card","Pear","Velvet Choker","StrikeDummy"],"acts_visited":["Exordium","TheCity"],"potions_floor_usage":[20,21,22],"damage_taken":[{"damage":1.0,"enemies":"Cultist","floor":1.0,"turns":4.0},{"damage":10.0,"enemies":"Small Slimes","floor":2.0,"turns":3.0},{"damage":0.0,"enemies":"Jaw Worm","floor":3.0,"turns":2.0},{"damage":12.0,"enemies":"3 Louse","floor":5.0,"turns":3.0},{"damage":6.0,"enemies":"Looter","floor":7.0,"turns":3.0},{"damage":11.0,"enemies":"Lagavulin","floor":8.0,"turns":6.0},{"damage":10.0,"enemies":"Exordium Thugs","floor":12.0,"turns":4.0},{"damage":15.0,"enemies":"Gremlin Nob","floor":13.0,"turns":3.0},{"damage":4.0,"enemies":"2 Fungi Beasts","floor":14.0,"turns":3.0},{"damage":18.0,"enemies":"Slime Boss","floor":16.0,"turns":7.0},{"damage":8.0,"enemies":"Shell Parasite","floor":18.0,"turns":4.0},{"damage":0,"enemies":"3 Byrds","floor":20,"turns":1},{"damage":9,"enemies":"Shelled Parasite and Fungi","floor":21,"turns":4},{"damage":2,"enemies":"Cultist and Chosen","floor":22,"turns":4},{"damage":29,"enemies":"Gremlin Leader","floor":24,"turns":4}],"seed_played":"-6120095135116066148","potions_obtained":[{"floor":5.0,"key":"SkillPotion"},{"floor":12.0,"key":"Energy Potion"},{"floor":13.0,"key":"SmokeBomb"},{"floor":14.0,"key":"SteroidPotion"},{"floor":16.0,"key":"Weak Potion"},{"floor":22,"key":"Fruit Juice"}],"is_trial":false,"path_per_floor":["M","M","M","?","M","R","M","E","T","R","$","M","E","M","R","B",null,"M","?","M","M","M","R","E"],"character_chosen":"DEFECT","items_purchased":["Biased Cognition+1"],"campfire_rested":1,"item_purchase_floors":[11],"current_hp_per_floor":[67,57,57,57,45,45,39,28,28,28,28,18,13,9,34,16,68,60,60,60,51,54,54,25,25],"gold":169,"neow_bonus":"ONE_RANDOM_RARE_CARD","is_daily":false,"chose_seed":false,"campfire_upgraded":3,"win_rate":0.0,"timestamp":1610227822,"path_taken":["M","?","M","?","M","R","M","E","T","R","$","M","E","M","R","BOSS","M","?","M","M","M","R","E"],"items_purchased_type":["Card"],"build_version":"2020-12-22","purchased_purges":0,"victory":false,"max_hp_per_floor":[75,75,75,75,75,75,75,75,75,75,75,75,85,85,85,85,85,85,85,85,85,90,90,90,90],"card_choices":[{"not_picked":["Barrage","Skim"],"picked":"Ball Lightning","floor":1.0},{"not_picked":["Genetic Algorithm","Lockon"],"picked":"Undo","floor":2.0},{"not_picked":["Sweeping Beam","Consume"],"picked":"Streamline","floor":3.0},{"not_picked":["Stack","Auto Shields","Rebound"],"picked":"SKIP","floor":5.0},{"not_picked":["Blizzard","Amplify"],"picked":"Defragment","floor":7.0},{"not_picked":["Skim","Go for the Eyes"],"picked":"Core Surge","floor":8.0},{"not_picked":["Chaos","Sweeping Beam","Reprogram"],"picked":"BootSequence","floor":12.0},{"not_picked":["Meteor Strike","Fusion","Barrage","Beam Cell"],"picked":"SKIP","floor":13.0},{"not_picked":["Beam Cell","Lockon","Steam","Turbo"],"picked":"SKIP","floor":14.0},{"not_picked":["All For One","Hyperbeam","Creative AI+1"],"picked":"Amplify","floor":16.0},{"not_picked":["Ball Lightning","BootSequence","Conserve Battery"],"picked":"Loop+1","floor":18.0},{"not_picked":["Aggregate","Beam Cell","Lockon"],"picked":"Coolheaded","floor":21},{"not_picked":["Cold Snap","Undo","Hologram"],"picked":"Loop+1","floor":22}],"player_experience":170223,"relics_obtained":[{"floor":8.0,"key":"Frozen Egg 2"},{"floor":9.0,"key":"Question Card"},{"floor":13.0,"key":"Pear"}],"event_choices":[{"damage_healed":0.0,"max_hp_gain":0.0,"max_hp_loss":0.0,"gold_gain":0.0,"event_name":"Liars Game","player_choice":"Ignored","floor":4.0,"gold_loss":0.0,"damage_taken":0.0},{"damage_healed":0.0,"max_hp_gain":0.0,"max_hp_loss":0.0,"gold_gain":0.0,"event_name":"Addict","player_choice":"Obtained Relic","floor":19.0,"gold_loss":85.0,"damage_taken":0.0,"relics_obtained":["StrikeDummy"]}],"is_beta":false,"boss_relics":[{"not_picked":["Busted Crown","Ectoplasm"],"picked":"Velvet Choker"}],"items_purged_floors":[],"is_endless":false,"potions_floor_spawned":[5,12,13,14,16,20,22],"killed_by":"Gremlin Leader","ascension_level":9}}