{"host":"h8izngm1rsk9a7df","time":1610179768,"event":{"mods":["AchievementEnabler","BaseMod","Colored Map","Colored Powertips","DeckTracker","Downfall","Hubris","Minty Spire (QoL Compilation)","Relic Sorter","StSLib","The Bug Knight","The Disciple","The Necromancer"],"gold_per_floor":[115,135,150,11,28,28,41,73,120,120,149,149,162,177,177,273,273,293,293,306,39,39,74,74,103,103,121,135,187,202,212,212,310,310,322,341,360,377,377,377],"floor_reached":39,"playtime":3974,"items_purged":[],"score":514,"play_id":"cd8b07ac-3369-419f-a7e4-5a6b1467f529","local_time":"20210109000928","is_ascension_mode":false,"campfire_choices":[{"data":"Feed","floor":6.0,"key":"SMITH"},{"floor":12.0,"key":"REST"},{"data":"Armaments","floor":15.0,"key":"SMITH"},{"floor":24.0,"key":"REST"},{"floor":32.0,"key":"REST"}],"circlet_count":0,"master_deck":["Feed+1","Bash","Whirlwind","Ghostly Armor","Shrug It Off","Metallicize","Fire Breathing","Armaments+1","Bludgeon","hubris:CleavingFinish","Body Slam","Rampage","Barricade+1","Reckless Charge","Sword Boomerang","Iron Wave","Spot Weakness","Bloodletting","Limit Break","Anger","Dual Wield","Cleave","Shockwave+1","Twin Strike","Inflame","Infernal Blade","Juggernaut","Searing Blow","Flame Barrier+1","Heavy Blade","Pummel","Flex","hubris:SharpeningStone","Berserk","hubris:SharpeningStone+1","Flex+1","Clash+1","Burning Pact+1"],"relics":["Burning Blood","NeowsBlessing","Toy Ornithopter","Tiny Chest","Mummified Hand","Bottled Flame","Pandora\u0027s Box","HandDrill","Dream Catcher","Bottled Lightning","Shuriken","Happy Flower","Philosopher\u0027s Stone"],"acts_visited":["Exordium","TheCity","TheBeyond"],"potions_floor_usage":[38,39],"damage_taken":[{"damage":0.0,"enemies":"Cultist","floor":1.0,"turns":2.0},{"damage":12.0,"enemies":"Small Slimes","floor":2.0,"turns":8.0},{"damage":0.0,"enemies":"Jaw Worm","floor":3.0,"turns":2.0},{"damage":15.0,"enemies":"2 Fungi Beasts","floor":5.0,"turns":4.0},{"damage":16.0,"enemies":"Large Slime","floor":7.0,"turns":8.0},{"damage":7.0,"enemies":"3 Sentries","floor":8.0,"turns":6.0},{"damage":28.0,"enemies":"Lagavulin","floor":11.0,"turns":10.0},{"damage":11.0,"enemies":"Lots of Slimes","floor":13.0,"turns":4.0},{"damage":15.0,"enemies":"Looter","floor":14.0,"turns":3.0},{"damage":56.0,"enemies":"Slime Boss","floor":16.0,"turns":12.0},{"damage":32.0,"enemies":"Chosen","floor":18.0,"turns":5.0},{"damage":23.0,"enemies":"Spheric Guardian","floor":20.0,"turns":4.0},{"damage":33.0,"enemies":"Book of Stabbing","floor":23.0,"turns":5.0},{"damage":35.0,"enemies":"Gremlin Leader","floor":25.0,"turns":6.0},{"damage":33.0,"enemies":"Snake Plant","floor":27.0,"turns":3.0},{"damage":25.0,"enemies":"Centurion and Healer","floor":28.0,"turns":6.0},{"damage":24.0,"enemies":"3 Cultists","floor":30.0,"turns":5.0},{"damage":16.0,"enemies":"Snake Plant","floor":31.0,"turns":2.0},{"damage":77.0,"enemies":"Collector","floor":33.0,"turns":9.0},{"damage":45,"enemies":"3 Shapes","floor":35,"turns":4},{"damage":28,"enemies":"3 Darklings","floor":36,"turns":4},{"damage":30,"enemies":"4 Shapes","floor":37,"turns":4},{"damage":36,"enemies":"Sphere and 2 Shapes","floor":38,"turns":4},{"damage":33,"enemies":"Maw","floor":39,"turns":5}],"seed_played":"2918178234296767403","potions_obtained":[{"floor":3.0,"key":"EntropicBrew"},{"floor":5.0,"key":"ColorlessPotion"},{"floor":7.0,"key":"FearPotion"},{"floor":16.0,"key":"sneckomod:MuddlingPotion"},{"floor":18.0,"key":"Regen Potion"},{"floor":23.0,"key":"hexamod:EctoCoolerPotion"},{"floor":27.0,"key":"Dexterity Potion"},{"floor":28.0,"key":"Ancient Potion"},{"floor":33.0,"key":"FearPotion"},{"floor":35,"key":"AttackPotion"},{"floor":36,"key":"Fire Potion"}],"is_trial":false,"path_per_floor":["M","M","M","$","M","R","M","E","T","T","E","R","M","M","R","B",null,"M","?","M","$","?","E","R","E","T","M","M","T","M","M","R","B",null,"M","M","M","M","M"],"character_chosen":"IRONCLAD","items_purchased":["Fruit Juice","Metallicize","Inflame","HandDrill","Infernal Blade"],"campfire_rested":3,"item_purchase_floors":[4,4,21,21,21],"current_hp_per_floor":[83,80,89,89,88,88,82,85,85,85,67,99,98,93,93,53,117,91,91,78,78,78,68,104,79,79,52,42,42,28,18,57,16,133,98,76,52,27,0,0],"gold":377,"neow_bonus":"THREE_ENEMY_KILL","is_daily":false,"chose_seed":false,"campfire_upgraded":2,"win_rate":0.0,"timestamp":1610179768,"path_taken":["M","M","M","?","M","R","M","E","T","?","E","R","M","M","R","BOSS","M","?","M","$","?","E","R","E","T","M","M","?","M","M","R","BOSS","M","M","?","M","M"],"items_purchased_type":["Potion","Card","Card","Relic","Card"],"build_version":"2020-12-22","purchased_purges":0,"victory":false,"max_hp_per_floor":[83,86,89,89,97,97,101,105,105,105,109,109,113,117,117,117,117,117,117,121,121,121,121,121,125,125,125,129,129,133,133,133,133,133,137,137,137,137,137,137],"card_choices":[{"not_picked":["Thunderclap","Sword Boomerang"],"picked":"Whirlwind","floor":1.0},{"not_picked":["Bloodletting","Metallicize"],"picked":"Ghostly Armor","floor":2.0},{"not_picked":["Disarm","Sword Boomerang"],"picked":"Shrug It Off","floor":3.0},{"not_picked":["Heavy Blade","Clothesline"],"picked":"Fire Breathing","floor":5.0},{"not_picked":["Seeing Red","Rupture"],"picked":"Armaments","floor":7.0},{"not_picked":["Dropkick","Dark Embrace"],"picked":"Bludgeon","floor":8.0},{"not_picked":["True Grit","Shockwave"],"picked":"hubris:CleavingFinish","floor":11.0},{"not_picked":["Shrug It Off","Clothesline"],"picked":"Body Slam","floor":13.0},{"not_picked":["Twin Strike","Disarm"],"picked":"Rampage","floor":14.0},{"not_picked":["Feed","Offering"],"picked":"Barricade","floor":16.0},{"not_picked":["Hemokinesis","Clash"],"picked":"Shockwave+1","floor":18.0},{"not_picked":["Shrug It Off","Perfected Strike"],"picked":"Twin Strike","floor":20.0},{"not_picked":["Shrug It Off","Rage"],"picked":"Juggernaut","floor":23.0},{"not_picked":["Perfected Strike","Twin Strike"],"picked":"Searing Blow","floor":24.0},{"not_picked":["Rage","Juggernaut"],"picked":"Flame Barrier+1","floor":25.0},{"not_picked":["True Grit+1","Rage"],"picked":"Heavy Blade","floor":27.0},{"not_picked":["Headbutt","Perfected Strike"],"picked":"Pummel","floor":28.0},{"not_picked":["Flame Barrier","Anger"],"picked":"Flex","floor":30.0},{"not_picked":["Infernal Blade+1","Pummel","hubris:CleavingFinish"],"picked":"SKIP","floor":31.0},{"not_picked":["Intimidate","Dual Wield+1"],"picked":"hubris:SharpeningStone","floor":32.0},{"not_picked":["Bludgeon","Feed"],"picked":"Berserk","floor":33.0},{"not_picked":["Cleave","Clothesline+1"],"picked":"hubris:SharpeningStone+1","floor":35},{"not_picked":["Dual Wield","Whirlwind"],"picked":"Flex+1","floor":36},{"not_picked":["Body Slam","Rupture+1"],"picked":"Clash+1","floor":37},{"not_picked":["Body Slam","Cleave+1"],"picked":"Burning Pact+1","floor":38}],"player_experience":90967,"relics_obtained":[{"floor":8.0,"key":"Toy Ornithopter"},{"floor":9.0,"key":"Tiny Chest"},{"floor":10.0,"key":"Mummified Hand"},{"floor":11.0,"key":"Bottled Flame"},{"floor":23.0,"key":"Dream Catcher"},{"floor":25.0,"key":"Bottled Lightning"},{"floor":26.0,"key":"Shuriken"},{"floor":29.0,"key":"Happy Flower"}],"event_choices":[{"damage_healed":0.0,"max_hp_gain":0.0,"max_hp_loss":0.0,"gold_gain":0.0,"event_name":"Ghosts","player_choice":"Ignored","floor":22.0,"gold_loss":0.0,"damage_taken":0.0}],"is_beta":false,"boss_relics":[{"not_picked":["Snecko Eye","hubris:TerracottaHorce"],"picked":"Pandora\u0027s Box"},{"not_picked":["hubris:RunicObelisk","Sozu"],"picked":"Philosopher\u0027s Stone"}],"items_purged_floors":[],"is_endless":false,"potions_floor_spawned":[3,5,7,16,18,23,27,28,33,35,36],"killed_by":"Maw","ascension_level":0}}