{"host":"s794kqxf2n1qz2yr","time":1610159580,"event":{"mods":["100% Spire Juice","2.2 Compatiblity","AchievementEnabler","Aspiration","BaseMod","ChefMod","Downfall","Friendly Minions","Hermit","HololiveMod","Melee Mod","Minty Spire (QoL Compilation)","Permanent Neow","StSLib","The Alterego","The Animator","The Disciple","The Marked"],"gold_per_floor":[78,91,166,182,197,222,252,264,302,314,340,382,394,425,437,580,592,620,650,685,697,730,742,770,782,820,832,880,892,938,950,962,1099,1111,1139,1171,1196,1208,1220,1232,1257,1269,1281,1293,1305,1340,1352,1402,1414,1451],"floor_reached":51,"playtime":3125,"items_purged":[],"score":1077,"play_id":"c2b62b49-5246-43f0-a1b4-35a92065e621","local_time":"20210109023300","daily_mods":["Draft"],"is_ascension_mode":false,"campfire_choices":[{"data":"Hololive_CallMomosuzuNene+4","floor":8,"key":"SMITH"},{"data":"Hololive_CallMomosuzuNene+8","floor":15,"key":"SMITH"},{"data":"Hololive_CallMomosuzuNene+14","floor":23,"key":"SMITH"},{"data":"Hololive_CallMomosuzuNene+16","floor":25,"key":"SMITH"},{"data":"Hololive_CallMomosuzuNene+17","floor":27,"key":"SMITH"},{"data":"Hololive_CallMomosuzuNene+20","floor":32,"key":"SMITH"},{"data":"Hololive_CallMomosuzuNene+25","floor":40,"key":"SMITH"},{"floor":42,"key":"REST"},{"data":"Hololive_CallMomosuzuNene+27","floor":45,"key":"SMITH"},{"data":"Hololive_CallMomosuzuNene+30","floor":49,"key":"SMITH"}],"circlet_count":0,"master_deck":["Hololive_CallTokoyamiTowa","Hololive_Psychosis","Hololive_FlyingPonyTail+1","Hololive_CallNakiriAyame","Hololive_CallMomosuzuNene+32","Hololive_StrengthChampion","Hololive_CallHoshimachiSuisei","Hololive_Psychosis","Hololive_Psychosis","Hololive_Psychosis","Hololive_CallYuzukiChoco","Hololive_FlyingPonyTail","Hololive_Watashimo+1","Hololive_CallArtia","Hololive_CallKiryuuCoco","Hololive_CallUruhaRushia","Hololive_CallKiryuuCoco","Hololive_FlyingPonyTail","Hololive_Thief","Hololive_FlyingPonyTail+1","Hololive_Teleport","Hololive_Rebirth","Hololive_Watashimo+1","Sadistic Nature","Jack Of All Trades","Mayhem","Hololive_DiamondStrike"],"relics":["Hololive_TheStar","Bag of Marbles","MawBank","War Paint","Regal Pillow","Golden Idol","SlaversCollar","sneckomod:BlankCard","Happy Flower","MealTicket","sneckomod:SneckoTalon","Bottled Tornado","Potion Belt"],"acts_visited":["Exordium","TheCity","TheBeyond"],"potions_floor_usage":[50,50,50],"damage_taken":[{"damage":0,"enemies":"2 Louse","floor":1,"turns":2},{"damage":0,"enemies":"Small Slimes","floor":2,"turns":3},{"damage":0,"enemies":"Jaw Worm","floor":4,"turns":2},{"damage":0,"enemies":"Exordium Wildlife","floor":5,"turns":3},{"damage":1,"enemies":"Lagavulin","floor":6,"turns":7},{"damage":0,"enemies":"3 Louse","floor":11,"turns":4},{"damage":3,"enemies":"3 Sentries","floor":12,"turns":6},{"damage":0,"enemies":"Looter","floor":14,"turns":3},{"damage":0,"enemies":"The Guardian","floor":16,"turns":6},{"damage":0,"enemies":"2 Thieves","floor":18,"turns":3},{"damage":0,"enemies":"Shell Parasite","floor":19,"turns":3},{"damage":0,"enemies":"Centurion and Healer","floor":20,"turns":3},{"damage":0,"enemies":"Snecko","floor":22,"turns":3},{"damage":0,"enemies":"Snake Plant","floor":24,"turns":3},{"damage":0,"enemies":"Book of Stabbing","floor":28,"turns":3},{"damage":0,"enemies":"Gremlin Leader","floor":30,"turns":3},{"damage":0,"enemies":"Collector","floor":33,"turns":4},{"damage":0,"enemies":"3 Shapes","floor":35,"turns":3},{"damage":0,"enemies":"3 Darklings","floor":36,"turns":4},{"damage":0,"enemies":"Jaw Worm Horde","floor":37,"turns":3},{"damage":24,"enemies":"4 Shapes","floor":41,"turns":4},{"damage":0,"enemies":"3 Darklings","floor":46,"turns":4},{"damage":0,"enemies":"Giant Head","floor":48,"turns":5},{"damage":0,"enemies":"Awakened One","floor":50,"turns":8}],"seed_played":"-2919664802357701419","potions_obtained":[{"floor":1,"key":"EssenceOfSteel"},{"floor":5,"key":"Weak Potion"},{"floor":11,"key":"ColorlessPotion"},{"floor":28,"key":"DistilledChaos"}],"is_trial":true,"path_per_floor":["M","M","?","M","M","E","?","R","T","$","M","E","?","M","R","B",null,"M","M","M","$","M","R","M","R","T","R","E","$","E","?","R","B",null,"M","M","M","$","?","R","M","R","T","?","R","M","?","E","R","B",null],"character_chosen":"Hololive_HololiveCharacter","items_purchased":[],"campfire_rested":1,"item_purchase_floors":[],"current_hp_per_floor":[35,35,24,24,24,23,23,23,23,23,23,20,12,12,12,12,35,35,35,35,35,35,35,35,35,35,35,35,35,35,35,35,35,35,35,35,35,35,25,25,1,26,26,26,26,26,26,26,26,26],"gold":1463,"neow_bonus":"","is_daily":false,"chose_seed":false,"campfire_upgraded":9,"win_rate":0.0,"timestamp":1610159580,"path_taken":["M","M","?","M","M","E","?","R","T","$","M","E","?","?","R","BOSS","M","M","M","$","M","R","M","R","T","R","E","$","E","?","R","BOSS","M","M","M","$","?","R","M","R","T","?","R","M","?","E","R","BOSS"],"items_purchased_type":[],"build_version":"2020-12-22","purchased_purges":0,"victory":true,"max_hp_per_floor":[35,35,35,35,35,35,35,35,35,35,35,35,35,35,35,35,35,35,35,35,35,35,35,35,35,35,35,35,35,35,35,35,35,35,35,35,35,35,35,35,35,35,35,35,35,35,33,33,33,33],"card_choices":[{"not_picked":["Hololive_Psychosis","Hololive_RevenueBasedLive"],"picked":"Hololive_CallTokoyamiTowa","floor":0},{"not_picked":["Hololive_Sequa","Hololive_Drill"],"picked":"Hololive_Psychosis","floor":0},{"not_picked":["Hololive_CallYuzukiChoco","Hololive_CallHoushouMarine"],"picked":"Hololive_FlyingPonyTail","floor":0},{"not_picked":["Hololive_Breathe","Hololive_Rebound"],"picked":"Hololive_CallNakiriAyame","floor":0},{"not_picked":["Hololive_CallAyundaRisu","Hololive_CallSpadeEcho"],"picked":"Hololive_CallMomosuzuNene","floor":0},{"not_picked":["Hololive_Rebound","Hololive_DevilCharm"],"picked":"Hololive_StrengthChampion","floor":0},{"not_picked":["Hololive_RevenueBasedLive","Hololive_StrengthChampion"],"picked":"Hololive_CocoNews","floor":0},{"not_picked":["Hololive_Trident","Hololive_Rebound"],"picked":"Hololive_CallHoshimachiSuisei","floor":0},{"not_picked":["Hololive_CallShiranuiFlare","Hololive_LuckPotion"],"picked":"Hololive_Psychosis","floor":0},{"not_picked":["Hololive_Sequa","Hololive_CallAyundaRisu"],"picked":"Hololive_Psychosis","floor":0},{"not_picked":["Hololive_RevenueBasedLive","Hololive_CallOkamiMio"],"picked":"Hololive_Psychosis","floor":0},{"not_picked":["Hololive_CallSakuraMiko","Hololive_StrengthChampion"],"picked":"Hololive_CallYuzukiChoco","floor":0},{"not_picked":["Hololive_Sequa","Hololive_Trident"],"picked":"Hololive_FlyingPonyTail","floor":0},{"not_picked":["Hololive_CallShirakamiFubuki","Hololive_Psychosis"],"picked":"Hololive_Watashimo","floor":0},{"not_picked":["Hololive_CallShishiroBotan","Hololive_CallKiryuuCoco"],"picked":"Hololive_CallArtia","floor":0},{"not_picked":["Hololive_RevenueBasedLive","Hololive_Trident","Hololive_CallTsunomakiWatame","Hololive_CallShiroganeNoel"],"picked":"SKIP","floor":1},{"not_picked":["Hololive_CallAyundaRisu","Hololive_LuckPotion","Hololive_Psychosis","Hololive_HuntDinosaur"],"picked":"SKIP","floor":2},{"not_picked":["Hololive_Drill","Hololive_Rebound","Hololive_Trident"],"picked":"Hololive_CallKiryuuCoco","floor":4},{"not_picked":["Hololive_CallFriendA","Hololive_Sequa","Hololive_CallNekomataOkayu"],"picked":"Hololive_CallUruhaRushia","floor":5},{"not_picked":["Hololive_DiamondStrike","Hololive_Trident","Hololive_HuntDinosaur"],"picked":"Hololive_CallKiryuuCoco","floor":6},{"not_picked":["Hololive_Drill","Hololive_CallNakiriAyame","Hololive_HuntDinosaur","Hololive_Trident"],"picked":"SKIP","floor":11},{"not_picked":["Hololive_Breathe","Hololive_HuntDinosaur","Hololive_StrengthChampion"],"picked":"Hololive_FlyingPonyTail","floor":12},{"not_picked":["Hololive_LuckPotion","Hololive_FlareMind","Hololive_Spy","Hololive_OvertimeWork"],"picked":"SKIP","floor":14},{"not_picked":["Hololive_ASMR","Hololive_Rebirth","Hololive_AWSL"],"picked":"Hololive_Thief","floor":16},{"not_picked":["Hololive_CallTokoyamiTowa+1","Hololive_Trident","Hololive_Sequa","Hololive_StrengthChampion"],"picked":"SKIP","floor":18},{"not_picked":["Hololive_LuckPotion","Hololive_RevenueBasedLive","Hololive_Rebound+1","Hololive_WolfAndLamb"],"picked":"SKIP","floor":19},{"not_picked":["Hololive_RevenueBasedLive","Hololive_LuckPotion","Hololive_CallOmaruPolka","Hololive_StrengthChampion+1"],"picked":"SKIP","floor":20},{"not_picked":["Hololive_Trident","Hololive_StrengthChampion","Hololive_Sequa"],"picked":"Hololive_FlyingPonyTail+1","floor":22},{"not_picked":["Hololive_CallCivia","Hololive_CallInugamiKorone","Hololive_Trident"],"picked":"Hololive_Teleport","floor":24},{"not_picked":["Hololive_StrengthChampion","Hololive_CallAyundaRisu","Hololive_CallDoris","Hololive_CallYogiri+1"],"picked":"SKIP","floor":28},{"not_picked":["Hololive_HuntDinosaur","Hololive_Breathe+1","Hololive_LuckPotion+1","Hololive_CallAmaneKanata"],"picked":"SKIP","floor":30},{"not_picked":["Hololive_AWSL","Hololive_OpenUp","Hololive_FlareMind"],"picked":"Hololive_Rebirth","floor":33},{"not_picked":["Hololive_CallHoushouMarine+1","Hololive_CallNatsuiroMatsuri+1","Hololive_Trident+1","Hololive_CallAiraniIofifteen"],"picked":"SKIP","floor":35},{"not_picked":["Hololive_CallRosalyn","Hololive_CocoNews+1","Hololive_OvertimeWork+1","Hololive_HuntDinosaur"],"picked":"SKIP","floor":36},{"not_picked":["Hololive_CocoNews+1","Hololive_RevenueBasedLive","Hololive_CallUruhaRushia"],"picked":"Hololive_Watashimo+1","floor":37},{"not_picked":["expansioncontent:Collect","HandOfGreed","Forethought"],"picked":"Sadistic Nature","floor":39},{"not_picked":["expansioncontent:CaCaw","Mayhem","Dark Shackles"],"picked":"Jack Of All Trades","floor":39},{"not_picked":["expansioncontent:LastStand","Blind","expansioncontent:SlimeTackle"],"picked":"Mayhem","floor":39},{"not_picked":["Hololive_Trident+1","Hololive_HuntDinosaur+1","Hololive_CallYogiri","Hololive_Sequa"],"picked":"SKIP","floor":41},{"not_picked":["Hololive_CallUruhaRushia+1","Hololive_CallShirakamiFubuki","Hololive_RevenueBasedLive+1","Hololive_StrengthChampion"],"picked":"SKIP","floor":46},{"not_picked":["Hololive_CallCivia","Hololive_HuntDinosaur","Hololive_OvertimeWork"],"picked":"Hololive_DiamondStrike","floor":48}],"player_experience":354900,"relics_obtained":[{"floor":6,"key":"Bag of Marbles"},{"floor":9,"key":"War Paint"},{"floor":12,"key":"Regal Pillow"},{"floor":26,"key":"sneckomod:BlankCard"},{"floor":28,"key":"Happy Flower"},{"floor":30,"key":"MealTicket"},{"floor":43,"key":"Bottled Tornado"},{"floor":48,"key":"Potion Belt"}],"event_choices":[{"damage_healed":0,"gold_gain":75,"player_choice":"Gather Gold","damage_taken":11,"max_hp_gain":0,"max_hp_loss":0,"event_name":"World of Goop","floor":3,"gold_loss":0},{"damage_healed":0,"gold_gain":30,"player_choice":"Searched \u00273\u0027 times","damage_taken":0,"relics_obtained":["MawBank"],"max_hp_gain":0,"max_hp_loss":0,"event_name":"Dead Adventurer","floor":7,"gold_loss":0},{"damage_healed":0,"gold_gain":0,"player_choice":"Take Damage","damage_taken":8,"relics_obtained":["Golden Idol"],"max_hp_gain":0,"max_hp_loss":0,"event_name":"Golden Idol","floor":13,"gold_loss":0},{"damage_healed":12,"gold_gain":0,"player_choice":"Heal","damage_taken":0,"max_hp_gain":0,"max_hp_loss":0,"event_name":"The Library","floor":31,"gold_loss":0},{"damage_healed":0,"gold_gain":0,"player_choice":"Memory 3","damage_taken":10,"max_hp_gain":0,"max_hp_loss":0,"event_name":"SensoryStone","floor":39,"gold_loss":0},{"cards_removed":["Hololive_CocoNews"],"damage_healed":0,"gold_gain":0,"player_choice":"Removed Attack","damage_taken":0,"max_hp_gain":0,"max_hp_loss":0,"event_name":"Falling","floor":44,"gold_loss":0},{"damage_healed":0,"gold_gain":0,"player_choice":"Max HP","damage_taken":0,"max_hp_gain":0,"max_hp_loss":2,"event_name":"Winding Halls","floor":47,"gold_loss":0}],"is_beta":false,"boss_relics":[{"not_picked":["aspiration:RitualDagger","Hololive_ChaosS"],"picked":"SlaversCollar"},{"not_picked":["aspiration:PoetsPen_weak","Hololive_Finger"],"picked":"sneckomod:SneckoTalon"}],"items_purged_floors":[],"is_endless":false,"potions_floor_spawned":[1,5,11,12,18,19,22,28,35,46],"ascension_level":0}}