{"host":"8pjvbxl6xo882v42","time":1610207319,"event":{"mods":["AchievementEnabler","BaseMod","Minty Spire (QoL Compilation)","Replay The Spire","StSLib","The Cursed"],"gold_per_floor":[112,129,79,93,93,126,126,146,146,165,165,165,193,193,193,301,301,329,148,73,73,93,93,132,132,201,219,247,247,283,326,326,440,440,464,523,544,419,419,419,443,443,468,74,74,88,121,146,161,190,190,190,190],"floor_reached":52,"playtime":3486,"items_purged":["Parasite"],"score":893,"play_id":"8b268313-6cc1-422f-85d0-fdb0f1ffd1cd","local_time":"20210109164839","is_ascension_mode":true,"campfire_choices":[{"data":"Seeing Red","floor":7,"key":"SMITH"},{"data":"True Grit","floor":11,"key":"SMITH"},{"floor":15,"key":"REST"},{"data":"Infernal Blade","floor":23,"key":"SMITH"},{"floor":25,"key":"REST"},{"data":"Eclipse","floor":29,"key":"SMITH"},{"floor":32,"key":"REST"},{"data":"Uppercut","floor":42,"key":"SMITH"},{"data":"True Grit","floor":51,"key":"SMITH"}],"circlet_count":0,"master_deck":["AscendersBane","Strike_R","Strike_R","Strike_R+1","Strike_R+1","Defend_R+1","Defend_R","Bash","Infernal Blade+1","Perfected Strike","Dropkick","Seeing Red+1","Perfected Strike","True Grit+1","Eclipse+1","Reaper","Infernal Blade+1","Battle Trance","Uppercut+1","Clash+1","Swift Strike","Good Instincts+1","Spot Weakness","Pommel Strike+1","Perfected Strike","Exhume+1","Perfected Strike+1","Defy Death","Perfected Strike+1","Intimidate","Defy Death+1","True Grit+1","ReplayTheSpireMod:Stacked"],"relics":["Black Blood","WingedGreaves","Oddly Smooth Stone","CeramicFish","Mark of Pain","Pet Ghost","PreservedInsect","Onion Ring","Golden Egg","War Paint","Turnip","Bronze Scales","Shuriken","ReplayTheSpireMod:Ninjato","Red Skull"],"acts_visited":["Exordium","TheCity","TheBeyond"],"potions_floor_usage":[16,16,30,36,49,52],"damage_taken":[{"damage":0,"enemies":"Small Slimes","floor":1,"turns":3},{"damage":7,"enemies":"Jaw Worm","floor":2,"turns":3},{"damage":1,"enemies":"Cultist","floor":4,"turns":3},{"damage":42,"enemies":"Replay:BlueRogue","floor":6,"turns":5},{"damage":11,"enemies":"Looter","floor":8,"turns":3},{"damage":0,"enemies":"2 Fungi Beasts","floor":10,"turns":2},{"damage":3,"enemies":"Exordium Wildlife","floor":13,"turns":2},{"damage":12,"enemies":"Slime Boss","floor":16,"turns":6},{"damage":42,"enemies":"Shell Parasite","floor":18,"turns":5},{"damage":21,"enemies":"2 Thieves","floor":22,"turns":3},{"damage":19,"enemies":"Replay:Snechameleon","floor":24,"turns":4},{"damage":0,"enemies":"Snecko","floor":28,"turns":2},{"damage":6,"enemies":"Gremlin Leader","floor":30,"turns":4},{"damage":26,"enemies":"Book of Stabbing","floor":31,"turns":4},{"damage":57,"enemies":"Champ","floor":33,"turns":8},{"damage":5,"enemies":"3 Shapes","floor":35,"turns":2},{"damage":29,"enemies":"Mind Bloom Boss Battle","floor":36,"turns":6},{"damage":0,"enemies":"3 Darklings","floor":37,"turns":4},{"damage":0,"enemies":"Maw","floor":41,"turns":6},{"damage":29,"enemies":"Writhing Mass","floor":43,"turns":6},{"damage":3,"enemies":"Sphere and 2 Shapes","floor":46,"turns":5},{"damage":27,"enemies":"Reptomancer","floor":47,"turns":3},{"damage":18,"enemies":"3 Darklings","floor":48,"turns":4},{"damage":0,"enemies":"Jaw Worm Horde","floor":49,"turns":2},{"damage":20,"enemies":"Spire Growth","floor":50,"turns":3},{"damage":69,"enemies":"Donu and Deca","floor":52,"turns":5}],"seed_played":"-7761286455542525406","potions_obtained":[{"floor":1,"key":"ColorlessPotion"},{"floor":6,"key":"Milkshake"},{"floor":10,"key":"Strength Potion"},{"floor":12,"key":"PowerPotion"},{"floor":16,"key":"Reflective Coating"},{"floor":22,"key":"SmokeBomb"},{"floor":31,"key":"Milkshake"},{"floor":36,"key":"Fruit Juice"},{"floor":46,"key":"Swift Potion"},{"floor":47,"key":"FearPotion"},{"floor":49,"key":"Reflective Coating"}],"is_trial":false,"path_per_floor":["M","M","?","M","?","E","R","M","T","M","R","?","M","?","R","B",null,"M","$","?","?","M","R","E","R","T","?","M","R","E","E","R","B",null,"M","?","M","?","PTL","PTL","M","R","M","$","T","M","E","M","M","M","R","B"],"character_chosen":"IRONCLAD","items_purchased":["Pet Ghost","Battle Trance","Shuriken","Defy Death"],"campfire_rested":3,"item_purchase_floors":[19,19,44,44],"current_hp_per_floor":[72,71,71,72,65,29,29,24,24,30,30,30,33,19,40,34,63,31,31,31,55,40,40,33,54,54,35,41,41,62,42,63,19,59,72,60,72,72,72,72,77,77,60,60,60,74,59,68,74,66,66,0,0],"gold":190,"neow_bonus":"ONE_RARE_RELIC","is_daily":false,"chose_seed":false,"campfire_upgraded":6,"win_rate":0.0,"timestamp":1610207319,"path_taken":["M","M","?","M","?","E","R","M","T","M","R","?","?","?","R","BOSS","M","$","?","?","M","R","E","R","T","?","?","R","E","E","R","BOSS","M","?","M","?","PTL","PTL","M","R","M","$","T","?","E","M","M","M","R","BOSS"],"items_purchased_type":["Relic","Card","Relic","Card"],"build_version":"2020-12-22","purchased_purges":1,"victory":false,"max_hp_per_floor":[72,72,72,72,72,72,72,72,72,72,72,72,72,72,72,72,72,72,72,72,72,72,72,72,72,72,72,72,72,72,72,72,72,72,72,77,77,77,77,77,77,77,77,74,74,74,74,74,74,74,74,74,74],"card_choices":[{"not_picked":["Iron Wave","Havoc"],"picked":"Infernal Blade","floor":1},{"not_picked":["Sword Boomerang","Second Wind"],"picked":"Perfected Strike","floor":2},{"not_picked":["True Grit","Abandon"],"picked":"Dropkick","floor":4},{"not_picked":["Rage","ReplayTheSpireMod:Corrosion Curse"],"picked":"Seeing Red","floor":6},{"not_picked":["Havoc","Bloodletting"],"picked":"Perfected Strike","floor":8},{"not_picked":["Warcry","Carnage"],"picked":"True Grit","floor":10},{"not_picked":["Iron Wave","Body Slam"],"picked":"Eclipse","floor":13},{"not_picked":["Barricade","Bludgeon"],"picked":"Reaper","floor":16},{"not_picked":["ReplayTheSpireMod:Strike From Hell+1","Pommel Strike+1"],"picked":"Infernal Blade+1","floor":18},{"not_picked":["Armaments","Anger"],"picked":"Uppercut","floor":22},{"not_picked":["Inflame","Wild Strike"],"picked":"Clash+1","floor":24},{"not_picked":["Dark Embrace","Juggernaut"],"picked":"Spot Weakness","floor":28},{"not_picked":["Barricade","Dual Wield"],"picked":"Pommel Strike+1","floor":30},{"not_picked":["ReplayReversal","ReplayTheSpireMod:Strike From Hell"],"picked":"Perfected Strike","floor":31},{"not_picked":["Eclipse","Bludgeon"],"picked":"Exhume","floor":33},{"not_picked":["Rupture+1","Twin Strike"],"picked":"Perfected Strike+1","floor":35},{"not_picked":["Life Link","Thunderclap+1"],"picked":"Defy Death","floor":36},{"not_picked":["Cleave","Dropkick+1"],"picked":"Perfected Strike+1","floor":37},{"not_picked":["Thunderclap","Clothesline"],"picked":"Intimidate","floor":41},{"not_picked":["ReplayTheSpireMod:Corrosion Curse+1","Seeing Red","Searing Blow"],"picked":"SKIP","floor":43},{"not_picked":["ReplayTheSpireMod:Strike From Hell","Hemogenesis","Warcry+1"],"picked":"SKIP","floor":46},{"not_picked":["Immolate","Armaments","Iron Wave+1"],"picked":"SKIP","floor":47},{"not_picked":["Carnage+1","Clothesline"],"picked":"True Grit","floor":48},{"not_picked":["Wild Strike+1","Clash+1","Headbutt+1"],"picked":"SKIP","floor":49},{"not_picked":["Heavy Blade","Thunderclap+1"],"picked":"ReplayTheSpireMod:Stacked","floor":50}],"player_experience":285972,"relics_obtained":[{"floor":6,"key":"Oddly Smooth Stone"},{"floor":9,"key":"CeramicFish"},{"floor":24,"key":"PreservedInsect"},{"floor":26,"key":"Onion Ring"},{"floor":30,"key":"Golden Egg"},{"floor":31,"key":"War Paint"},{"floor":36,"key":"Turnip"},{"floor":45,"key":"ReplayTheSpireMod:Ninjato"},{"floor":47,"key":"Red Skull"}],"event_choices":[{"cards_removed":["Defend_R"],"damage_healed":0,"gold_gain":0,"player_choice":"Card Removal","damage_taken":0,"max_hp_gain":0,"max_hp_loss":0,"event_name":"The Cleric","floor":3,"gold_loss":50},{"cards_removed":["Defend_R"],"damage_healed":0,"gold_gain":0,"player_choice":"Card Removal","damage_taken":7,"max_hp_gain":0,"max_hp_loss":0,"event_name":"Golden Wing","floor":5,"gold_loss":0},{"damage_healed":0,"gold_gain":0,"player_choice":"Got Potions","damage_taken":0,"max_hp_gain":0,"max_hp_loss":0,"event_name":"Lab","floor":12,"gold_loss":0},{"damage_healed":0,"gold_gain":0,"player_choice":"Entered Light","damage_taken":14,"max_hp_gain":0,"max_hp_loss":0,"event_name":"Shining Light","floor":14,"gold_loss":0,"cards_upgraded":["Strike_R","Strike_R"]},{"cards_removed":["Strike_R"],"damage_healed":0,"gold_gain":0,"player_choice":"Gave Gold","damage_taken":0,"max_hp_gain":0,"max_hp_loss":0,"event_name":"Beggar","floor":20,"gold_loss":75},{"damage_healed":24,"gold_gain":0,"player_choice":"Heal","damage_taken":0,"max_hp_gain":0,"max_hp_loss":0,"event_name":"The Library","floor":21,"gold_loss":0},{"damage_healed":0,"gold_gain":0,"player_choice":"CARD CARD ","damage_taken":19,"max_hp_gain":0,"max_hp_loss":0,"event_name":"Knowing Skull","floor":27,"potions_obtained":[],"gold_loss":0,"cards_obtained":["Swift Strike","Good Instincts"]},{"damage_healed":0,"gold_gain":0,"player_choice":"Fight","damage_taken":0,"max_hp_gain":0,"max_hp_loss":0,"event_name":"MindBloom","floor":36,"gold_loss":0},{"damage_healed":0,"gold_gain":0,"player_choice":"Paid Gold","damage_taken":0,"relics_obtained":["Bronze Scales"],"max_hp_gain":0,"max_hp_loss":0,"event_name":"WeMeetAgain","floor":38,"gold_loss":125}],"is_beta":false,"boss_relics":[{"not_picked":["Black Star","Coffee Dripper"],"picked":"Mark of Pain"},{"not_picked":["Replay:Bronze Core","Ooze Armor"],"picked":"Black Blood"}],"items_purged_floors":[44],"is_endless":false,"potions_floor_spawned":[1,6,10,16,22,24,31,36,46,47,49],"killed_by":"Donu and Deca","ascension_level":11}}