{"host":"r3d3rfw8zyydmocx","time":1610172868,"event":{"mods":["Aspiration","BaseMod","Better Third Choice","Colored Powertips","Conspire","Downfall","Hermit","Highlight Path","Hubris","Minty Spire (QoL Compilation)","StSLib","The Hierophant","The Servant 0.9.4"],"gold_per_floor":[99,99,99,99,113,128,128,128,128,128],"floor_reached":8,"playtime":222,"items_purged":[],"score":62,"play_id":"f79a4ddd-10ee-4414-93a2-a5a4306130f6","local_time":"20210108221428","is_ascension_mode":true,"campfire_choices":[{"data":"Slimebound:Split","floor":1,"key":"SMITH"}],"circlet_count":0,"master_deck":["Slimebound:Strike_Slimebound","Slimebound:Strike_Slimebound","Slimebound:Strike_Slimebound","Slimebound:Tackle","Slimebound:Defend_Slimebound","Slimebound:Defend_Slimebound","Slimebound:Defend_Slimebound","Slimebound:Defend_Slimebound","Slimebound:Split+1","Slimebound:CorrosiveSpit","Slimebound:LevelUp","Slimebound:RejuvenatingLick","Slimebound:LeadByExample","Slimebound:SplitSpecialist"],"relics":["Slimebound:AbsorbEndCombat","downfall:HeartsMalice","conspire:DeflatedDodgeball"],"acts_visited":["Exordium"],"potions_floor_usage":[8],"damage_taken":[{"damage":0,"enemies":"Cultist","floor":2,"turns":1},{"damage":0,"enemies":"2 Louse","floor":3,"turns":1},{"damage":0,"enemies":"Jaw Worm","floor":4,"turns":1},{"damage":10,"enemies":"2 Fungi Beasts","floor":5,"turns":4},{"damage":49,"enemies":"Lots of Slimes","floor":6,"turns":5},{"damage":32,"enemies":"3 Sentries","floor":8,"turns":3}],"seed_played":"8166902373151624437","potions_obtained":[{"floor":6,"key":"SkillPotion"}],"is_trial":false,"path_per_floor":["R","M","M","M","M","M","T","E"],"character_chosen":"SLIMEBOUND","items_purchased":[],"campfire_rested":0,"item_purchase_floors":[],"current_hp_per_floor":[54,54,54,54,58,25,25,0,0,0],"gold":128,"neow_bonus":"THREE_ENEMY_KILL","is_daily":false,"chose_seed":false,"campfire_upgraded":1,"win_rate":0.0,"timestamp":1610172868,"path_taken":["R","M","M","?","M","M","T","E"],"items_purchased_type":[],"build_version":"2020-12-22","purchased_purges":0,"victory":false,"max_hp_per_floor":[60,60,60,60,60,60,60,60,60,60],"card_choices":[{"not_picked":["Slimebound:GrowthPunch","Slimebound:DisruptingSlam"],"picked":"Slimebound:LevelUp","floor":2},{"not_picked":["Slimebound:GoopSpray","Slimebound:SplitAcid"],"picked":"Slimebound:RejuvenatingLick","floor":3},{"not_picked":["Slimebound:ServeAndProtect","Slimebound:SplitBruiser"],"picked":"Slimebound:LeadByExample","floor":4},{"not_picked":["Slimebound:GrowthPunch","Slimebound:SplitAcid"],"picked":"Slimebound:SplitSpecialist","floor":5},{"not_picked":["Slimebound:SplitAcid","Slimebound:SlimeSpikes","Slimebound:SplitBruiser"],"picked":"SKIP","floor":6}],"player_experience":563994,"relics_obtained":[{"floor":7,"key":"conspire:DeflatedDodgeball"}],"event_choices":[],"is_beta":false,"boss_relics":[],"items_purged_floors":[],"is_endless":false,"potions_floor_spawned":[6],"killed_by":"3 Sentries","ascension_level":8}}