{"host":"cv77zuuuekizn3ic","time":1610172510,"event":{"mods":["AchievementEnabler","BaseMod","Marisa£®ÏF”Í°°ƒß¿Ì…≥£©","Minty Spire (QoL Compilation)","StSLib","Waifu the Spire","everything is the same but u backflip on backflip","slay the spire mod where everything is the same but ironclad has a cowboy hat"],"gold_per_floor":[119,119,119,132,46,46,61,61,88,135,170,170,191,232,232,330,330,353,278,126,139,155,186,207,306,384,404,448,448,472,174,174,268,268,287,302,177,245,270,270,308,218,294,314,337,376,376,395,395,395,395,395,208,248,248],"floor_reached":56,"playtime":4726,"items_purged":["Strike_G","Strike_G","Strike_G+1","Defend_G"],"score":2127,"play_id":"a2864b6c-04a6-49f7-bc07-d66ed043ed84","local_time":"20210109140830","is_ascension_mode":true,"campfire_choices":[{"data":"Footwork","floor":6.0,"key":"SMITH"},{"data":"Acrobatics","floor":8.0,"key":"SMITH"},{"data":"Well Laid Plans","floor":15.0,"key":"SMITH"},{"data":"Tactician","floor":32.0,"key":"SMITH"},{"data":"Prepared","floor":40.0,"key":"SMITH"},{"data":"Prepared","floor":47.0,"key":"SMITH"},{"floor":49.0,"key":"RECALL"},{"data":"Prepared","floor":52.0,"key":"SMITH"}],"circlet_count":0,"master_deck":["AscendersBane","Defend_G","Defend_G+1","Defend_G","Survivor","Neutralize","Accuracy","Acrobatics+1","Blade Dance","Footwork+1","Tactician+1","Blade Dance","Well Laid Plans+1","After Image","Escape Plan","Blur","Tactician+1","Phantasmal Killer","After Image","Prepared+1","Reflex+1","Madness","Prepared+1","Wraith Form v2","Acrobatics+1","Escape Plan+1","Prepared+1","Prepared+1","Reflex","Concentrate","A Thousand Cuts"],"relics":["Ring of the Serpent","Golden Idol","Potion Belt","Blood Vial","Boot","Matryoshka","Centennial Puzzle","Dream Catcher","Pear","MealTicket","Lizard Tail","Runic Pyramid","TungstenRod","Question Card","Anchor","Torii","Lantern"],"acts_visited":["Exordium","TheCity","TheBeyond","TheEnding"],"potions_floor_usage":[55,55,55],"damage_taken":[{"damage":0.0,"enemies":"2 Louse","floor":1.0,"turns":5.0},{"damage":4.0,"enemies":"Jaw Worm","floor":4.0,"turns":8.0},{"damage":4.0,"enemies":"Small Slimes","floor":7.0,"turns":3.0},{"damage":0.0,"enemies":"3 Sentries","floor":11.0,"turns":8.0},{"damage":2.0,"enemies":"Gremlin Gang","floor":13.0,"turns":6.0},{"damage":16.0,"enemies":"Gremlin Nob","floor":14.0,"turns":4.0},{"damage":12.0,"enemies":"The Guardian","floor":16.0,"turns":11.0},{"damage":0.0,"enemies":"3 Byrds","floor":18.0,"turns":6.0},{"damage":1.0,"enemies":"Spheric Guardian","floor":21.0,"turns":5.0},{"damage":0.0,"enemies":"Snecko","floor":22.0,"turns":6.0},{"damage":13.0,"enemies":"Gremlin Leader","floor":23.0,"turns":8.0},{"damage":18.0,"enemies":"Chosen and Byrds","floor":24.0,"turns":8.0},{"damage":11.0,"enemies":"Sentry and Sphere","floor":27.0,"turns":6.0},{"damage":18.0,"enemies":"Book of Stabbing","floor":28.0,"turns":7.0},{"damage":7.0,"enemies":"3 Cultists","floor":30.0,"turns":6.0},{"damage":16.0,"enemies":"Champ","floor":33.0,"turns":9.0},{"damage":7.0,"enemies":"3 Darklings","floor":35.0,"turns":5.0},{"damage":0.0,"enemies":"Orb Walker","floor":36.0,"turns":4.0},{"damage":27.0,"enemies":"2 Orb Walkers","floor":38.0,"turns":7.0},{"damage":0.0,"enemies":"Maw","floor":39.0,"turns":7.0},{"damage":4.0,"enemies":"Nemesis","floor":41.0,"turns":7.0},{"damage":0.0,"enemies":"3 Darklings","floor":44.0,"turns":4.0},{"damage":6.0,"enemies":"Jaw Worm Horde","floor":45.0,"turns":5.0},{"damage":0.0,"enemies":"Giant Head","floor":46.0,"turns":5.0},{"damage":0.0,"enemies":"Maw","floor":48.0,"turns":3.0},{"damage":0.0,"enemies":"Donu and Deca","floor":50.0,"turns":5.0},{"damage":16.0,"enemies":"Shield and Spear","floor":54.0,"turns":6.0},{"damage":0,"enemies":"The Heart","floor":55,"turns":9}],"seed_played":"6726437037893522046","potions_obtained":[{"floor":1.0,"key":"Fire Potion"},{"floor":7.0,"key":"SkillPotion"},{"floor":11.0,"key":"SpeedPotion"},{"floor":18.0,"key":"Explosive Potion"},{"floor":23.0,"key":"Weak Potion"},{"floor":24.0,"key":"LiquidBronze"},{"floor":33.0,"key":"Dexterity Potion"},{"floor":35.0,"key":"SmokeBomb"},{"floor":38.0,"key":"Regen Potion"},{"floor":39.0,"key":"DuplicationPotion"}],"is_trial":false,"path_per_floor":["M","?","?","M","$","R","M","R","T","T","E","?","M","E","R","B",null,"M","?","$","M","M","E","M","?","T","M","E","?","M","$","R","B",null,"M","M","$","?","M","R","E","?","T","M","M","E","R","M","R","B",null,"R","$","E","B",null],"character_chosen":"THE_SILENT","items_purchased":["Blade Dance","Footwork","Blur","Reflex","Madness","Prepared","Concentrate"],"campfire_rested":0,"item_purchase_floors":[5,5,20,31,31,31,53],"current_hp_per_floor":[63,63,50,46,46,46,42,42,42,42,44,49,49,35,35,25,59,61,61,61,62,64,53,37,37,47,38,22,22,17,32,32,18,65,60,62,77,52,54,54,52,52,52,54,50,52,52,54,54,56,74,74,80,64,80],"gold":248,"neow_bonus":"REMOVE_CARD","is_daily":false,"chose_seed":false,"campfire_upgraded":7,"win_rate":0.0,"timestamp":1610172510,"path_taken":["M","?","?","M","$","R","M","R","T","?","E","?","M","E","R","BOSS","M","?","$","M","M","E","M","?","T","M","E","?","M","$","R","BOSS","M","?","$","?","M","R","E","?","T","M","?","E","R","M","R","BOSS","R","$","E","BOSS"],"items_purchased_type":["Card","Card","Card","Card","Card","Card","Card"],"build_version":"2020-12-22","purchased_purges":4,"victory":true,"max_hp_per_floor":[70,65,65,65,65,65,65,65,65,65,65,70,70,70,70,70,70,70,70,70,70,70,70,70,70,80,80,80,80,80,80,80,80,80,80,80,80,80,80,80,80,80,80,80,80,80,80,80,80,80,80,80,80,80,80],"card_choices":[{"not_picked":["Flying Knee","Finisher"],"picked":"Accuracy","floor":1.0},{"not_picked":["Prepared","Slice"],"picked":"Acrobatics","floor":4.0},{"not_picked":["Bane","Heel Hook","Riddle With Holes"],"picked":"SKIP","floor":7.0},{"not_picked":["Flechettes","Infinite Blades"],"picked":"Tactician","floor":11.0},{"not_picked":["Backflip","Cloak And Dagger"],"picked":"Blade Dance","floor":13.0},{"not_picked":["Backflip","Distraction"],"picked":"Well Laid Plans","floor":14.0},{"not_picked":["Venomology","Phantasmal Killer"],"picked":"After Image","floor":16.0},{"not_picked":["Outmaneuver","Blade Dance"],"picked":"Escape Plan","floor":18.0},{"not_picked":["Choke","Skewer"],"picked":"Tactician+1","floor":21.0},{"not_picked":["Dagger Throw","PiercingWail","Deflect"],"picked":"SKIP","floor":22.0},{"not_picked":["Dagger Spray+1","PiercingWail+1"],"picked":"Phantasmal Killer","floor":23.0},{"not_picked":["Eviscerate","Deadly Poison","Poisoned Stab"],"picked":"SKIP","floor":24.0},{"not_picked":["Dodge and Roll","Cloak And Dagger+1","Dagger Throw"],"picked":"SKIP","floor":27.0},{"not_picked":["Dagger Throw","Slice"],"picked":"After Image","floor":28.0},{"not_picked":["Poisoned Stab","Riddle With Holes"],"picked":"Prepared+1","floor":30.0},{"not_picked":["Venomology","Unload"],"picked":"Wraith Form v2","floor":33.0},{"not_picked":["Outmaneuver","Dagger Throw"],"picked":"Acrobatics+1","floor":35.0},{"not_picked":["PiercingWail+1","Bane","Skewer"],"picked":"SKIP","floor":36.0},{"not_picked":["Backstab","Flechettes"],"picked":"Escape Plan+1","floor":38.0},{"not_picked":["Terror+1","Slice"],"picked":"Prepared","floor":39.0},{"not_picked":["PiercingWail","After Image"],"picked":"Prepared","floor":41.0},{"not_picked":["PiercingWail","Prepared","Dagger Spray"],"picked":"Reflex","floor":44.0},{"not_picked":["Quick Slash","Well Laid Plans","Blade Dance","Flechettes"],"picked":"SKIP","floor":45.0},{"not_picked":["Setup+1","Endless Agony","Skewer","All Out Attack+1"],"picked":"SKIP","floor":46.0},{"not_picked":["PiercingWail","Backstab+1","Masterful Stab+1","Underhanded Strike"],"picked":"SKIP","floor":48.0},{"not_picked":["Setup+1","Caltrops+1","Quick Slash"],"picked":"A Thousand Cuts","floor":54.0}],"player_experience":807251,"relics_obtained":[{"floor":9.0,"key":"Potion Belt"},{"floor":10.0,"key":"Blood Vial"},{"floor":11.0,"key":"Boot"},{"floor":14.0,"key":"Matryoshka"},{"floor":23.0,"key":"Centennial Puzzle"},{"floor":26.0,"key":"Dream Catcher"},{"floor":26.0,"key":"Pear"},{"floor":28.0,"key":"MealTicket"},{"floor":38.0,"key":"TungstenRod"},{"floor":41.0,"key":"Question Card"},{"floor":43.0,"key":"Anchor"},{"floor":46.0,"key":"Torii"},{"floor":54.0,"key":"Lantern"}],"event_choices":[{"damage_healed":0.0,"max_hp_gain":0.0,"max_hp_loss":5.0,"gold_gain":0.0,"event_name":"Golden Idol","player_choice":"Lose Max HP","floor":2.0,"gold_loss":0.0,"damage_taken":0.0,"relics_obtained":["Golden Idol"]},{"damage_healed":0.0,"max_hp_gain":0.0,"max_hp_loss":0.0,"gold_gain":0.0,"event_name":"Shining Light","player_choice":"Entered Light","floor":3.0,"gold_loss":0.0,"damage_taken":13.0,"cards_upgraded":["Defend_G","Strike_G"]},{"damage_healed":0.0,"max_hp_gain":5.0,"max_hp_loss":0.0,"gold_gain":0.0,"event_name":"Big Fish","player_choice":"Donut","floor":12.0,"gold_loss":0.0,"damage_taken":0.0},{"cards_removed":["Strike_G"],"damage_healed":0.0,"max_hp_gain":0.0,"max_hp_loss":0.0,"gold_gain":0.0,"event_name":"Beggar","player_choice":"Gave Gold","floor":19.0,"gold_loss":75.0,"damage_taken":0.0},{"damage_healed":0.0,"max_hp_gain":0.0,"max_hp_loss":0.0,"gold_gain":99.0,"event_name":"Nest","player_choice":"Stole From Cult","floor":25.0,"gold_loss":0.0,"damage_taken":0.0},{"damage_healed":0.0,"max_hp_gain":0.0,"max_hp_loss":0.0,"gold_gain":0.0,"event_name":"WeMeetAgain","player_choice":"Gave Potion","floor":29.0,"gold_loss":0.0,"damage_taken":0.0,"relics_obtained":["Lizard Tail"]},{"damage_healed":0.0,"max_hp_gain":0.0,"max_hp_loss":0.0,"gold_gain":0.0,"event_name":"Mysterious Sphere","player_choice":"Fight","floor":38.0,"gold_loss":0.0,"damage_taken":0.0},{"cards_removed":["Defend_G"],"damage_healed":0.0,"max_hp_gain":0.0,"max_hp_loss":0.0,"gold_gain":0.0,"event_name":"Designer","player_choice":"Upgrade and Remove","floor":42.0,"gold_loss":90.0,"damage_taken":0.0,"cards_upgraded":["Reflex"]}],"is_beta":false,"boss_relics":[{"not_picked":["Ectoplasm","Cursed Key"],"picked":"Ring of the Serpent"},{"not_picked":["Velvet Choker","Snecko Eye"],"picked":"Runic Pyramid"}],"items_purged_floors":[20,31,37,53],"is_endless":false,"potions_floor_spawned":[1,7,11,18,23,24,33,35,38,39,45,48],"ascension_level":13}}