{"host":"qrt7o4dq2qslzw13","time":1610179580,"event":{"mods":["AchievementEnabler","BaseMod","Colored Map","Colored Powertips","Minty Spire (QoL Compilation)","Quick Restart","StSLib","SuperFastMode"],"gold_per_floor":[116,116,144,166,178,190,215,227,239,526,538,570,757,769,781,793,793],"floor_reached":16,"playtime":230,"items_purged":[],"score":135,"play_id":"25a9dba1-49a3-4890-867b-8eb48d2428e3","local_time":"20210109030620","is_ascension_mode":true,"campfire_choices":[{"floor":6,"key":"REST"},{"data":"Concentrate","floor":8,"key":"SMITH"},{"floor":11,"key":"REST"},{"data":"Prepared","floor":15,"key":"SMITH"}],"circlet_count":0,"master_deck":["AscendersBane","Strike_G","Strike_G","Strike_G","Strike_G","Strike_G","Defend_G","Defend_G","Defend_G","Defend_G","Defend_G","Survivor","Neutralize","Prepared+1","Endless Agony","Backstab","Concentrate+1","Regret","Quick Slash","Doubt"],"relics":["Ring of the Snake","Calipers","MawBank","StrikeDummy"],"acts_visited":["Exordium"],"potions_floor_usage":[12,16],"damage_taken":[{"damage":3.0,"enemies":"2 Louse","floor":1.0,"turns":4.0},{"damage":4.0,"enemies":"Small Slimes","floor":3.0,"turns":6.0},{"damage":2.0,"enemies":"Cultist","floor":4.0,"turns":4.0},{"damage":4,"enemies":"Exordium Wildlife","floor":7,"turns":6},{"damage":9,"enemies":"Blue Slaver","floor":12,"turns":4},{"damage":64,"enemies":"Hexaghost","floor":16,"turns":9}],"seed_played":"7043199938233177295","potions_obtained":[{"floor":3.0,"key":"DistilledChaos"},{"floor":12,"key":"Fruit Juice"}],"is_trial":false,"path_per_floor":["M","?","M","M","$","R","M","R","T","?","R","M","?","?","R","B"],"character_chosen":"THE_SILENT","items_purchased":[],"campfire_rested":2,"item_purchase_floors":[],"current_hp_per_floor":[42,35,31,29,29,50,46,46,46,46,67,63,63,63,63,0,0],"gold":793,"neow_bonus":"ONE_RARE_RELIC","is_daily":false,"chose_seed":false,"campfire_upgraded":2,"win_rate":0.0,"timestamp":1610179580,"path_taken":["M","?","M","M","$","R","M","R","T","?","R","?","?","?","R","BOSS"],"items_purchased_type":[],"build_version":"2020-12-22","purchased_purges":0,"victory":false,"max_hp_per_floor":[70,70,70,70,70,70,70,70,70,70,70,75,75,75,75,75,75],"card_choices":[{"not_picked":["Dodge and Roll","Bane"],"picked":"Prepared","floor":1.0},{"not_picked":["Deadly Poison","Infinite Blades"],"picked":"Endless Agony","floor":3.0},{"not_picked":["Acrobatics","Slice"],"picked":"Backstab","floor":4.0},{"not_picked":["PiercingWail","Outmaneuver"],"picked":"Concentrate","floor":7},{"not_picked":["Underhanded Strike","PiercingWail"],"picked":"Quick Slash","floor":12}],"player_experience":526916,"relics_obtained":[{"floor":9,"key":"StrikeDummy"}],"event_choices":[{"damage_healed":0.0,"max_hp_gain":0.0,"max_hp_loss":0.0,"gold_gain":0.0,"event_name":"Scrap Ooze","player_choice":"Success","floor":2.0,"gold_loss":0.0,"damage_taken":7.0,"relics_obtained":["MawBank"]},{"damage_healed":0,"gold_gain":275,"player_choice":"Desecrate","damage_taken":0,"max_hp_gain":0,"max_hp_loss":0,"event_name":"Golden Shrine","floor":10,"gold_loss":0,"cards_obtained":["Regret"]},{"damage_healed":0,"gold_gain":175,"player_choice":"AGREE","damage_taken":0,"max_hp_gain":0,"max_hp_loss":0,"event_name":"Liars Game","floor":13,"gold_loss":0,"cards_obtained":["Doubt"]},{"damage_healed":0,"gold_gain":0,"player_choice":"Searched \u00270\u0027 times","damage_taken":0,"max_hp_gain":0,"max_hp_loss":0,"event_name":"Dead Adventurer","floor":14,"gold_loss":0}],"is_beta":false,"boss_relics":[],"items_purged_floors":[],"is_endless":false,"potions_floor_spawned":[3,12],"killed_by":"Hexaghost","ascension_level":10}}