{"host":"Timothy","time":1610166501,"event":{"mods":["AchievementEnabler","BaseMod","Bestiary","Highlight Path","Minty Spire (QoL Compilation)","Quick Restart","Slay-I"],"gold_per_floor":[110,130,55,55,68,68,81,99,99,112,112,123,123,139,139,213,213,228,228,244,3,3,33,44,44,44,74,89,14,14,14],"floor_reached":30,"playtime":907,"items_purged":["Strike_G","Strike_G"],"score":528,"play_id":"27e2f766-1db6-497d-8168-0eaefab93fd1","local_time":"20210108202821","is_ascension_mode":true,"campfire_choices":[{"data":"Survivor","floor":6.0,"key":"SMITH"},{"data":"Defend_G","floor":11.0,"key":"SMITH"},{"data":"Defend_G","floor":13.0,"key":"SMITH"},{"data":"Defend_G","floor":15.0,"key":"SMITH"},{"data":"Defend_G","floor":25.0,"key":"SMITH"}],"circlet_count":0,"master_deck":["AscendersBane","Strike_G","Strike_G","Defend_G+1","Defend_G+1","Defend_G+1","Defend_G+1","Defend_G","Survivor+1","Neutralize+1","Masterful Stab","Backstab","Blade Dance+1","Blade Dance","Endless Agony","Storm of Steel","Escape Plan","Crippling Poison","Infinite Blades","Slice","Blade Dance+1"],"relics":["WristBlade","Letter Opener","Coffee Dripper","White Beast Statue","Darkstone Periapt","Bottled Tornado","War Paint"],"acts_visited":["Exordium","TheCity"],"potions_floor_usage":[28,28],"damage_taken":[{"damage":1.0,"enemies":"Cultist","floor":1.0,"turns":4.0},{"damage":1.0,"enemies":"Small Slimes","floor":2.0,"turns":5.0},{"damage":4.0,"enemies":"Jaw Worm","floor":5.0,"turns":3.0},{"damage":1.0,"enemies":"3 Louse","floor":7.0,"turns":2.0},{"damage":4.0,"enemies":"Red Slaver","floor":8.0,"turns":2.0},{"damage":0.0,"enemies":"2 Fungi Beasts","floor":10.0,"turns":2.0},{"damage":0.0,"enemies":"Large Slime","floor":12.0,"turns":3.0},{"damage":0.0,"enemies":"3 Louse","floor":14.0,"turns":2.0},{"damage":13.0,"enemies":"Slime Boss","floor":16.0,"turns":8.0},{"damage":0.0,"enemies":"Chosen","floor":18.0,"turns":3.0},{"damage":0.0,"enemies":"Spheric Guardian","floor":20.0,"turns":1.0},{"damage":17.0,"enemies":"Slavers","floor":23.0,"turns":4.0},{"damage":12.0,"enemies":"Shelled Parasite and Fungi","floor":24.0,"turns":3.0},{"damage":24.0,"enemies":"Book of Stabbing","floor":27.0,"turns":3.0},{"damage":5,"enemies":"Snake Plant","floor":28,"turns":3}],"seed_played":"-2646199277843597797","potions_obtained":[{"floor":7.0,"key":"Regen Potion"},{"floor":10.0,"key":"PowerPotion"},{"floor":18.0,"key":"Strength Potion"},{"floor":23.0,"key":"Poison Potion"},{"floor":24.0,"key":"CultistPotion"},{"floor":27.0,"key":"SpeedPotion"},{"floor":28,"key":"ColorlessPotion"}],"is_trial":false,"path_per_floor":["M","M","$","?","M","R","M","M","T","M","R","M","R","M","R","B",null,"M","?","M","$","?","E","M","R","T","E","M","?","?"],"character_chosen":"THE_SILENT","items_purchased":["Infinite Blades","Slice"],"campfire_rested":0,"item_purchase_floors":[21,21],"current_hp_per_floor":[58,57,57,57,53,53,52,48,48,48,48,48,48,48,48,50,62,62,62,62,62,62,45,33,33,33,9,4,4,0,0],"gold":14,"neow_bonus":"BOSS_RELIC","is_daily":false,"chose_seed":false,"campfire_upgraded":5,"win_rate":0.0,"timestamp":1610166501,"path_taken":["M","M","$","?","M","R","M","?","T","M","R","M","R","M","R","BOSS","M","?","?","$","?","E","M","R","T","E","M","?","?"],"items_purchased_type":["Card","Card"],"build_version":"2020-12-18","purchased_purges":2,"victory":false,"max_hp_per_floor":[66,66,66,66,66,66,66,66,66,66,66,66,66,66,66,66,66,66,66,66,66,66,66,66,66,66,66,66,66,66,66],"card_choices":[{"not_picked":["Sucker Punch","Finisher","Dodge and Roll"],"picked":"SKIP","floor":1.0},{"not_picked":["PiercingWail","Poisoned Stab"],"picked":"Masterful Stab","floor":2.0},{"not_picked":["Prepared","Riddle With Holes"],"picked":"Backstab","floor":5.0},{"not_picked":["Eviscerate","Underhanded Strike"],"picked":"Blade Dance","floor":7.0},{"not_picked":["PiercingWail","Flechettes"],"picked":"Blade Dance","floor":8.0},{"not_picked":["Dodge and Roll","Prepared","Acrobatics"],"picked":"SKIP","floor":10.0},{"not_picked":["Heel Hook","Corpse Explosion"],"picked":"Endless Agony","floor":12.0},{"not_picked":["Flying Knee","Dagger Spray","Acrobatics"],"picked":"SKIP","floor":14.0},{"not_picked":["Phantasmal Killer","Unload"],"picked":"Storm of Steel","floor":16.0},{"not_picked":["Calculated Gamble","Terror"],"picked":"Escape Plan","floor":18.0},{"not_picked":["Bane","All Out Attack","Flying Knee+1"],"picked":"SKIP","floor":20.0},{"not_picked":["Bouncing Flask","PiercingWail"],"picked":"Blade Dance","floor":23.0},{"not_picked":["Underhanded Strike","Poisoned Stab","Quick Slash"],"picked":"SKIP","floor":24.0},{"not_picked":["Dagger Spray","Sucker Punch","Terror"],"picked":"SKIP","floor":27.0},{"not_picked":["Masterful Stab","Dagger Throw","Underhanded Strike"],"picked":"SKIP","floor":28}],"player_experience":783824,"relics_obtained":[{"floor":9.0,"key":"Letter Opener"},{"floor":23.0,"key":"Darkstone Periapt"},{"floor":26.0,"key":"Bottled Tornado"},{"floor":27.0,"key":"War Paint"}],"event_choices":[{"damage_healed":0.0,"max_hp_gain":0.0,"max_hp_loss":0.0,"gold_gain":0.0,"event_name":"Upgrade Shrine","player_choice":"Upgraded","floor":4.0,"gold_loss":0.0,"damage_taken":0.0,"cards_upgraded":["Neutralize"]},{"damage_healed":0.0,"max_hp_gain":0.0,"max_hp_loss":0.0,"gold_gain":0.0,"cards_transformed":["Strike_G"],"event_name":"Transmorgrifier","player_choice":"Transformed","floor":19.0,"gold_loss":0.0,"damage_taken":0.0,"cards_obtained":["Crippling Poison"]},{"damage_healed":0.0,"max_hp_gain":0.0,"max_hp_loss":0.0,"gold_gain":0.0,"event_name":"Addict","player_choice":"Stole Relic","floor":22.0,"gold_loss":0.0,"damage_taken":0.0,"relics_obtained":["White Beast Statue"],"cards_obtained":["Shame"]},{"cards_removed":["Shame"],"damage_healed":0,"gold_gain":0,"player_choice":"Gave Gold","damage_taken":0,"max_hp_gain":0,"max_hp_loss":0,"event_name":"Beggar","floor":29,"gold_loss":75}],"is_beta":true,"boss_relics":[{"not_picked":["Tiny House","Runic Dome"],"picked":"Coffee Dripper"}],"items_purged_floors":[3,21],"is_endless":false,"potions_floor_spawned":[7,10,14,18,23,24,27,28],"ascension_level":20}}