{"host":"1hyzy7ndnud2osw4","time":1610150690,"event":{"mods":["Art Attack!","Bard","BaseMod","Better Third Choice","BetterRewards","Colored Map","Colored Powertips","Dota2Spire","GungeonMod","Infinite Spire","Minty Spire (QoL Compilation)","Quick Restart","Shop Mod","Spicy Shops","StSLib","The Sage","Uncapped","WarShipGirlsR/??á´Ò³R mod"],"gold_per_floor":[116,116,135,148,148,174,174,203,228,255,265,265,299,333,333,433,433,445,464,464,464,464,498,510,510,564,591,591,602,629,76,76,180,180,194,194,194,244,279,279,308,321,400,417,450,479,490,522,522,522,522],"floor_reached":50,"playtime":5726,"items_purged":[],"score":1159,"play_id":"17f954ed-d583-44c0-9f3b-4461c828da94","local_time":"20210109090450","daily_mods":["Draft","Colorless Cards","Heirloom","DeadlyEvents","Elite Swarm"],"is_ascension_mode":true,"campfire_choices":[{"data":"rmod:expedition","floor":7.0,"key":"SMITH"},{"data":"rmod:diamondstrike","floor":12.0,"key":"SMITH"},{"data":"Mayhem","floor":15.0,"key":"SMITH"},{"data":"rmod:diamondstrike","floor":25.0,"key":"SMITH"},{"data":"Apotheosis","floor":28.0,"key":"SMITH"},{"data":"rmod:openingtorpedo","floor":32.0,"key":"SMITH"},{"data":"rmod:expedition+1","floor":40.0,"key":"SMITH"},{"data":"1","floor":49.0,"key":"LIFT"}],"circlet_count":0,"master_deck":["rmod:firesupport","rmod:victimresponsibility","rmod:ammunitionsupply","rmod:ammunitionsupply","rmod:circuitoustactics","rmod:expedition+2","rmod:diamondstrike+1","rmod:intelligenceanalysis","rmod:fuelsupply","rmod:luckystar","rmod:chargemoney","rmod:ammunitionsupply","rmod:openingtorpedo+1","rmod:unsinkable","rmod:fuelsupply","rmod:diamondstrike+1","rmod:firesupport","rmod:sl","rmod:ridicule","Sadistic Nature","Master of Strategy","rmod:capitalist","Panache","Mayhem+1","rmod:abidefaith","rmod:fletcherpendant","rmod:steelsupply+1","Necronomicurse","infinitespire:UltimateForm","Mayhem+1","rmod:firesupport+1","Apotheosis+1","rmod:steelsupply","rmod:fletcherpendant","Secret Technique","Mayhem+1","rmod:desperatesituation+1","rmod:lonelyqueen+1","infinitespire:Punishment","infinitespire:FutureSight","rmod:garrisonisland+1","rmod:highspeedmaneuver","rmod:desperatesituation+1","rmod:steelsupply+1","rmod:guardianhero+1","rmod:desperatesituation+1","Secret Technique","rmod:ammunitionsupply+1","rmod:expeditionaryescort+1"],"relics":["rmod:firstchargereward","Ice Cream","infinitespire:CheckeredPen","infinitespire:Lychee Nut","Darkstone Periapt","Akabeko","Dota2Spire:BladeMail","Regal Pillow","Bag of Marbles","SlaversCollar","Necronomicon","Bottled Flame","DemoMod:WaxWing","sagemod:Flying_Carpet","Frozen Egg 2","Dota2Spire:DrumOfEndurance","Gremlin Horn","Torii","Sling","PreservedInsect","Pen Nib","Philosopher\u0027s Stone","DemoMod:GlassGuonStoneRelic","Bird Faced Urn","DemoMod:RiddleOfLead","infinitespire:Magic Flask","DemoMod:PoisonVial","infinitespire:CursedDice","rmod:equipmentrecovery","Girya","Bag of Preparation","Mummified Hand"],"acts_visited":["Exordium","TheCity","TheBeyond"],"potions_floor_usage":[50],"damage_taken":[{"damage":0.0,"enemies":"Small Slimes","floor":1.0,"turns":3.0},{"damage":8.0,"enemies":"Jaw Worm","floor":3.0,"turns":3.0},{"damage":0.0,"enemies":"2 Louse","floor":4.0,"turns":3.0},{"damage":0.0,"enemies":"Gremlin Nob","floor":6.0,"turns":3.0},{"damage":0.0,"enemies":"Lagavulin","floor":8.0,"turns":2.0},{"damage":0.0,"enemies":"3 Sentries","floor":10.0,"turns":4.0},{"damage":0.0,"enemies":"Red Slaver","floor":11.0,"turns":1.0},{"damage":5.0,"enemies":"Gremlin Nob","floor":13.0,"turns":3.0},{"damage":0.0,"enemies":"Lagavulin","floor":14.0,"turns":3.0},{"damage":6.0,"enemies":"The Guardian","floor":16.0,"turns":4.0},{"damage":0.0,"enemies":"3 Byrds","floor":18.0,"turns":1.0},{"damage":0.0,"enemies":"Chosen","floor":19.0,"turns":1.0},{"damage":14.0,"enemies":"Book of Stabbing","floor":23.0,"turns":3.0},{"damage":0.0,"enemies":"Shelled Parasite and Fungi","floor":24.0,"turns":2.0},{"damage":9.0,"enemies":"Gremlin Leader","floor":27.0,"turns":4.0},{"damage":0.0,"enemies":"Centurion and Healer","floor":29.0,"turns":2.0},{"damage":0.0,"enemies":"Slavers","floor":30.0,"turns":3.0},{"damage":0.0,"enemies":"Champ","floor":33.0,"turns":6.0},{"damage":1.0,"enemies":"3 Darklings","floor":35.0,"turns":2.0},{"damage":9.0,"enemies":"Mind Bloom Boss Battle","floor":38.0,"turns":5.0},{"damage":0.0,"enemies":"Reptomancer","floor":39.0,"turns":1.0},{"damage":0.0,"enemies":"Nightmare","floor":41.0,"turns":2.0},{"damage":0.0,"enemies":"Orb Walker","floor":42.0,"turns":1.0},{"damage":6.0,"enemies":"Sphere and 2 Shapes","floor":44.0,"turns":3.0},{"damage":0.0,"enemies":"Reptomancer","floor":45.0,"turns":2.0},{"damage":0.0,"enemies":"Nemesis","floor":46.0,"turns":1.0},{"damage":0.0,"enemies":"3 Darklings","floor":47.0,"turns":1.0},{"damage":0.0,"enemies":"Giant Head","floor":48.0,"turns":3.0},{"damage":0,"enemies":"Time Eater","floor":50,"turns":1}],"seed_played":"-6400495227608079571","potions_obtained":[{"floor":6.0,"key":"PowerPotion"},{"floor":8.0,"key":"Weak Potion"},{"floor":10.0,"key":"Block Potion"},{"floor":14.0,"key":"DuplicationPotion"},{"floor":16.0,"key":"Dota2Spire:Clarity"},{"floor":27.0,"key":"AttackPotion"},{"floor":33.0,"key":"DuplicationPotion"},{"floor":35.0,"key":"Dota2Spire:HealingSalve"},{"floor":39.0,"key":"Ancient Potion"}],"is_trial":true,"path_per_floor":["M","?","M","M","?","E","R","E","T","E","M","R","E","E","R","B",null,"M","M","?","AVR","?","E","M","R","T","E","R","M","E","$","R","B",null,"M","?","AVR","?","E","R","NM","M","T","M","E","E","M","E","R","B"],"character_chosen":"PRAEFECT","items_purchased":["Mayhem+1","Sling","PreservedInsect","Pen Nib"],"campfire_rested":0,"item_purchase_floors":[31,31,31,31],"current_hp_per_floor":[75,75,67,67,67,56,56,56,56,56,56,56,51,56,56,51,56,56,56,46,46,43,30,33,33,33,30,30,33,38,38,38,43,43,42,32,53,53,53,53,53,53,53,53,53,53,53,53,53,53,53],"gold":522,"neow_bonus":"","is_daily":false,"chose_seed":false,"campfire_upgraded":7,"win_rate":0.0,"timestamp":1610150690,"path_taken":["M","?","M","M","?","E","R","E","T","E","?","R","E","?","R","BOSS","M","M","?","AVR","?","E","M","R","T","E","R","?","E","?","R","BOSS","M","?","AVR","?","?","R","NM","M","T","M","?","E","?","E","R","BOSS"],"items_purchased_type":["Card","Relic","Relic","Relic"],"build_version":"2020-12-22","purchased_purges":0,"victory":false,"max_hp_per_floor":[75,75,75,75,75,56,56,56,56,56,56,56,56,56,56,56,56,56,56,62,62,43,43,43,43,43,43,43,43,43,43,43,43,43,43,43,53,53,53,53,53,53,53,53,53,53,53,53,53,53,53],"card_choices":[{"not_picked":["rmod:launchingtorpedo","rmod:unsinkable"],"picked":"rmod:firesupport","floor":0.0},{"not_picked":["rmod:punchline","rmod:tearstotiara"],"picked":"rmod:victimresponsibility","floor":0.0},{"not_picked":["rmod:unsinkable","rmod:luckystar"],"picked":"rmod:ammunitionsupply","floor":0.0},{"not_picked":["rmod:fletcherpendant","rmod:smokecover"],"picked":"rmod:ammunitionsupply","floor":0.0},{"not_picked":["rmod:aviationdawn","rmod:supportescort"],"picked":"rmod:circuitoustactics","floor":0.0},{"not_picked":["rmod:aluminumsupply","rmod:ammunitionsupply"],"picked":"rmod:expedition","floor":0.0},{"not_picked":["Panacea","PanicButton"],"picked":"rmod:diamondstrike","floor":0.0},{"not_picked":["rmod:luckystar","rmod:fletcherpendant"],"picked":"rmod:intelligenceanalysis","floor":0.0},{"not_picked":["rmod:diamondstrike","rmod:punchline"],"picked":"rmod:fuelsupply","floor":0.0},{"not_picked":["Panacea","rmod:circuitoustactics"],"picked":"rmod:luckystar","floor":0.0},{"not_picked":["rmod:circuitoustactics","rmod:diamondstrike"],"picked":"rmod:chargemoney","floor":0.0},{"not_picked":["rmod:diamondstrike","rmod:aviationdawn"],"picked":"rmod:ammunitionsupply","floor":0.0},{"not_picked":["rmod:intelligenceanalysis","rmod:unsinkable"],"picked":"rmod:openingtorpedo","floor":0.0},{"not_picked":["rmod:tearstotiara","Impatience"],"picked":"rmod:unsinkable","floor":0.0},{"not_picked":["rmod:supportescort","rmod:mineteam"],"picked":"rmod:fuelsupply","floor":0.0},{"not_picked":["rmod:unsinkable","rmod:supportescort"],"picked":"rmod:diamondstrike","floor":1.0},{"not_picked":["Blind","rmod:circuitoustactics"],"picked":"rmod:firesupport","floor":3.0},{"not_picked":["Dark Shackles","Impatience"],"picked":"rmod:sl","floor":4.0},{"not_picked":["rmod:timeschanged","Metamorphosis"],"picked":"rmod:ridicule","floor":6.0},{"not_picked":["Magnetism","rmod:acesubmarine"],"picked":"Sadistic Nature","floor":8.0},{"not_picked":["rmod:saltedfish","rmod:seals"],"picked":"Master of Strategy","floor":10.0},{"not_picked":["rmod:aluminumsupply","rmod:diamondstrike"],"picked":"rmod:capitalist","floor":11.0},{"not_picked":["DemoMod:Deposit","rmod:stealaluminum"],"picked":"Panache","floor":13.0},{"not_picked":["HandOfGreed","Master of Strategy"],"picked":"Mayhem","floor":14.0},{"not_picked":["HandOfGreed","Master of Strategy"],"picked":"rmod:abidefaith","floor":16.0},{"not_picked":["Flash of Steel+1","rmod:ammunitionsupply"],"picked":"rmod:fletcherpendant","floor":18.0},{"not_picked":["rmod:fletcherpendant","rmod:mineteam"],"picked":"rmod:steelsupply+1","floor":19.0},{"not_picked":["Chrysalis","rmod:highspeedmaneuver"],"picked":"Mayhem+1","floor":23.0},{"not_picked":["rmod:tearstotiara","rmod:unsinkable+1"],"picked":"rmod:firesupport+1","floor":24.0},{"not_picked":["Master of Strategy","Secret Weapon"],"picked":"Apotheosis","floor":27.0},{"not_picked":["rmod:luckystar","rmod:aviationdawn"],"picked":"rmod:steelsupply","floor":29.0},{"not_picked":["Chrysalis","DemoMod:Deposit"],"picked":"Secret Technique","floor":30.0},{"not_picked":["rmod:timeschanged","rmod:seals+1"],"picked":"rmod:desperatesituation+1","floor":33.0},{"not_picked":["rmod:tearstotiara","rmod:ammunitionsupply"],"picked":"rmod:lonelyqueen+1","floor":35.0},{"not_picked":["infinitespire:Starlight","infinitespire:UltimateForm"],"picked":"infinitespire:SealOfDarkness+","floor":36.0},{"not_picked":["rmod:diamondstrike+1","rmod:steelsupply"],"picked":"rmod:garrisonisland+1","floor":38.0},{"not_picked":["rmod:secretscript+1","Transmutation"],"picked":"rmod:highspeedmaneuver","floor":39.0},{"not_picked":["Sadistic Nature+1","rmod:acesubmarine"],"picked":"rmod:desperatesituation+1","floor":41.0},{"not_picked":["PanicButton","rmod:fletcherpendant+1"],"picked":"rmod:steelsupply+1","floor":42.0},{"not_picked":["rmod:luckystar+1","rmod:fletcherpendant"],"picked":"rmod:guardianhero+1","floor":44.0},{"not_picked":["Metamorphosis","rmod:seals+1"],"picked":"rmod:desperatesituation+1","floor":45.0},{"not_picked":["rmod:seals+1","rmod:saltedfish"],"picked":"Secret Technique","floor":46.0},{"not_picked":["rmod:firesupport+1","rmod:fletcherpendant+1"],"picked":"rmod:ammunitionsupply+1","floor":47.0},{"not_picked":["rmod:seals+1","rmod:supriseattacks"],"picked":"rmod:expeditionaryescort+1","floor":48.0}],"player_experience":898765,"relics_obtained":[{"floor":2.0,"key":"infinitespire:CheckeredPen"},{"floor":6.0,"key":"infinitespire:Lychee Nut"},{"floor":8.0,"key":"Darkstone Periapt"},{"floor":9.0,"key":"Akabeko"},{"floor":10.0,"key":"Dota2Spire:BladeMail"},{"floor":13.0,"key":"Regal Pillow"},{"floor":14.0,"key":"Bag of Marbles"},{"floor":20.0,"key":"Necronomicon"},{"floor":23.0,"key":"Frozen Egg 2"},{"floor":26.0,"key":"Dota2Spire:DrumOfEndurance"},{"floor":27.0,"key":"Gremlin Horn"},{"floor":30.0,"key":"Torii"},{"floor":38.0,"key":"infinitespire:Magic Flask"},{"floor":39.0,"key":"DemoMod:PoisonVial"},{"floor":41.0,"key":"infinitespire:CursedDice"},{"floor":43.0,"key":"rmod:equipmentrecovery"},{"floor":45.0,"key":"Girya"},{"floor":46.0,"key":"Bag of Preparation"},{"floor":48.0,"key":"Mummified Hand"}],"event_choices":[{"damage_healed":0.0,"max_hp_gain":0.0,"max_hp_loss":0.0,"gold_gain":0.0,"event_name":"The Cleric","player_choice":"Leave","floor":5.0,"gold_loss":0.0,"damage_taken":0.0},{"damage_healed":0.0,"max_hp_gain":0.0,"max_hp_loss":0.0,"gold_gain":0.0,"event_name":"Cursed Tome","player_choice":"Obtained Book","floor":20.0,"gold_loss":0.0,"damage_taken":16.0},{"damage_healed":0.0,"max_hp_gain":0.0,"max_hp_loss":0.0,"gold_gain":0.0,"event_name":"MindBloom","player_choice":"Fight","floor":38.0,"gold_loss":0.0,"damage_taken":0.0}],"is_beta":false,"boss_relics":[{"not_picked":["Coffee Dripper","sagemod:Falmels_Amulet"],"picked":"SlaversCollar"},{"not_picked":["Dota2Spire:RefresherOrb","Empty Cage"],"picked":"Philosopher\u0027s Stone"}],"items_purged_floors":[],"is_endless":true,"potions_floor_spawned":[6,8,10,14,16,19,27,29,33,35,39,41,44,47],"killed_by":"Time Eater","ascension_level":1}}