{"host":"gg","time":1610216420,"event":{"mods":["BaseMod","Colored Map","Googly Eyes","Minty Spire (QoL Compilation)","Permanent Neow","Relic Stats","The IronCluck"],"gold_per_floor":[117,132,207,222,222,255,255,289,315,315,335,0,0,27,27,102,102,134,134,134,150,161,188,218,236,236,271,285,304,229,243,243,320,320,332,357,367,383,37,62,62,62,88,130,165,218,230,242,254,266,266],"floor_reached":50,"playtime":3758,"items_purged":["Strike_P"],"score":1630,"play_id":"637e4121-f96b-44f1-9f13-5f2d81979ee9","local_time":"20210109102020","is_ascension_mode":true,"campfire_choices":[{"floor":7.0,"key":"REST"},{"data":"Blasphemy","floor":10.0,"key":"SMITH"},{"data":"TalkToTheHand","floor":15.0,"key":"SMITH"},{"data":"Vault","floor":32.0,"key":"SMITH"},{"data":"1","floor":42,"key":"LIFT"},{"floor":49,"key":"RECALL"}],"circlet_count":0,"master_deck":["AscendersBane","Strike_P+1","Strike_P+1","Strike_P+1","Defend_P+1","Defend_P+1","Eruption+1","Vigilance+1","SashWhip+1","BattleHymn+1","TalkToTheHand+1","Blasphemy+1","Sanctity+1","ForeignInfluence","LessonLearned","Vault+1","FlurryOfBlows+1","RitualDagger+1","EmptyFist+1","CutThroughFate+1","BowlingBash+1","Indignation+1","TalkToTheHand+1","TalkToTheHand","WaveOfTheHand+1","Vault+1","CurseOfTheBell","FlurryOfBlows+1","Perseverance+1","WheelKick+1","CrushJoints+1","CutThroughFate+1"],"relics":["Sozu","Vajra","Potion Belt","Bag of Marbles","Bag of Preparation","Tiny Chest","Black Star","Regal Pillow","Akabeko","Bottled Tornado","Kunai","Pen Nib","Bottled Lightning","Calling Bell","Happy Flower","Toxic Egg 2","FossilizedHelix","Girya","Matryoshka","Nunchaku","PreservedInsect","MawBank","Whetstone","Molten Egg 2","CeramicFish","HornCleat","Oddly Smooth Stone","Ancient Tea Set","Dream Catcher","War Paint"],"acts_visited":["Exordium","TheCity","TheBeyond"],"potions_floor_usage":[],"damage_taken":[{"damage":0.0,"enemies":"Cultist","floor":1.0,"turns":2.0},{"damage":2.0,"enemies":"Small Slimes","floor":2.0,"turns":4.0},{"damage":3.0,"enemies":"2 Louse","floor":4.0,"turns":2.0},{"damage":22.0,"enemies":"3 Sentries","floor":6.0,"turns":8.0},{"damage":1.0,"enemies":"Lagavulin","floor":8.0,"turns":5.0},{"damage":3.0,"enemies":"Blue Slaver","floor":11.0,"turns":2.0},{"damage":0.0,"enemies":"Gremlin Nob","floor":14.0,"turns":2.0},{"damage":0.0,"enemies":"Hexaghost","floor":16.0,"turns":7.0},{"damage":7.0,"enemies":"2 Thieves","floor":18.0,"turns":4.0},{"damage":0.0,"enemies":"Spheric Guardian","floor":21.0,"turns":3.0},{"damage":0.0,"enemies":"Centurion and Healer","floor":22.0,"turns":5.0},{"damage":10.0,"enemies":"Book of Stabbing","floor":24.0,"turns":4.0},{"damage":1.0,"enemies":"Chosen and Byrds","floor":25.0,"turns":3.0},{"damage":0.0,"enemies":"Gremlin Leader","floor":27.0,"turns":3.0},{"damage":0.0,"enemies":"Snake Plant","floor":28.0,"turns":2.0},{"damage":0.0,"enemies":"Shelled Parasite and Fungi","floor":29.0,"turns":1.0},{"damage":3.0,"enemies":"3 Cultists","floor":31.0,"turns":4.0},{"damage":16.0,"enemies":"Automaton","floor":33.0,"turns":5.0},{"damage":0.0,"enemies":"3 Darklings","floor":35.0,"turns":3.0},{"damage":0.0,"enemies":"Mind Bloom Boss Battle","floor":36.0,"turns":8.0},{"damage":0.0,"enemies":"Orb Walker","floor":37.0,"turns":2.0},{"damage":0,"enemies":"Spire Growth","floor":38,"turns":2},{"damage":0,"enemies":"Giant Head","floor":40,"turns":6},{"damage":0,"enemies":"Reptomancer","floor":44,"turns":1},{"damage":0,"enemies":"Jaw Worm Horde","floor":45,"turns":2},{"damage":0,"enemies":"Giant Head","floor":46,"turns":4},{"damage":99999,"enemies":"Awakened One","floor":50,"turns":2}],"seed_played":"-1658490301544041321","potions_obtained":[],"is_trial":false,"path_per_floor":["M","M","?","M","?","E","R","E","T","R","M","$","?","E","R","B",null,"M","?","?","M","M","T","E","M","T","E","M","M","?","M","R","B",null,"M","?","M","M","$","E","?","R","T","E","M","E","T","T","R","B"],"character_chosen":"WATCHER","items_purchased":["Bag of Marbles","Bag of Preparation","Matryoshka"],"campfire_rested":1,"item_purchase_floors":[12,12,39],"current_hp_per_floor":[61,59,48,45,25,3,23,22,22,22,19,19,19,19,19,19,56,49,43,43,43,43,43,33,32,32,32,32,32,32,29,29,13,54,54,54,54,54,54,54,54,54,54,54,54,54,54,54,54,0,0],"gold":266,"neow_bonus":"BOSS_RELIC","is_daily":false,"chose_seed":false,"campfire_upgraded":3,"win_rate":0.0,"timestamp":1610216420,"path_taken":["M","M","?","M","?","E","R","E","T","R","M","$","?","E","R","BOSS","M","?","?","M","?","?","E","M","T","E","M","M","?","M","R","BOSS","M","?","M","M","$","E","?","R","T","E","M","E","?","?","R","BOSS"],"items_purchased_type":["Relic","Relic","Relic"],"build_version":"2020-12-18","purchased_purges":1,"victory":false,"max_hp_per_floor":[68,68,68,68,68,68,68,68,68,68,68,68,68,68,68,68,68,68,68,68,68,68,68,68,68,68,68,68,68,68,68,68,68,68,68,68,68,68,68,68,68,68,68,68,68,68,68,68,68,68,68],"relic_stats":{"Regal Pillow":0,"Happy Flower":[10],"counters":[27,95],"CeramicFish":18,"Pen Nib":[9],"PreservedInsect":192,"Bag of Preparation":[42],"Whetstone":["Eruption","FlurryOfBlows"],"War Paint":["WaveOfTheHand","Sanctity"],"MawBank":84,"Sozu":12,"Nunchaku":[2],"Dream Catcher":0,"Tiny Chest":2,"Black Star":5,"Kunai":[20],"obtain_stats":[{"Regal Pillow":23,"CeramicFish":44,"Vajra":6,"Bag of Preparation":12,"Whetstone":43,"Bottled Tornado":24,"Ancient Tea Set":47,"Sozu":0,"Nunchaku":40,"Dream Catcher":47,"Matryoshka":39,"HornCleat":46,"Tiny Chest":14,"Kunai":26,"Toxic Egg 2":34,"Potion Belt":8,"Girya":36,"Happy Flower":34,"Oddly Smooth Stone":46,"Pen Nib":27,"PreservedInsect":40,"War Paint":48,"MawBank":43,"Akabeko":24,"Calling Bell":34,"Molten Egg 2":44,"Bag of Marbles":12,"Black Star":17,"Bottled Lightning":27,"PureWater":0,"FossilizedHelix":34},{"Regal Pillow":11,"CeramicFish":24,"Vajra":4,"Bag of Preparation":6,"Whetstone":23,"Bottled Tornado":12,"Ancient Tea Set":26,"Sozu":0,"Nunchaku":23,"Dream Catcher":26,"Matryoshka":22,"HornCleat":26,"Tiny Chest":7,"Kunai":13,"Toxic Egg 2":18,"Potion Belt":5,"Girya":20,"Happy Flower":18,"Oddly Smooth Stone":26,"Pen Nib":14,"PreservedInsect":23,"War Paint":26,"MawBank":23,"Akabeko":12,"Calling Bell":18,"Molten Egg 2":24,"Bag of Marbles":6,"Black Star":8,"Bottled Lightning":14,"PureWater":0,"FossilizedHelix":18},{"Regal Pillow":44,"CeramicFish":88,"Vajra":16,"Bag of Preparation":23,"Whetstone":87,"Bottled Tornado":48,"Ancient Tea Set":94,"Sozu":0,"Nunchaku":87,"Dream Catcher":94,"Matryoshka":81,"HornCleat":94,"Tiny Chest":25,"Kunai":51,"Toxic Egg 2":66,"Potion Belt":21,"Girya":77,"Happy Flower":66,"Oddly Smooth Stone":94,"Pen Nib":54,"PreservedInsect":87,"War Paint":94,"MawBank":87,"Akabeko":48,"Calling Bell":66,"Molten Egg 2":88,"Bag of Marbles":23,"Black Star":32,"Bottled Lightning":54,"PureWater":0,"FossilizedHelix":66}]},"card_choices":[{"not_picked":["Halt","Perseverance"],"picked":"SashWhip","floor":1.0},{"not_picked":["Evaluate","ThirdEye","Worship"],"picked":"SKIP","floor":2.0},{"not_picked":["PathToVictory","Protect"],"picked":"BattleHymn","floor":4.0},{"not_picked":["SpiritShield","Brilliance"],"picked":"TalkToTheHand","floor":6.0},{"not_picked":["InnerPeace","JustLucky"],"picked":"Blasphemy","floor":8.0},{"not_picked":["MentalFortress","Weave"],"picked":"Sanctity","floor":11.0},{"not_picked":["ReachHeaven","Halt"],"picked":"LessonLearned","floor":14.0},{"not_picked":["Blasphemy","DevaForm"],"picked":"Vault","floor":16.0},{"not_picked":["FlyingSleeves","SashWhip"],"picked":"FlurryOfBlows","floor":18.0},{"not_picked":["Fasting2","JustLucky"],"picked":"EmptyFist+1","floor":21.0},{"not_picked":["PathToVictory","Halt"],"picked":"CutThroughFate","floor":22.0},{"not_picked":["EmptyMind","Worship+1"],"picked":"BowlingBash","floor":24.0},{"not_picked":["Evaluate","LessonLearned"],"picked":"Indignation+1","floor":25.0},{"not_picked":["Study","CrushJoints"],"picked":"TalkToTheHand","floor":27.0},{"not_picked":["PathToVictory","Nirvana"],"picked":"TalkToTheHand","floor":28.0},{"not_picked":["FlyingSleeves","WheelKick"],"picked":"WaveOfTheHand","floor":29.0},{"not_picked":["PathToVictory","Crescendo","FlyingSleeves"],"picked":"SKIP","floor":31.0},{"not_picked":["DeusExMachina","Devotion"],"picked":"Vault","floor":33.0},{"not_picked":["EmptyFist","BowlingBash","CutThroughFate"],"picked":"SKIP","floor":35.0},{"not_picked":["Pray+1","CarveReality"],"picked":"FlurryOfBlows","floor":37.0},{"not_picked":["ClearTheMind+1","JustLucky"],"picked":"Perseverance+1","floor":38},{"not_picked":["Consecrate","FlyingSleeves"],"picked":"WheelKick","floor":40},{"not_picked":["CarveReality+1","Establishment","Evaluate+1"],"picked":"SKIP","floor":44},{"not_picked":["Perseverance+1","Crescendo+1"],"picked":"CrushJoints+1","floor":45},{"not_picked":["Adaptation","Pray+1"],"picked":"CutThroughFate+1","floor":46}],"player_experience":1122951,"relics_obtained":[{"floor":6.0,"key":"Vajra"},{"floor":8.0,"key":"Potion Belt"},{"floor":14.0,"key":"Tiny Chest"},{"floor":23.0,"key":"Regal Pillow"},{"floor":24.0,"key":"Akabeko"},{"floor":24.0,"key":"Bottled Tornado"},{"floor":26.0,"key":"Kunai"},{"floor":27.0,"key":"Pen Nib"},{"floor":27.0,"key":"Bottled Lightning"},{"floor":34.0,"key":"Happy Flower"},{"floor":34.0,"key":"Toxic Egg 2"},{"floor":34.0,"key":"FossilizedHelix"},{"floor":36.0,"key":"Girya"},{"floor":40,"key":"Nunchaku"},{"floor":40,"key":"PreservedInsect"},{"floor":43,"key":"MawBank"},{"floor":43,"key":"Whetstone"},{"floor":44,"key":"Molten Egg 2"},{"floor":44,"key":"CeramicFish"},{"floor":46,"key":"HornCleat"},{"floor":46,"key":"Oddly Smooth Stone"},{"floor":47,"key":"Ancient Tea Set"},{"floor":47,"key":"Dream Catcher"},{"floor":48,"key":"War Paint"}],"event_choices":[{"damage_healed":0.0,"max_hp_gain":0.0,"max_hp_loss":0.0,"gold_gain":75.0,"event_name":"World of Goop","player_choice":"Gather Gold","floor":3.0,"gold_loss":0.0,"damage_taken":11.0},{"damage_healed":0.0,"max_hp_gain":0.0,"max_hp_loss":0.0,"gold_gain":0.0,"event_name":"Shining Light","player_choice":"Entered Light","floor":5.0,"gold_loss":0.0,"damage_taken":20.0,"cards_upgraded":["Defend_P","Strike_P"]},{"damage_healed":0.0,"max_hp_gain":0.0,"max_hp_loss":0.0,"gold_gain":0.0,"cards_transformed":["Defend_P"],"event_name":"Living Wall","player_choice":"Change","floor":13.0,"gold_loss":0.0,"damage_taken":0.0,"cards_obtained":["ForeignInfluence"]},{"damage_healed":0.0,"max_hp_gain":0.0,"max_hp_loss":0.0,"gold_gain":0.0,"event_name":"Nest","player_choice":"Joined the Cult","floor":19.0,"gold_loss":0.0,"damage_taken":6.0,"cards_obtained":["RitualDagger"]},{"damage_healed":0.0,"max_hp_gain":0.0,"max_hp_loss":0.0,"gold_gain":0.0,"event_name":"Accursed Blacksmith","player_choice":"Forge","floor":20.0,"gold_loss":0.0,"damage_taken":0.0,"cards_upgraded":["RitualDagger"]},{"cards_removed":["Defend_P"],"damage_healed":0.0,"max_hp_gain":0.0,"max_hp_loss":0.0,"gold_gain":0.0,"event_name":"Beggar","player_choice":"Gave Gold","floor":30.0,"gold_loss":75.0,"damage_taken":0.0},{"damage_healed":0.0,"max_hp_gain":0.0,"max_hp_loss":0.0,"gold_gain":0.0,"event_name":"MindBloom","player_choice":"Fight","floor":36.0,"gold_loss":0.0,"damage_taken":0.0},{"damage_healed":0,"gold_gain":0,"player_choice":"Ignored","damage_taken":0,"max_hp_gain":0,"max_hp_loss":0,"event_name":"SecretPortal","floor":41,"gold_loss":0}],"is_beta":true,"boss_relics":[{"not_picked":["Empty Cage","Coffee Dripper"],"picked":"Black Star"},{"not_picked":["Fusion Hammer","VioletLotus"],"picked":"Calling Bell"}],"items_purged_floors":[39],"is_endless":false,"potions_floor_spawned":[2,4,8,14,21,22,24,29,31,35,37,40],"killed_by":"Awakened One","ascension_level":20}}