{"host":"tw7a6rmo9h75ssrt","time":1610150883,"event":{"mods":["AchievementEnabler","Act Like it!","BaseMod","Colored Map","Highlight Path","Minty Spire (QoL Compilation)","Permanent Neow","Quick Restart","Relic Stats","SuperFastMode"],"gold_per_floor":[110,110,120,120,45,45,63,75,75,75,75],"floor_reached":10,"playtime":224,"items_purged":["Strike_R"],"score":102,"play_id":"1c00a2b4-9fa5-4b38-961d-27ff3e5734e0","local_time":"20210109080803","is_ascension_mode":true,"campfire_choices":[{"data":"Bash","floor":6,"key":"SMITH"}],"circlet_count":0,"master_deck":["AscendersBane","Strike_R","Strike_R","Strike_R","Defend_R","Defend_R","Defend_R","Defend_R","Bash+1"],"relics":["Cursed Key"],"acts_visited":["Exordium"],"potions_floor_usage":[],"damage_taken":[{"damage":10,"enemies":"2 Louse","floor":1,"turns":3},{"damage":12,"enemies":"Small Slimes","floor":3,"turns":4},{"damage":1,"enemies":"Cultist","floor":7,"turns":3},{"damage":16,"enemies":"3 Louse","floor":8,"turns":5},{"damage":62,"enemies":"Lagavulin","floor":10,"turns":7}],"seed_played":"-8620532252292087130","potions_obtained":[{"floor":7,"key":"ElixirPotion"}],"is_trial":false,"path_per_floor":["M","?","M","?","$","R","M","M","T","E"],"character_chosen":"IRONCLAD","items_purchased":[],"campfire_rested":0,"item_purchase_floors":[],"current_hp_per_floor":[58,51,39,64,64,64,63,47,47,0,0],"gold":75,"neow_bonus":"BOSS_RELIC","is_daily":false,"chose_seed":false,"campfire_upgraded":1,"win_rate":0.0,"timestamp":1610150883,"path_taken":["M","?","M","?","$","R","M","M","T","E"],"items_purchased_type":[],"build_version":"2020-12-22","purchased_purges":1,"victory":false,"max_hp_per_floor":[75,75,75,75,75,75,75,75,75,75,75],"relic_stats":{"counters":[5,22],"Cursed Key":0,"obtain_stats":[{"Cursed Key":0,"Burning Blood":0},{"Cursed Key":0,"Burning Blood":0},{"Cursed Key":0,"Burning Blood":0}]},"card_choices":[{"not_picked":["Heavy Blade","Fire Breathing","True Grit"],"picked":"SKIP","floor":1},{"not_picked":["True Grit","Clothesline","Shockwave"],"picked":"SKIP","floor":3},{"not_picked":["Headbutt","Shockwave","Pommel Strike"],"picked":"SKIP","floor":7},{"not_picked":["Flex","Shrug It Off","True Grit"],"picked":"SKIP","floor":8}],"player_experience":124684,"relics_obtained":[],"event_choices":[{"cards_removed":["Strike_R"],"damage_healed":0,"gold_gain":0,"player_choice":"Card Removal","damage_taken":7,"max_hp_gain":0,"max_hp_loss":0,"event_name":"Golden Wing","floor":2,"gold_loss":0},{"damage_healed":25,"gold_gain":0,"player_choice":"Banana","damage_taken":0,"max_hp_gain":0,"max_hp_loss":0,"event_name":"Big Fish","floor":4,"gold_loss":0}],"is_beta":false,"boss_relics":[],"items_purged_floors":[5],"is_endless":false,"potions_floor_spawned":[7],"killed_by":"Lagavulin","ascension_level":15}}