{"host":"nomlpa5ttaaqphus","time":1610150797,"event":{"mods":["100% Spire Juice","BaseMod","Colored Powertips","Minty Spire (QoL Compilation)","StSLib"],"gold_per_floor":[115,127,127,152,152,165,165,165],"floor_reached":7,"playtime":882,"items_purged":[],"score":43,"play_id":"7c04f7e5-2e2a-4fdb-8db9-acd4e43ef36a","local_time":"20210108200637","is_ascension_mode":false,"campfire_choices":[],"circlet_count":0,"master_deck":["Moonworks:Accelerator","Moonworks:CloudOfSeagulls","Moonworks:CloudOfSeagulls","Moonworks:CloudOfSeagulls","Moonworks:MetallicMonocoque"],"relics":["Moonworks:BrokenBomb","Moonworks:Homemark","Golden Idol","Mercury Hourglass"],"acts_visited":["Exordium"],"potions_floor_usage":[],"damage_taken":[{"damage":51.0,"enemies":"Jaw Worm","floor":1.0,"turns":5.0},{"damage":12.0,"enemies":"2 Louse","floor":2.0,"turns":3.0},{"damage":10.0,"enemies":"Cultist","floor":4.0,"turns":2.0},{"damage":36.0,"enemies":"Looter","floor":6.0,"turns":3.0},{"damage":2,"enemies":"Lagavulin","floor":7,"turns":2}],"seed_played":"-2506129926189296862","potions_obtained":[{"floor":4.0,"key":"LiquidMemories"}],"is_trial":false,"path_per_floor":["M","M","?","M","?","M","E"],"character_chosen":"THE_STARBREAKER","items_purchased":[],"campfire_rested":0,"item_purchase_floors":[],"current_hp_per_floor":[15,66,50,40,40,4,2,2],"gold":165,"neow_bonus":"TEN_PERCENT_HP_BONUS","is_daily":false,"chose_seed":false,"campfire_upgraded":0,"win_rate":0.0,"timestamp":1610150797,"path_taken":["M","M","?","M","?","M","E"],"items_purchased_type":[],"build_version":"2020-12-22","purchased_purges":0,"victory":false,"max_hp_per_floor":[66,66,66,66,66,66,66,66],"card_choices":[{"not_picked":["Moonworks:EvilSpyWorkPreparation","Moonworks:Dinner","Moonworks:LulusLuckyEgg"],"picked":"SKIP","floor":1.0},{"not_picked":["Moonworks:ImOnFire","Moonworks:Poppoformation","Moonworks:EvilSpyWorkPreparation"],"picked":"SKIP","floor":2.0},{"not_picked":["Moonworks:CloudOfSeagulls","Moonworks:BigMagnum"],"picked":"Moonworks:MetallicMonocoque","floor":4.0},{"not_picked":["Moonworks:IndiscriminateFireSupport","Moonworks:ReproductionOfRecords","Moonworks:LuckyCharm"],"picked":"SKIP","floor":6}],"player_experience":62819,"relics_obtained":[],"event_choices":[{"damage_healed":0.0,"max_hp_gain":0.0,"max_hp_loss":0.0,"gold_gain":0.0,"event_name":"Golden Idol","player_choice":"Take Damage","floor":3.0,"gold_loss":0.0,"damage_taken":16.0,"relics_obtained":["Golden Idol"]},{"cards_removed":["Moonworks:CloudOfSeagulls"],"damage_healed":0.0,"max_hp_gain":0.0,"max_hp_loss":0.0,"gold_gain":0.0,"event_name":"WeMeetAgain","player_choice":"Gave Card","floor":5.0,"gold_loss":0.0,"damage_taken":0.0,"relics_obtained":["Mercury Hourglass"]}],"is_beta":false,"boss_relics":[],"items_purged_floors":[],"is_endless":false,"potions_floor_spawned":[4],"killed_by":"Lagavulin","ascension_level":0}}