{"host":"q206iib20se9i6w7","time":1610177851,"event":{"mods":["AchievementEnabler","BaseMod","Block Reminder","Colored Map","Colored Powertips","Highlight Path","Key Reminder","Minty Spire (QoL Compilation)","Quick Restart","Random Character Button","Relic Stats","StSLib","SuperFastMode","Unceasing Turn Reminder"],"gold_per_floor":[110,120,120,120,135,165,165,198,198,215,215,232,13,13,13,118,118,137,151,171,183,183,210,210,243,243,243,254,254,288,306,306,401,401,414,74,87,97,114,149,149,46,46,61,73,93,93,125,125,125,125,125,23,53,53],"floor_reached":56,"playtime":6290,"items_purged":["Defend_G","Blade Dance"],"score":1683,"play_id":"dbcbbf76-95b4-4d69-8d9a-da8e77314de1","local_time":"20210109013731","is_ascension_mode":true,"campfire_choices":[{"data":"Dagger Spray","floor":7,"key":"SMITH"},{"data":"Dash","floor":11,"key":"SMITH"},{"data":"Leg Sweep","floor":15,"key":"SMITH"},{"data":"Tactician","floor":24,"key":"SMITH"},{"data":"Night Terror","floor":27,"key":"SMITH"},{"data":"Prepared","floor":32,"key":"SMITH"},{"floor":41,"key":"RECALL"},{"floor":47,"key":"REST"},{"floor":49,"key":"REST"},{"floor":52,"key":"REST"}],"circlet_count":0,"master_deck":["Survivor+1","Neutralize","Dagger Spray+1","Backflip","Dash+1","Tactician+1","Escape Plan","Acrobatics","Acrobatics","PiercingWail","Leg Sweep+1","Night Terror+1","After Image","Underhanded Strike","Night Terror","Blade Dance+1","Dagger Throw","Reflex","Outmaneuver","Wraith Form v2","Eviscerate","Acrobatics+1","Prepared+1","Infinite Blades","Tactician","Dagger Throw","Burst","Calculated Gamble","Setup","Acrobatics","Enlightenment","Well Laid Plans+1","Choke+1","Expertise","Choke+1","Blur"],"relics":["Ring of the Snake","Centennial Puzzle","Blood Vial","Tough Bandages","StrikeDummy","Pear","Orrery","Pandora\u0027s Box","Red Mask","War Paint","White Beast Statue","Akabeko","Fusion Hammer","Strawberry","Nunchaku","Paper Crane","CaptainsWheel"],"acts_visited":["Exordium","TheCity","TheBeyond","TheEnding"],"potions_floor_usage":[8,16,16,19,28,30,30,33,50,50,54,55,55,55],"damage_taken":[{"damage":1,"enemies":"Jaw Worm","floor":1,"turns":4},{"damage":0,"enemies":"Small Slimes","floor":2,"turns":5},{"damage":1,"enemies":"Cultist","floor":5,"turns":5},{"damage":24,"enemies":"3 Sentries","floor":6,"turns":8},{"damage":12,"enemies":"Gremlin Nob","floor":8,"turns":4},{"damage":0,"enemies":"Red Slaver","floor":10,"turns":4},{"damage":0,"enemies":"Gremlin Gang","floor":12,"turns":4},{"damage":18,"enemies":"The Guardian","floor":16,"turns":19},{"damage":2,"enemies":"Shell Parasite","floor":18,"turns":4},{"damage":4,"enemies":"2 Thieves","floor":19,"turns":4},{"damage":0,"enemies":"Snecko","floor":20,"turns":5},{"damage":7,"enemies":"3 Cultists","floor":21,"turns":5},{"damage":2,"enemies":"Masked Bandits","floor":23,"turns":4},{"damage":5,"enemies":"Gremlin Leader","floor":25,"turns":5},{"damage":0,"enemies":"Snake Plant","floor":28,"turns":4},{"damage":1,"enemies":"Slavers","floor":30,"turns":8},{"damage":0,"enemies":"Cultist and Chosen","floor":31,"turns":4},{"damage":0,"enemies":"Champ","floor":33,"turns":7},{"damage":0,"enemies":"Orb Walker","floor":35,"turns":2},{"damage":0,"enemies":"3 Darklings","floor":37,"turns":4},{"damage":0,"enemies":"Writhing Mass","floor":38,"turns":7},{"damage":1,"enemies":"Spire Growth","floor":39,"turns":3},{"damage":0,"enemies":"Reptomancer","floor":40,"turns":5},{"damage":7,"enemies":"4 Shapes","floor":44,"turns":4},{"damage":10,"enemies":"Writhing Mass","floor":45,"turns":3},{"damage":0,"enemies":"Sphere and 2 Shapes","floor":46,"turns":2},{"damage":9,"enemies":"Nemesis","floor":48,"turns":7},{"damage":0,"enemies":"Donu and Deca","floor":50,"turns":7},{"damage":7,"enemies":"Shield and Spear","floor":54,"turns":8},{"damage":62,"enemies":"The Heart","floor":55,"turns":10}],"seed_played":"-5589263703119340928","potions_obtained":[{"floor":1,"key":"SteroidPotion"},{"floor":2,"key":"Ancient Potion"},{"floor":5,"key":"SkillPotion"},{"floor":12,"key":"PowerPotion"},{"floor":18,"key":"Poison Potion"},{"floor":20,"key":"Swift Potion"},{"floor":21,"key":"Weak Potion"},{"floor":28,"key":"ColorlessPotion"},{"floor":30,"key":"SkillPotion"},{"floor":31,"key":"DistilledChaos"},{"floor":33,"key":"Weak Potion"},{"floor":35,"key":"CultistPotion"},{"floor":37,"key":"LiquidMemories"},{"floor":38,"key":"GamblersBrew"},{"floor":54,"key":"EssenceOfSteel"}],"is_trial":false,"path_per_floor":["M","M","?","?","M","E","R","E","T","M","R","M","$","$","R","B",null,"M","M","M","M","?","?","R","E","T","R","M","?","E","M","R","B",null,"M","$","M","M","M","E","R","?","T","M","M","M","R","E","R","B",null,"R","$","E","B",null],"character_chosen":"THE_SILENT","items_purchased":["Orrery","Setup","Acrobatics","Energy Potion","Enlightenment","Swift Potion","Block Potion"],"campfire_rested":3,"item_purchase_floors":[13,36,36,36,36,53,53],"current_hp_per_floor":[69,69,66,66,67,45,45,35,45,47,47,49,49,49,49,33,68,68,66,68,63,63,63,63,60,60,60,62,62,63,65,65,67,77,79,79,80,80,79,87,87,87,87,80,72,74,87,78,87,87,87,87,87,80,20],"gold":53,"neow_bonus":"RANDOM_COMMON_RELIC","is_daily":false,"chose_seed":false,"campfire_upgraded":6,"win_rate":0.0,"timestamp":1610177851,"path_taken":["M","M","?","?","?","E","R","E","T","M","R","M","?","$","R","BOSS","M","?","M","M","?","?","R","E","T","R","M","?","E","M","R","BOSS","M","$","M","M","M","E","R","?","T","M","M","M","R","E","R","BOSS","R","$","E","BOSS"],"items_purchased_type":["Relic","Card","Card","Potion","Card","Potion","Potion"],"build_version":"2020-12-22","purchased_purges":2,"victory":true,"max_hp_per_floor":[70,70,70,70,70,70,70,70,80,80,80,80,80,80,80,80,80,80,80,80,80,80,80,80,80,80,80,80,80,80,80,80,80,80,80,80,80,80,80,87,87,87,87,87,87,87,87,87,87,87,87,87,87,87,87],"relic_stats":{"Blood Vial":42,"Centennial Puzzle":[51],"Tough Bandages":[1098],"Nunchaku":[16],"counters":[30,165],"Pandora\u0027s Box":["Underhanded Strike","Night Terror","Blade Dance","Dagger Throw","Reflex","Outmaneuver","Blade Dance","Wraith Form v2"],"War Paint":["Survivor","Blade Dance"],"obtain_stats":[{"Pear":9,"War Paint":25,"Paper Crane":48,"White Beast Statue":26,"Akabeko":30,"Blood Vial":3,"keyreminder:keyreminder":41,"Centennial Puzzle":0,"Tough Bandages":6,"Nunchaku":42,"CaptainsWheel":54,"Strawberry":40,"Orrery":13,"Pandora\u0027s Box":17,"Fusion Hammer":34,"Red Mask":23,"StrikeDummy":8,"Ring of the Snake":0},{"Pear":5,"War Paint":14,"Paper Crane":27,"White Beast Statue":14,"Akabeko":16,"Blood Vial":2,"keyreminder:keyreminder":23,"Centennial Puzzle":0,"Tough Bandages":4,"Nunchaku":23,"CaptainsWheel":29,"Strawberry":23,"Orrery":7,"Pandora\u0027s Box":8,"Fusion Hammer":18,"Red Mask":13,"StrikeDummy":5,"Ring of the Snake":0},{"Pear":26,"War Paint":80,"Paper Crane":140,"White Beast Statue":80,"Akabeko":92,"Blood Vial":9,"keyreminder:keyreminder":124,"Centennial Puzzle":0,"Tough Bandages":22,"Nunchaku":124,"CaptainsWheel":155,"Strawberry":124,"Orrery":34,"Pandora\u0027s Box":53,"Fusion Hammer":103,"Red Mask":75,"StrikeDummy":26,"Ring of the Snake":0}],"Ring of the Snake":[60]},"card_choices":[{"not_picked":["Deadly Poison","Masterful Stab"],"picked":"Dagger Spray","floor":1},{"not_picked":["Expertise","Escape Plan"],"picked":"Backflip","floor":2},{"not_picked":["Backflip","Riddle With Holes"],"picked":"Dash","floor":5},{"not_picked":["Quick Slash","Sucker Punch"],"picked":"Tactician","floor":6},{"not_picked":["Masterful Stab","Flying Knee"],"picked":"Escape Plan","floor":8},{"not_picked":["Heel Hook","Outmaneuver"],"picked":"Acrobatics","floor":10},{"not_picked":["Bouncing Flask","Poisoned Stab","Backstab"],"picked":"SKIP","floor":12},{"not_picked":["PiercingWail","Noxious Fumes"],"picked":"Acrobatics","floor":13},{"not_picked":["Deadly Poison","Choke"],"picked":"PiercingWail","floor":13},{"not_picked":["Riddle With Holes","Sucker Punch"],"picked":"Leg Sweep","floor":13},{"not_picked":["Riddle With Holes","Leg Sweep"],"picked":"Night Terror","floor":13},{"not_picked":["Wraith Form v2","Corpse Explosion"],"picked":"After Image","floor":16},{"not_picked":["Underhanded Strike","Masterful Stab+1"],"picked":"Eviscerate","floor":18},{"not_picked":["Caltrops","Underhanded Strike","Finisher+1"],"picked":"SKIP","floor":19},{"not_picked":["Dagger Throw","Backflip"],"picked":"Acrobatics+1","floor":20},{"not_picked":["Riddle With Holes","Deadly Poison"],"picked":"Prepared","floor":21},{"not_picked":["Sucker Punch","Leg Sweep+1"],"picked":"Infinite Blades","floor":23},{"not_picked":["Predator","A Thousand Cuts","Dodge and Roll"],"picked":"SKIP","floor":25},{"not_picked":["Dagger Throw","Prepared"],"picked":"Tactician","floor":28},{"not_picked":["Quick Slash","Blade Dance","Poisoned Stab"],"picked":"SKIP","floor":30},{"not_picked":["Acrobatics","Poisoned Stab","Dagger Throw"],"picked":"SKIP","floor":31},{"not_picked":["Die Die Die","Venomology"],"picked":"Burst","floor":33},{"not_picked":["Dodge and Roll+1","Expertise+1"],"picked":"Calculated Gamble","floor":35},{"not_picked":["Infinite Blades","Cloak And Dagger+1"],"picked":"Well Laid Plans+1","floor":37},{"not_picked":["Flying Knee+1","Deadly Poison+1"],"picked":"Choke+1","floor":38},{"not_picked":["Outmaneuver+1","Infinite Blades+1"],"picked":"Expertise","floor":39},{"not_picked":["Predator+1","Cloak And Dagger+1","Sucker Punch"],"picked":"SKIP","floor":40},{"not_picked":["Well Laid Plans+1","Sucker Punch","Cloak And Dagger+1"],"picked":"SKIP","floor":44},{"not_picked":["Footwork","Dagger Throw"],"picked":"Choke+1","floor":45},{"not_picked":["PiercingWail+1","Blade Dance","Backstab"],"picked":"SKIP","floor":46},{"not_picked":["Bouncing Flask+1","Slice"],"picked":"Blur","floor":48},{"not_picked":["Envenom","Slice+1","Deflect+1"],"picked":"SKIP","floor":54}],"player_experience":211251,"relics_obtained":[{"floor":6,"key":"Tough Bandages"},{"floor":8,"key":"StrikeDummy"},{"floor":9,"key":"Pear"},{"floor":23,"key":"Red Mask"},{"floor":25,"key":"War Paint"},{"floor":26,"key":"White Beast Statue"},{"floor":30,"key":"Akabeko"},{"floor":40,"key":"Strawberry"},{"floor":48,"key":"Paper Crane"},{"floor":54,"key":"CaptainsWheel"}],"event_choices":[{"damage_healed":0,"gold_gain":0,"player_choice":"Success","damage_taken":3,"relics_obtained":["Blood Vial"],"max_hp_gain":0,"max_hp_loss":0,"event_name":"Scrap Ooze","floor":3,"gold_loss":0},{"cards_removed":["Strike_G"],"damage_healed":0,"gold_gain":0,"player_choice":"Purged","damage_taken":0,"max_hp_gain":0,"max_hp_loss":0,"event_name":"Purifier","floor":4,"gold_loss":0},{"damage_healed":0,"gold_gain":0,"player_choice":"Ignored","damage_taken":0,"max_hp_gain":0,"max_hp_loss":0,"event_name":"Vampires","floor":22,"gold_loss":0},{"damage_healed":0,"gold_gain":0,"player_choice":"Fought Bandits","damage_taken":0,"max_hp_gain":0,"max_hp_loss":0,"event_name":"Masked Bandits","floor":23,"gold_loss":0},{"damage_healed":0,"gold_gain":0,"player_choice":"Read","damage_taken":0,"max_hp_gain":0,"max_hp_loss":0,"event_name":"The Library","floor":29,"gold_loss":0,"cards_obtained":["Dagger Throw"]},{"damage_healed":0,"gold_gain":0,"player_choice":"Paid Gold","damage_taken":0,"relics_obtained":["Nunchaku"],"max_hp_gain":0,"max_hp_loss":0,"event_name":"WeMeetAgain","floor":42,"gold_loss":103}],"is_beta":false,"boss_relics":[{"not_picked":["Runic Pyramid","WristBlade"],"picked":"Pandora\u0027s Box"},{"not_picked":["SlaversCollar","Tiny House"],"picked":"Fusion Hammer"}],"items_purged_floors":[13,36],"is_endless":false,"potions_floor_spawned":[1,2,5,12,18,20,21,28,30,31,33,35,37,38,39,40,44,45,46,48,54],"ascension_level":5}}