{"host":"pqs17sqrgflf4eqa","time":1610229672,"event":{"mods":["AchievementEnabler","BaseMod","Bestiary","Better Altar","Colored Map","Colored Powertips","Emptier Cage","Googly Eyes","Highlight Path","Minty Spire (QoL Compilation)","Quick Restart","StSLib","SuperFastMode","Transform Curses","slay the spire mod where everything is the same but ironclad has a cowboy hat"],"gold_per_floor":[113,113,129,304,49,74,74,99,99,117,127,127,141,41,41,41,41],"floor_reached":16,"playtime":549,"items_purged":["Doubt","Defend_B"],"score":162,"play_id":"2efe3e56-b4b9-46c6-8e3b-fd30f8dae33c","local_time":"20210109170112","is_ascension_mode":true,"campfire_choices":[{"data":"Zap","floor":7,"key":"SMITH"},{"floor":15,"key":"REST"}],"circlet_count":0,"master_deck":["Strike_B","Strike_B","Strike_B","Strike_B","Defend_B","Defend_B","Defend_B","Zap+1","Dualcast","Streamline","Hologram","Defragment","Sunder","Rebound","Rebound","Beam Cell","Capacitor","Rip and Tear","Barrage"],"relics":["Cracked Core","NeowsBlessing","Mango","Juzu Bracelet","Bottled Flame","Golden Idol"],"acts_visited":["Exordium"],"potions_floor_usage":[11,16,16],"damage_taken":[{"damage":0,"enemies":"Small Slimes","floor":1,"turns":1},{"damage":0,"enemies":"2 Louse","floor":3,"turns":1},{"damage":0,"enemies":"3 Sentries","floor":6,"turns":1},{"damage":50,"enemies":"Lagavulin","floor":8,"turns":6},{"damage":6,"enemies":"Jaw Worm","floor":10,"turns":3},{"damage":14,"enemies":"Blue Slaver","floor":11,"turns":3},{"damage":7,"enemies":"Gremlin Gang","floor":13,"turns":3},{"damage":38,"enemies":"Hexaghost","floor":16,"turns":7}],"seed_played":"6965867300642272984","potions_obtained":[{"floor":6,"key":"EssenceOfSteel"},{"floor":10,"key":"PowerPotion"},{"floor":13,"key":"AttackPotion"}],"is_trial":false,"path_per_floor":["M","?","M","?","$","E","R","E","T","M","M","?","M","$","R","B"],"character_chosen":"DEFECT","items_purchased":["Defragment","Sunder","Rebound"],"campfire_rested":1,"item_purchase_floors":[5,5,5],"current_hp_per_floor":[75,75,75,75,75,89,89,39,39,33,19,19,12,12,36,0,0],"gold":41,"neow_bonus":"THREE_ENEMY_KILL","is_daily":false,"chose_seed":false,"campfire_upgraded":1,"win_rate":0.0,"timestamp":1610229672,"path_taken":["M","?","M","?","$","E","R","E","T","M","M","?","M","?","R","BOSS"],"items_purchased_type":["Card","Card","Card"],"build_version":"2020-12-22","purchased_purges":2,"victory":false,"max_hp_per_floor":[75,75,75,75,75,89,89,89,89,89,89,82,82,82,82,82,82],"card_choices":[{"not_picked":["Cold Snap","Turbo"],"picked":"Streamline","floor":1},{"not_picked":["Stack","Reinforced Body"],"picked":"Hologram","floor":3},{"not_picked":["Steam","Leap"],"picked":"Rebound","floor":6},{"not_picked":["Gash","Conserve Battery"],"picked":"Beam Cell","floor":8},{"not_picked":["Steam","Rebound"],"picked":"Capacitor","floor":10},{"not_picked":["Beam Cell","Hologram"],"picked":"Rip and Tear","floor":11},{"not_picked":["Steam","Rebound"],"picked":"Barrage","floor":13}],"player_experience":145530,"relics_obtained":[{"floor":6,"key":"Mango"},{"floor":8,"key":"Juzu Bracelet"},{"floor":9,"key":"Bottled Flame"}],"event_choices":[{"damage_healed":0,"gold_gain":0,"player_choice":"Leave","damage_taken":0,"max_hp_gain":0,"max_hp_loss":0,"event_name":"The Cleric","floor":2,"gold_loss":0},{"damage_healed":0,"gold_gain":175,"player_choice":"AGREE","damage_taken":0,"max_hp_gain":0,"max_hp_loss":0,"event_name":"Liars Game","floor":4,"gold_loss":0,"cards_obtained":["Doubt"]},{"damage_healed":0,"gold_gain":0,"player_choice":"Lose Max HP","damage_taken":0,"relics_obtained":["Golden Idol"],"max_hp_gain":0,"max_hp_loss":7,"event_name":"Golden Idol","floor":12,"gold_loss":0}],"is_beta":false,"boss_relics":[],"items_purged_floors":[5,14],"is_endless":false,"potions_floor_spawned":[6,10,13],"killed_by":"Hexaghost","ascension_level":4}}