{"host":"h4lp0eeso8a0ssq0","time":1610189768,"event":{"mods":["2.2 Compatiblity","AchievementEnabler","BaseMod","CapriCore","Colored Map","Minty Spire (QoL Compilation)","StSLib","SuperFastMode"],"gold_per_floor":[111,111,111,130,149,184,203,232,314,314,324,342,359,377,377,481,481,497,497],"floor_reached":18,"playtime":962,"items_purged":[],"score":223,"play_id":"4c871eb3-711d-43d8-873a-bbc2172a40e9","local_time":"20210109195608","is_ascension_mode":true,"campfire_choices":[{"floor":10.0,"key":"REST"},{"data":"Catalyst","floor":15.0,"key":"SMITH"}],"circlet_count":0,"master_deck":["Strike_G","Strike_G","Strike_G","Strike_G","Strike_G","Defend_G","Defend_G","Defend_G","Defend_G","Defend_G","Survivor","Neutralize","Poisoned Stab","Dagger Throw","Caltrops","Blade Dance","PiercingWail","Crippling Poison","Flying Knee","Catalyst+1","Backflip","Tools of the Trade"],"relics":["Ring of the Snake","Shuriken","Tingsha","Singing Bowl","Velvet Choker"],"acts_visited":["Exordium","TheCity"],"potions_floor_usage":[],"damage_taken":[{"damage":0.0,"enemies":"2 Louse","floor":1.0,"turns":2.0},{"damage":0.0,"enemies":"Small Slimes","floor":4.0,"turns":3.0},{"damage":1.0,"enemies":"Cultist","floor":5.0,"turns":4.0},{"damage":21.0,"enemies":"Gremlin Nob","floor":6.0,"turns":4.0},{"damage":21.0,"enemies":"Lots of Slimes","floor":7.0,"turns":4.0},{"damage":21.0,"enemies":"Lagavulin","floor":8.0,"turns":6.0},{"damage":3.0,"enemies":"2 Fungi Beasts","floor":11.0,"turns":4.0},{"damage":10.0,"enemies":"Exordium Thugs","floor":12.0,"turns":4.0},{"damage":0.0,"enemies":"Large Slime","floor":13.0,"turns":5.0},{"damage":6.0,"enemies":"2 Fungi Beasts","floor":14.0,"turns":3.0},{"damage":4.0,"enemies":"Hexaghost","floor":16.0,"turns":8.0},{"damage":42,"enemies":"Spheric Guardian","floor":18,"turns":6}],"seed_played":"-8132028951410074877","potions_obtained":[{"floor":1.0,"key":"LiquidBronze"},{"floor":3.0,"key":"Ancient Potion"},{"floor":3.0,"key":"Ancient Potion"},{"floor":7.0,"key":"PowerPotion"},{"floor":13.0,"key":"Energy Potion"}],"is_trial":false,"path_per_floor":["M","?","?","M","M","E","M","E","T","R","M","M","M","M","R","B",null,"M"],"character_chosen":"THE_SILENT","items_purchased":[],"campfire_rested":1,"item_purchase_floors":[],"current_hp_per_floor":[70,75,75,75,74,53,32,11,11,33,30,20,20,16,16,12,61,19,19],"gold":497,"neow_bonus":"THREE_CARDS","is_daily":false,"chose_seed":false,"campfire_upgraded":1,"win_rate":0.0,"timestamp":1610189768,"path_taken":["M","?","?","M","M","E","M","E","T","R","M","?","M","M","R","BOSS","M"],"items_purchased_type":[],"build_version":"2020-12-22","purchased_purges":0,"victory":false,"max_hp_per_floor":[70,75,75,75,75,75,75,75,75,75,75,75,75,77,77,77,77,77,77],"card_choices":[{"not_picked":["Reflex","Dagger Throw"],"picked":"Poisoned Stab","floor":0.0},{"not_picked":["Endless Agony","Eviscerate","Bane"],"picked":"SKIP","floor":1.0},{"not_picked":["Distraction","Outmaneuver"],"picked":"Dagger Throw","floor":4.0},{"not_picked":["Outmaneuver","Setup"],"picked":"Caltrops","floor":5.0},{"not_picked":["Distraction","Catalyst"],"picked":"Blade Dance","floor":6.0},{"not_picked":["Bane","Sucker Punch"],"picked":"PiercingWail","floor":7.0},{"not_picked":["Dagger Spray","Dash"],"picked":"Crippling Poison","floor":8.0},{"not_picked":["Quick Slash","Underhanded Strike"],"picked":"Flying Knee","floor":11.0},{"not_picked":["Setup","Infinite Blades"],"picked":"Catalyst","floor":12.0},{"not_picked":["Eviscerate","Night Terror"],"picked":"Backflip","floor":13.0},{"not_picked":["Terror","Underhanded Strike","Flying Knee"],"picked":"Singing Bowl","floor":14.0},{"not_picked":["Glass Knife","Grand Finale"],"picked":"Tools of the Trade","floor":16.0}],"player_experience":114706,"relics_obtained":[{"floor":6.0,"key":"Shuriken"},{"floor":8.0,"key":"Tingsha"},{"floor":9.0,"key":"Singing Bowl"}],"event_choices":[{"damage_healed":0.0,"max_hp_gain":5.0,"max_hp_loss":0.0,"gold_gain":0.0,"event_name":"Big Fish","player_choice":"Donut","floor":2.0,"gold_loss":0.0,"damage_taken":0.0},{"damage_healed":0.0,"max_hp_gain":0.0,"max_hp_loss":0.0,"gold_gain":0.0,"event_name":"Lab","player_choice":"Got Potions","floor":3.0,"gold_loss":0.0,"damage_taken":0.0}],"is_beta":false,"boss_relics":[{"not_picked":["SlaversCollar","Pandora\u0027s Box"],"picked":"Velvet Choker"}],"items_purged_floors":[],"is_endless":false,"potions_floor_spawned":[1,7,11,13,14],"killed_by":"Spheric Guardian","ascension_level":5}}