{"host":"m5bsg12zcyqnofur","time":1610175927,"event":{"mods":["BaseMod","BetterRewards","Colored Powertips","Downfall","Highlight Path","Minty Spire (QoL Compilation)","Quick Restart","Replay The Spire","Shop Mod","StSLib"],"gold_per_floor":[115,3,19,32,43,43,43,53,133,153,153,188,205,221,221,326,326,326],"floor_reached":17,"playtime":1283,"items_purged":["Strike_R"],"score":194,"play_id":"689f885a-fb20-4173-a43c-0bceae2f2abc","local_time":"20210109010526","is_ascension_mode":true,"campfire_choices":[{"data":"ReplayReversal","floor":6,"key":"SMITH"},{"data":"Body Slam","floor":15,"key":"SMITH"}],"circlet_count":0,"master_deck":["Strike_R","Strike_R","Strike_R","Strike_R","Defend_R+1","Defend_R","Defend_R+1","Defend_R","Bash","Feed","Heavy Blade","Flex+1","ReplayReversal+1","Hallucinations","Heavy Blade","Sword Boomerang","Body Slam+1","Demonic Infusion"],"relics":["Black Blood","Bottled Lightning","Ring of Searing","Replay:Towering Pillar of Hats"],"acts_visited":["Exordium","TheCity"],"potions_floor_usage":[16,16,16],"damage_taken":[{"damage":5,"enemies":"Cultist","floor":1,"turns":4},{"damage":3,"enemies":"2 Louse","floor":3,"turns":3},{"damage":3,"enemies":"Jaw Worm","floor":4,"turns":5},{"damage":10,"enemies":"Looter","floor":5,"turns":3},{"damage":10,"enemies":"Lots of Slimes","floor":8,"turns":4},{"damage":14,"enemies":"3 Louse","floor":10,"turns":4},{"damage":11,"enemies":"3 Sentries","floor":12,"turns":6},{"damage":0,"enemies":"Looter","floor":13,"turns":2},{"damage":5,"enemies":"Large Slime","floor":14,"turns":5},{"damage":17,"enemies":"Hexaghost","floor":16,"turns":6}],"seed_played":"-8413472063738598791","potions_obtained":[{"floor":4,"key":"champ:CounterPotion"},{"floor":5,"key":"BlessingOfTheForge"},{"floor":10,"key":"Reflective Coating"},{"floor":12,"key":"ColorlessPotion"},{"floor":14,"key":"champ:CounterPotion"}],"is_trial":false,"path_per_floor":["M","$","M","M","M","R","?","M","T","M","?","E","M","M","R","B",null],"character_chosen":"IRONCLAD","items_purchased":["Flex+1"],"campfire_rested":0,"item_purchase_floors":[2],"current_hp_per_floor":[80,80,83,86,82,82,65,64,64,59,59,54,63,67,67,59,101,101],"gold":326,"neow_bonus":"ONE_RANDOM_RARE_CARD","is_daily":false,"chose_seed":false,"campfire_upgraded":2,"win_rate":0.0,"timestamp":1610175926,"path_taken":["M","$","?","M","M","R","?","M","T","M","?","E","M","M","R","BOSS"],"items_purchased_type":["Card"],"build_version":"2020-12-22","purchased_purges":1,"victory":false,"max_hp_per_floor":[80,80,83,86,86,86,86,89,89,92,92,92,95,98,98,101,101,101],"card_choices":[{"not_picked":["Perfected Strike","Anger"],"picked":"Heavy Blade","floor":1},{"not_picked":["Dual Wield","Shrug It Off","Whirlwind"],"picked":"SKIP","floor":3},{"not_picked":["Replay:Undeath\u0027s Touch","Flame Barrier","Iron Wave"],"picked":"SKIP","floor":4},{"not_picked":["Body Slam","Thunderclap"],"picked":"ReplayReversal","floor":5},{"not_picked":["Pummel","Anger","Searing Blow"],"picked":"SKIP","floor":8},{"not_picked":["Clash","Perfected Strike","Anger"],"picked":"SKIP","floor":10},{"not_picked":["ReplayTheSpireMod:Corrosion Curse","Pommel Strike"],"picked":"Heavy Blade","floor":12},{"not_picked":["Anger","Life Link"],"picked":"Sword Boomerang","floor":13},{"not_picked":["Fire Breathing","Reaper"],"picked":"Body Slam","floor":14},{"not_picked":["Eclipse","Offering"],"picked":"Demonic Infusion","floor":16}],"player_experience":107732,"relics_obtained":[{"floor":9,"key":"Bottled Lightning"},{"floor":11,"key":"Ring of Searing"},{"floor":12,"key":"Replay:Towering Pillar of Hats"}],"event_choices":[{"damage_healed":0,"gold_gain":0,"player_choice":"Entered Light","damage_taken":17,"max_hp_gain":0,"max_hp_loss":0,"event_name":"Shining Light","floor":7,"gold_loss":0,"cards_upgraded":["Defend_R","Defend_R"]}],"is_beta":false,"boss_relics":[{"not_picked":["Replay:Bronze Core","Electric Blood"],"picked":"Black Blood"}],"items_purged_floors":[2],"is_endless":false,"potions_floor_spawned":[4,5,10,12,14],"ascension_level":1}}