{"host":"3l94tha3a4jgu0q4","time":1610195330,"event":{"mods":["2.2 Compatiblity","AchievementEnabler","BaseMod","Colored Map","Colored Powertips","Highlight Path","Minty Spire (QoL Compilation)","Permanent Neow","StSLib","SuperFastMode"],"gold_per_floor":[110,185,197,197,212,212,243,243,243,260,290,310,310,310],"floor_reached":13,"playtime":256,"items_purged":[],"score":162,"play_id":"34247fbd-9909-43b5-baa1-0a1ac5d0ab58","local_time":"20210109042850","is_ascension_mode":true,"campfire_choices":[{"data":"Vigilance","floor":6,"key":"SMITH"}],"circlet_count":0,"master_deck":["AscendersBane","Strike_P","Strike_P","Strike_P","Defend_P","Defend_P","Defend_P","Defend_P","Eruption+1","Vigilance+1","FlurryOfBlows","EmptyFist","MentalFortress","Evaluate","ClearTheMind"],"relics":["Sozu","Meat on the Bone","Ice Cream"],"acts_visited":["Exordium"],"potions_floor_usage":[],"damage_taken":[{"damage":6.0,"enemies":"2 Louse","floor":1.0,"turns":4.0},{"damage":0.0,"enemies":"Cultist","floor":3.0,"turns":4.0},{"damage":0,"enemies":"Jaw Worm","floor":5,"turns":1},{"damage":30,"enemies":"3 Sentries","floor":7,"turns":5},{"damage":1,"enemies":"2 Fungi Beasts","floor":10,"turns":4},{"damage":28,"enemies":"Gremlin Nob","floor":11,"turns":4},{"damage":4,"enemies":"Red Slaver","floor":12,"turns":4},{"damage":23,"enemies":"3 Sentries","floor":13,"turns":10}],"seed_played":"-97590185884789858","potions_obtained":[],"is_trial":false,"path_per_floor":["M","?","M","?","M","R","E","?","T","M","E","M","E"],"character_chosen":"WATCHER","items_purchased":[],"campfire_rested":0,"item_purchase_floors":[],"current_hp_per_floor":[55,49,49,49,49,49,19,19,19,30,14,22,0,0],"gold":310,"neow_bonus":"BOSS_RELIC","is_daily":false,"chose_seed":false,"campfire_upgraded":1,"win_rate":0.0,"timestamp":1610195330,"path_taken":["M","?","?","?","M","R","E","?","T","M","E","?","E"],"items_purchased_type":[],"build_version":"2020-12-22","purchased_purges":0,"victory":false,"max_hp_per_floor":[68,68,68,68,68,68,68,68,68,68,68,68,68,68],"card_choices":[{"not_picked":["ClearTheMind","EmptyMind"],"picked":"FlurryOfBlows","floor":1.0},{"not_picked":["EmptyBody","Crescendo"],"picked":"EmptyFist","floor":3.0},{"not_picked":["Conclude","JustLucky","FlyingSleeves"],"picked":"SKIP","floor":5},{"not_picked":["Vengeance","BowlingBash"],"picked":"MentalFortress","floor":7},{"not_picked":["Nirvana","Halt"],"picked":"Evaluate","floor":10},{"not_picked":["Collect","DeceiveReality","Omniscience"],"picked":"SKIP","floor":11},{"not_picked":["SashWhip","FollowUp"],"picked":"ClearTheMind","floor":12}],"player_experience":1913556,"relics_obtained":[{"floor":7,"key":"Meat on the Bone"},{"floor":11,"key":"Ice Cream"}],"event_choices":[{"damage_healed":0.0,"max_hp_gain":0.0,"max_hp_loss":0.0,"gold_gain":75.0,"event_name":"FaceTrader","player_choice":"Touch","floor":2.0,"gold_loss":0.0,"damage_taken":6.0},{"damage_healed":0.0,"max_hp_gain":0.0,"max_hp_loss":0.0,"gold_gain":0.0,"event_name":"Living Wall","player_choice":"Grow","floor":4.0,"gold_loss":0.0,"damage_taken":0.0,"cards_upgraded":["Eruption"]},{"cards_removed":["Strike_P"],"damage_healed":0,"gold_gain":0,"player_choice":"Offered Basic","damage_taken":0,"max_hp_gain":0,"max_hp_loss":0,"event_name":"Bonfire Elementals","floor":8,"gold_loss":0}],"is_beta":false,"boss_relics":[],"items_purged_floors":[],"is_endless":false,"potions_floor_spawned":[3,5,10,11],"killed_by":"3 Sentries","ascension_level":14}}