{"host":"12lnwhc48gjtaggg","time":1610218112,"event":{"mods":["Aspiration","BaseMod","BetterRewards","Energized Spire","Gold Saver","GungeonMod","Infinite Spire","Minty Spire (QoL Compilation)","Remove Card Discount Mod","Shop Mod","StSLib","Trackpad","[IsaacMod]????"],"gold_per_floor":[874,887,591,591,610,637,637,656,656,670,670,701,701,734,734,839,839,852,852,862,862,876,876,892,925,951,979,988,1005,1017,1013,1013,1126,1126,1146,1166,1180,1036,1048,1086,1115,1143,1166,1166,1180,1190,1199,1240,1240,1240],"floor_reached":51,"playtime":1910,"items_purged":["Writhe","Defend_R"],"score":1123,"play_id":"6841d3c1-ad2e-405d-b269-8a054c8144f6","local_time":"20210109184832","is_ascension_mode":true,"campfire_choices":[{"data":"Apotheosis","floor":7,"key":"SMITH"},{"data":"Spot Weakness","floor":11,"key":"SMITH"},{"data":"Whirlwind","floor":13,"key":"SMITH"},{"data":"Clash","floor":15,"key":"SMITH"},{"data":"Intimidate","floor":23,"key":"SMITH"},{"data":"infinitespire:Collect","floor":32,"key":"SMITH"},{"data":"Double Tap","floor":44,"key":"SMITH"},{"data":"infinitespire:Gouge","floor":49,"key":"SMITH"}],"circlet_count":0,"master_deck":["Strike_R","Strike_R","Strike_R","Strike_R","Strike_R","Defend_R","Defend_R","Defend_R","Bash","Spot Weakness+1","Perfected Strike","Clash+1","Twin Strike","Perfected Strike","Shrug It Off","Apotheosis+1","Pommel Strike","Pommel Strike","Whirlwind+1","Immolate","Perfected Strike+1","Intimidate+1","Shockwave","infinitespire:Collect+1","Double Tap+1","infinitespire:Collect+1","Twin Strike+1","Twin Strike","Pommel Strike+1","infinitespire:Gouge+1","Twin Strike"],"relics":["Burning Blood","HushsDoor","DoctorsRemote","trackpad:Compendium","trackpad:WritersBlock","DeadEye","trackpad:BottledTsunami","Coffee Dripper","DemoMod:PoisonVial","Enchiridion","Nunchaku","trackpad:AdjectivePendant","CeramicFish","Pear","Sozu","DollysMirror","aspiration:Lifesprig","DemoMod:WeirdEgg","Champion Belt","DemoMod:DecoyRelic"],"acts_visited":["Exordium","TheCity","TheBeyond"],"potions_floor_usage":[16,16,25,25,27],"damage_taken":[{"damage":6,"enemies":"Cultist","floor":1,"turns":3},{"damage":5,"enemies":"Small Slimes","floor":2,"turns":2},{"damage":6,"enemies":"Jaw Worm","floor":5,"turns":2},{"damage":5,"enemies":"3 Sentries","floor":6,"turns":4},{"damage":16,"enemies":"Lots of Slimes","floor":8,"turns":3},{"damage":0,"enemies":"2 Fungi Beasts","floor":10,"turns":2},{"damage":8,"enemies":"Lagavulin","floor":12,"turns":4},{"damage":9,"enemies":"Gremlin Nob","floor":14,"turns":3},{"damage":0,"enemies":"Slime Boss","floor":16,"turns":8},{"damage":0,"enemies":"Spheric Guardian","floor":18,"turns":1},{"damage":5,"enemies":"3 Byrds","floor":20,"turns":3},{"damage":14,"enemies":"Centurion and Healer","floor":22,"turns":4},{"damage":0,"enemies":"Cultist and Chosen","floor":24,"turns":3},{"damage":0,"enemies":"Slavers","floor":25,"turns":3},{"damage":15,"enemies":"Gremlin Leader","floor":27,"turns":3},{"damage":8,"enemies":"Shelled Parasite and Fungi","floor":29,"turns":2},{"damage":7,"enemies":"Snake Plant","floor":30,"turns":2},{"damage":47,"enemies":"Automaton","floor":33,"turns":7},{"damage":0,"enemies":"3 Darklings","floor":35,"turns":2},{"damage":0,"enemies":"3 Shapes","floor":36,"turns":1},{"damage":1,"enemies":"Sphere and 2 Shapes","floor":37,"turns":3},{"damage":0,"enemies":"Transient","floor":39,"turns":5},{"damage":18,"enemies":"Reptomancer","floor":40,"turns":4},{"damage":0,"enemies":"Jaw Worm Horde","floor":41,"turns":1},{"damage":0,"enemies":"4 Shapes","floor":42,"turns":2},{"damage":11,"enemies":"Sphere and 2 Shapes","floor":45,"turns":2},{"damage":0,"enemies":"Spire Growth","floor":46,"turns":1},{"damage":19,"enemies":"Nemesis","floor":48,"turns":3},{"damage":42,"enemies":"Time Eater","floor":50,"turns":7}],"seed_played":"-7380085385175647484","potions_obtained":[{"floor":1,"key":"SteroidPotion"},{"floor":5,"key":"Block Potion"},{"floor":8,"key":"ColorlessPotion"},{"floor":22,"key":"Fire Potion"},{"floor":24,"key":"Energy Potion"},{"floor":25,"key":"BloodPotion"}],"is_trial":false,"path_per_floor":["M","M","$","?","M","E","R","M","T","M","R","E","R","E","R","B",null,"M","?","M","?","M","R","M","E","T","E","AVR","M","M","$","R","B",null,"M","M","M","$","M","E","M","M","T","R","M","M","AVR","E","R","B",null],"character_chosen":"IRONCLAD","items_purchased":["Spot Weakness","Perfected Strike","Perfected Strike","Shrug It Off","Apotheosis","DollysMirror"],"campfire_rested":0,"item_purchase_floors":[0,0,3,3,3,38],"current_hp_per_floor":[80,80,80,80,80,80,80,70,70,76,76,74,74,71,71,77,80,80,80,80,64,56,56,62,80,80,71,81,79,78,78,78,37,90,90,90,90,90,90,78,84,90,90,90,85,90,90,77,77,41],"gold":1240,"neow_bonus":"","is_daily":false,"chose_seed":false,"campfire_upgraded":8,"win_rate":0.0,"timestamp":1610218112,"path_taken":["M","M","$","?","?","E","R","M","T","M","R","E","R","E","R","BOSS","M","?","?","?","M","R","M","E","T","E","AVR","M","M","$","R","BOSS","M","?","M","$","M","E","M","M","T","R","M","?","AVR","E","R","BOSS"],"items_purchased_type":["Card","Card","Card","Card","Card","Relic"],"build_version":"2020-12-22","purchased_purges":2,"victory":true,"max_hp_per_floor":[80,80,80,80,80,80,80,80,80,80,80,80,80,80,80,80,80,80,80,80,80,80,80,80,80,80,80,90,90,90,90,90,90,90,90,90,90,90,90,90,90,90,90,90,90,90,90,90,90,90],"card_choices":[{"not_picked":["Body Slam","Offering"],"picked":"Clash","floor":1},{"not_picked":["Rage","Uppercut"],"picked":"Twin Strike","floor":2},{"not_picked":["Body Slam","Iron Wave"],"picked":"Pommel Strike","floor":5},{"not_picked":["Infernal Blade","Warcry","Pummel"],"picked":"SKIP","floor":6},{"not_picked":["Second Wind","Infernal Blade"],"picked":"Pommel Strike","floor":8},{"not_picked":["Body Slam","Sword Boomerang","Clash"],"picked":"SKIP","floor":10},{"not_picked":["Anger","Cleave"],"picked":"Whirlwind","floor":12},{"not_picked":["Havoc","Pommel Strike"],"picked":"Bomb","floor":14},{"not_picked":["Barricade","Impervious"],"picked":"Immolate","floor":16},{"not_picked":["Bloodletting","Combust","Feel No Pain"],"picked":"SKIP","floor":18},{"not_picked":["Wild Strike+1","Pummel"],"picked":"Perfected Strike+1","floor":20},{"not_picked":["infinitespire:OneForAll+1","Cleave"],"picked":"Intimidate","floor":22},{"not_picked":["Cleave","Perfected Strike"],"picked":"Shockwave","floor":24},{"not_picked":["Rampage+1","Body Slam","Shrug It Off"],"picked":"SKIP","floor":25},{"not_picked":["DemoMod:WhiteBlade","Sever Soul","Exhume"],"picked":"SKIP","floor":27},{"not_picked":["Cleave","Sentinel","Armaments"],"picked":"SKIP","floor":29},{"not_picked":["Intimidate","Sword Boomerang","Shockwave+1"],"picked":"SKIP","floor":30},{"not_picked":["Offering","Immolate"],"picked":"Double Tap","floor":33},{"not_picked":["Heavy Blade+1","Headbutt","Warcry"],"picked":"SKIP","floor":35},{"not_picked":["Ghostly Armor","Sword Boomerang+1","Havoc+1"],"picked":"SKIP","floor":36},{"not_picked":["Pommel Strike","Thunderclap+1","Shrug It Off+1"],"picked":"SKIP","floor":37},{"not_picked":["Power Through","Sever Soul+1","Havoc+1"],"picked":"SKIP","floor":39},{"not_picked":["Wild Strike","Rupture"],"picked":"Twin Strike+1","floor":40},{"not_picked":["True Grit","Cleave"],"picked":"Twin Strike","floor":41},{"not_picked":["Rampage","Cleave+1"],"picked":"Pommel Strike+1","floor":42},{"not_picked":["Bloodletting+1","Blood for Blood+1","Flex+1"],"picked":"SKIP","floor":45},{"not_picked":["Havoc+1","Entrench","Heavy Blade"],"picked":"SKIP","floor":46},{"not_picked":["Demon Form","Sword Boomerang"],"picked":"Twin Strike","floor":48}],"player_experience":395409,"relics_obtained":[{"floor":6,"key":"trackpad:Compendium"},{"floor":9,"key":"trackpad:WritersBlock"},{"floor":12,"key":"DeadEye"},{"floor":14,"key":"trackpad:BottledTsunami"},{"floor":21,"key":"Enchiridion"},{"floor":25,"key":"Nunchaku"},{"floor":26,"key":"trackpad:AdjectivePendant"},{"floor":27,"key":"CeramicFish"},{"floor":40,"key":"aspiration:Lifesprig"},{"floor":43,"key":"DemoMod:WeirdEgg"},{"floor":48,"key":"DemoMod:DecoyRelic"}],"event_choices":[{"damage_healed":0,"gold_gain":0,"player_choice":"Opened","damage_taken":0,"relics_obtained":["DemoMod:PoisonVial"],"max_hp_gain":0,"max_hp_loss":0,"event_name":"The Mausoleum","floor":19,"gold_loss":0,"cards_obtained":["Writhe"]},{"damage_healed":0,"gold_gain":0,"player_choice":"Obtained Book","damage_taken":16,"max_hp_gain":0,"max_hp_loss":0,"event_name":"Cursed Tome","floor":21,"gold_loss":0}],"is_beta":false,"boss_relics":[{"not_picked":["energizedSpire:TabascoSauce","energizedSpire:StickyHand"],"picked":"Coffee Dripper"},{"not_picked":[]},{"not_picked":["Philosopher\u0027s Stone","energizedSpire:HugeHouse"],"picked":"Sozu"},{"not_picked":[]}],"items_purged_floors":[31,31],"is_endless":false,"potions_floor_spawned":[1,5,8,22,24,25,40,41,42,46,48],"ascension_level":1}}