{"host":"08t08ld674si40tv","time":1610176422,"event":{"mods":["AchievementEnabler","BaseMod","Colored Map","Minty Spire (QoL Compilation)","StSLib","SuperFastMode"],"gold_per_floor":[164,164,164,164,175,175,16,42,42,42,58,58,69,100,100,172,172,190,90,15,15,65,65,96,96,96,96,124,140,140,152,152,229,229,240,253,253,128,128,156,156,0,0,0,0],"floor_reached":44,"playtime":854,"items_purged":["Strike_R","Strike_R","Strike_R"],"score":981,"play_id":"9fe81690-d53d-457b-9c15-2826e6f61687","local_time":"20210109161342","is_ascension_mode":true,"campfire_choices":[{"data":"Blood for Blood","floor":6.0,"key":"SMITH"},{"data":"Fire Breathing","floor":10.0,"key":"SMITH"},{"data":"Rupture","floor":15.0,"key":"SMITH"},{"floor":23,"key":"REST"},{"data":"Offering","floor":25,"key":"SMITH"},{"data":"Anger","floor":27,"key":"SMITH"},{"floor":32,"key":"REST"},{"data":"Shockwave","floor":41,"key":"SMITH"}],"circlet_count":0,"master_deck":["AscendersBane","Defend_R","Defend_R","Defend_R","Bash","Anger+1","Blood for Blood+1","Shockwave+1","Fire Breathing+1","Rupture+1","Impervious","Offering+1","Evolve+1","Disarm+1","Rage+1"],"relics":["Burning Blood","Black Star","Turnip","Incense Burner","Unceasing Top","Pear","Ice Cream","Orichalcum","Potion Belt","SacredBark","Toy Ornithopter","Toxic Egg 2","Omamori","Strawberry","Self Forming Clay","Mark of Pain","Lantern","Anchor","Red Mask"],"acts_visited":["Exordium","TheCity","TheBeyond"],"potions_floor_usage":[16,24,29,33,40],"damage_taken":[{"damage":1.0,"enemies":"Cultist","floor":1.0,"turns":3.0},{"damage":12.0,"enemies":"Jaw Worm","floor":5.0,"turns":3.0},{"damage":22.0,"enemies":"Gremlin Nob","floor":8.0,"turns":4.0},{"damage":4.0,"enemies":"2 Louse","floor":11.0,"turns":2.0},{"damage":15.0,"enemies":"Blue Slaver","floor":13.0,"turns":4.0},{"damage":25.0,"enemies":"3 Sentries","floor":14.0,"turns":4.0},{"damage":20,"enemies":"The Guardian","floor":16,"turns":12},{"damage":44,"enemies":"Spheric Guardian","floor":18,"turns":7},{"damage":12,"enemies":"Slavers","floor":24,"turns":5},{"damage":39,"enemies":"Book of Stabbing","floor":28,"turns":5},{"damage":13,"enemies":"3 Byrds","floor":29,"turns":6},{"damage":6,"enemies":"Centurion and Healer","floor":31,"turns":5},{"damage":27,"enemies":"Champ","floor":33,"turns":9},{"damage":11,"enemies":"Orb Walker","floor":35,"turns":4},{"damage":6,"enemies":"3 Shapes","floor":36,"turns":2},{"damage":56,"enemies":"Nemesis","floor":40,"turns":7},{"damage":54,"enemies":"Giant Head","floor":44,"turns":7}],"seed_played":"-3849010016285907410","potions_obtained":[{"floor":1.0,"key":"EssenceOfSteel"},{"floor":5.0,"key":"SpeedPotion"},{"floor":14.0,"key":"PowerPotion"},{"floor":16,"key":"Dexterity Potion"},{"floor":28,"key":"HeartOfIron"},{"floor":29,"key":"SmokeBomb"},{"floor":31,"key":"Fruit Juice"},{"floor":33,"key":"Swift Potion"},{"floor":36,"key":"Strength Potion"},{"floor":40,"key":"BlessingOfTheForge"}],"is_trial":false,"path_per_floor":["M","?","?","?","M","R","$","E","T","R","M","T","M","E","R","B",null,"M","$","?","?","?","R","E","R","T","R","E","M","?","M","R","B",null,"M","M","?","$","?","E","R","?","T","E"],"character_chosen":"IRONCLAD","items_purchased":["Fire Breathing"],"campfire_rested":2,"item_purchase_floors":[7],"current_hp_per_floor":[73,78,78,67,61,61,61,45,55,55,57,57,48,29,29,15,71,33,33,33,33,33,60,54,54,54,54,28,26,26,26,55,49,93,88,88,88,88,88,43,43,43,43,0,0],"gold":0,"neow_bonus":"TRANSFORM_CARD","is_daily":false,"chose_seed":false,"campfire_upgraded":6,"win_rate":0.0,"timestamp":1610176422,"path_taken":["M","?","?","?","M","R","?","E","T","R","M","?","M","E","R","BOSS","M","$","?","?","?","R","E","R","T","R","E","M","?","M","R","BOSS","M","M","?","$","?","E","R","?","T","E"],"items_purchased_type":["Card"],"build_version":"2020-12-22","purchased_purges":3,"victory":false,"max_hp_per_floor":[75,80,80,80,80,80,80,80,90,90,90,90,90,90,90,90,90,90,90,90,90,90,90,90,90,90,90,97,97,97,97,97,107,107,107,107,102,102,102,102,102,102,102,102,102],"card_choices":[{"not_picked":["Flame Barrier","Clothesline"],"picked":"Blood for Blood","floor":1.0},{"not_picked":["Body Slam","True Grit"],"picked":"Shockwave","floor":5.0},{"not_picked":["Clash","Uppercut"],"picked":"Rupture","floor":8.0},{"not_picked":["Headbutt","Pommel Strike","Clash"],"picked":"SKIP","floor":11.0},{"not_picked":["Anger","Twin Strike","Heavy Blade"],"picked":"SKIP","floor":13.0},{"not_picked":["Whirlwind","Brutality"],"picked":"Impervious","floor":14.0},{"not_picked":["Corruption","Feed"],"picked":"Offering","floor":16},{"not_picked":["True Grit","Pommel Strike+1","Iron Wave"],"picked":"SKIP","floor":18},{"not_picked":["Armaments+1","Thunderclap"],"picked":"Evolve+1","floor":24},{"not_picked":["Perfected Strike","Sword Boomerang"],"picked":"Second Wind+1","floor":28},{"not_picked":["Limit Break+1","Carnage"],"picked":"Disarm+1","floor":29},{"not_picked":["Twin Strike","Dark Embrace","Second Wind+1"],"picked":"SKIP","floor":31},{"not_picked":["Second Wind+1","Perfected Strike+1","Cleave"],"picked":"SKIP","floor":35},{"not_picked":["Sever Soul","Warcry+1","Wild Strike"],"picked":"SKIP","floor":36},{"not_picked":["True Grit+1","Evolve"],"picked":"Rage+1","floor":40}],"player_experience":203735,"relics_obtained":[{"floor":8.0,"key":"Incense Burner"},{"floor":8.0,"key":"Unceasing Top"},{"floor":9.0,"key":"Pear"},{"floor":12.0,"key":"Ice Cream"},{"floor":14.0,"key":"Orichalcum"},{"floor":14.0,"key":"Potion Belt"},{"floor":24,"key":"Toy Ornithopter"},{"floor":24,"key":"Toxic Egg 2"},{"floor":26,"key":"Omamori"},{"floor":28,"key":"Strawberry"},{"floor":28,"key":"Self Forming Clay"},{"floor":40,"key":"Lantern"},{"floor":40,"key":"Anchor"}],"event_choices":[{"damage_healed":0.0,"max_hp_gain":5.0,"max_hp_loss":0.0,"gold_gain":0.0,"event_name":"Big Fish","player_choice":"Donut","floor":2.0,"gold_loss":0.0,"damage_taken":0.0},{"damage_healed":0.0,"max_hp_gain":0.0,"max_hp_loss":0.0,"gold_gain":0.0,"event_name":"Liars Game","player_choice":"Ignored","floor":3.0,"gold_loss":0.0,"damage_taken":0.0},{"damage_healed":0.0,"max_hp_gain":0.0,"max_hp_loss":0.0,"gold_gain":0.0,"event_name":"Scrap Ooze","player_choice":"Success","floor":4.0,"gold_loss":0.0,"damage_taken":11.0,"relics_obtained":["Turnip"]},{"cards_removed":["Strike_R"],"damage_healed":0,"gold_gain":0,"player_choice":"Gave Gold","damage_taken":0,"max_hp_gain":0,"max_hp_loss":0,"event_name":"Beggar","floor":20,"gold_loss":75},{"cards_removed":["Defend_R"],"damage_healed":0,"gold_gain":0,"player_choice":"Elegance","damage_taken":0,"max_hp_gain":0,"max_hp_loss":0,"event_name":"Back to Basics","floor":21,"gold_loss":0},{"damage_healed":0,"gold_gain":50,"player_choice":"Stole From Cult","damage_taken":0,"max_hp_gain":0,"max_hp_loss":0,"event_name":"Nest","floor":22,"gold_loss":0},{"damage_healed":0,"gold_gain":0,"player_choice":"Ignored","damage_taken":0,"max_hp_gain":0,"max_hp_loss":0,"event_name":"Ghosts","floor":30,"gold_loss":0},{"damage_healed":0,"gold_gain":0,"player_choice":"Max HP","damage_taken":0,"max_hp_gain":0,"max_hp_loss":5,"event_name":"Winding Halls","floor":37,"gold_loss":0},{"cards_removed":["Second Wind"],"damage_healed":0,"gold_gain":0,"player_choice":"Removed Skill","damage_taken":0,"max_hp_gain":0,"max_hp_loss":0,"event_name":"Falling","floor":39,"gold_loss":0},{"damage_healed":0,"gold_gain":0,"player_choice":"Paid","damage_taken":0,"relics_obtained":["Red Mask"],"max_hp_gain":0,"max_hp_loss":0,"event_name":"Tomb of Lord Red Mask","floor":42,"gold_loss":156}],"is_beta":false,"boss_relics":[{"not_picked":["Calling Bell","Black Blood"],"picked":"SacredBark"},{"not_picked":["Cursed Key","Pandora\u0027s Box"],"picked":"Mark of Pain"}],"items_purged_floors":[7,19,38],"is_endless":false,"potions_floor_spawned":[1,5,14,16,28,29,31,33,36,40],"killed_by":"Giant Head","ascension_level":20}}