{"host":"873t0y8ybyo38pfq","time":1610210687,"event":{"mods":["BaseMod","Bestiary","Colored Map","Colored Powertips","Highlight Path","Minty Spire (QoL Compilation)","Quick Restart","RNG Fix","Rare Cards Sparkle","Relic Stats","StSLib"],"gold_per_floor":[116,126,126,126,136,169,169,203,248,248,248,248],"floor_reached":11,"playtime":213,"items_purged":[],"score":162,"play_id":"7b5b9acf-3fbb-4848-af8f-42f5f2ede311","local_time":"20210109114447","is_ascension_mode":true,"campfire_choices":[{"floor":7,"key":"REST"}],"circlet_count":0,"master_deck":["AscendersBane","Strike_B","Strike_B","Strike_B","Strike_B","Defend_B+1","Defend_B","Defend_B+1","Defend_B","Zap+1","Dualcast+1","Lockon","Capacitor","Sweeping Beam","Static Discharge+1"],"relics":["Velvet Choker","War Paint","Emotion Chip","Omamori"],"acts_visited":["Exordium"],"potions_floor_usage":[6],"damage_taken":[{"damage":2,"enemies":"Jaw Worm","floor":1,"turns":3},{"damage":4,"enemies":"Small Slimes","floor":2,"turns":3},{"damage":1,"enemies":"Cultist","floor":5,"turns":3},{"damage":15,"enemies":"3 Sentries","floor":6,"turns":5},{"damage":11,"enemies":"Lagavulin","floor":8,"turns":7},{"damage":32,"enemies":"Gremlin Nob","floor":11,"turns":3}],"seed_played":"2846913702152578549","potions_obtained":[{"floor":5,"key":"AttackPotion"}],"is_trial":false,"path_per_floor":["M","M","?","?","M","E","R","E","T","?","E"],"character_chosen":"DEFECT","items_purchased":[],"campfire_rested":1,"item_purchase_floors":[],"current_hp_per_floor":[62,58,58,37,36,21,42,31,31,31,0,0],"gold":248,"neow_bonus":"BOSS_RELIC","is_daily":false,"chose_seed":false,"campfire_upgraded":0,"win_rate":0.0,"timestamp":1610210687,"path_taken":["M","M","?","?","M","E","R","E","T","?","E"],"items_purchased_type":[],"build_version":"2020-12-22","purchased_purges":0,"victory":false,"max_hp_per_floor":[71,71,71,71,71,71,71,71,71,71,71,71],"relic_stats":{"Emotion Chip":[0,0,0,0,0],"counters":[6,24],"War Paint":["Zap","Defend_B"],"obtain_stats":[{"Emotion Chip":8,"Velvet Choker":0,"Omamori":9,"War Paint":6,"Cracked Core":0},{"Emotion Chip":5,"Velvet Choker":0,"Omamori":5,"War Paint":4,"Cracked Core":0},{"Emotion Chip":21,"Velvet Choker":0,"Omamori":21,"War Paint":14,"Cracked Core":0}]},"card_choices":[{"not_picked":["Chill","Heatsinks"],"picked":"Lockon","floor":1},{"not_picked":["Genetic Algorithm","Conserve Battery"],"picked":"Capacitor","floor":2},{"not_picked":["Compile Driver","FTL"],"picked":"Sweeping Beam","floor":5},{"not_picked":["Conserve Battery","Steam","Amplify"],"picked":"SKIP","floor":6},{"not_picked":["Go for the Eyes","Sunder"],"picked":"Static Discharge","floor":8}],"player_experience":1569695,"relics_obtained":[{"floor":6,"key":"War Paint"},{"floor":8,"key":"Emotion Chip"},{"floor":9,"key":"Omamori"}],"event_choices":[{"damage_healed":0,"gold_gain":0,"player_choice":"Ignored","damage_taken":0,"max_hp_gain":0,"max_hp_loss":0,"event_name":"Liars Game","floor":3,"gold_loss":0},{"damage_healed":0,"gold_gain":0,"player_choice":"Entered Light","damage_taken":21,"max_hp_gain":0,"max_hp_loss":0,"event_name":"Shining Light","floor":4,"gold_loss":0,"cards_upgraded":["Defend_B","Dualcast"]},{"damage_healed":0,"gold_gain":0,"player_choice":"Grow","damage_taken":0,"max_hp_gain":0,"max_hp_loss":0,"event_name":"Living Wall","floor":10,"gold_loss":0,"cards_upgraded":["Static Discharge"]}],"is_beta":false,"boss_relics":[],"items_purged_floors":[],"is_endless":false,"potions_floor_spawned":[5],"killed_by":"Gremlin Nob","ascension_level":20}}