{"host":"cbu6enf2xtq4r7r3","time":1610155616,"event":{"mods":["2.2 Compatiblity","AlwaysNeverKeys","BaseMod","Better Match","Better Note","Better Sensory Stone","Better Skull","Better Third Choice","Colored Map","Colored Powertips","Defuse TimeMaze Blight","Emptier Cage","Minty Spire (QoL Compilation)","Permanent Neow","Quick Restart","Random Character Button","Relic Sorter","Reorder Act Four","Shop Mod","StSLib"],"gold_per_floor":[112,112,62,76,5,5,30,30,103,121,121,152,152,180,180,277,327,344,361,361,378,393,393,171,198,198,198,228,242,242,56,56,152,152,164,182,202,217,217,246,246,84,84,84,96,96,96,114,114,114,114,79,79,112,112,112],"floor_reached":55,"playtime":2022,"items_purged":["Strike_B","Pain","Dualcast+1"],"score":828,"play_id":"c6b3c7e6-eba1-40c9-8572-dda5ac0ac601","local_time":"20210109022656","is_ascension_mode":true,"campfire_choices":[{"data":"Dualcast","floor":6,"key":"SMITH"},{"data":"Echo Form","floor":8,"key":"SMITH"},{"data":"Redo","floor":13,"key":"SMITH"},{"data":"Glacier","floor":15,"key":"SMITH"},{"data":"Conserve Battery","floor":23,"key":"SMITH"},{"floor":27,"key":"REST"},{"data":"Bandage Up","floor":32,"key":"SMITH"},{"floor":41,"key":"REST"},{"data":"Defragment","floor":44,"key":"SMITH"},{"data":"Skim","floor":47,"key":"SMITH"},{"floor":49,"key":"REST"},{"data":"Reinforced Body","floor":53,"key":"SMITH"}],"circlet_count":0,"master_deck":["Strike_B","Strike_B","Defend_B","Defend_B","Defend_B","Defend_B","Zap+1","Cold Snap","Darkness+1","Melter","Echo Form+1","Glacier+1","Redo+1","Doom and Gloom+1","Core Surge+1","Reinforced Body+1","Chaos+1","Melter+1","Core Surge+1","Conserve Battery+1","Leap","BootSequence","Darkness+1","Bandage Up+1","Conserve Battery+1","Streamline+1","Reinforced Body+1","Madness","Master of Strategy","Skim+1","Defragment+1","Machine Learning","Sunder+1","Sunder+1","Undo+1"],"relics":["Cracked Core","Lantern","Molten Egg 2","Nunchaku","Ancient Tea Set","Oddly Smooth Stone","Tiny House","Dream Catcher","Bottled Flame","Blue Candle","Art of War","WarpedTongs","Snecko Eye","DataDisk","Singing Bowl","Boot"],"acts_visited":["Exordium","TheCity","TheBeyond","TheEnding"],"potions_floor_usage":[10,14,18,21,28,33,33,35,37,37,46,50],"damage_taken":[{"damage":2,"enemies":"Jaw Worm","floor":1,"turns":4},{"damage":0,"enemies":"2 Louse","floor":4,"turns":2},{"damage":10,"enemies":"Gremlin Nob","floor":7,"turns":4},{"damage":0,"enemies":"Small Slimes","floor":10,"turns":2},{"damage":3,"enemies":"Lagavulin","floor":12,"turns":7},{"damage":8,"enemies":"3 Sentries","floor":14,"turns":5},{"damage":35,"enemies":"Slime Boss","floor":16,"turns":7},{"damage":9,"enemies":"Shell Parasite","floor":18,"turns":6},{"damage":10,"enemies":"2 Thieves","floor":19,"turns":4},{"damage":11,"enemies":"Snake Plant","floor":21,"turns":3},{"damage":0,"enemies":"Sentry and Sphere","floor":22,"turns":2},{"damage":37,"enemies":"Book of Stabbing","floor":25,"turns":7},{"damage":41,"enemies":"Slavers","floor":28,"turns":5},{"damage":0,"enemies":"Snecko","floor":29,"turns":4},{"damage":12,"enemies":"Champ","floor":33,"turns":8},{"damage":6,"enemies":"3 Darklings","floor":35,"turns":5},{"damage":0,"enemies":"Orb Walker","floor":36,"turns":2},{"damage":15,"enemies":"Jaw Worm Horde","floor":37,"turns":6},{"damage":10,"enemies":"4 Shapes","floor":38,"turns":7},{"damage":35,"enemies":"Reptomancer","floor":40,"turns":5},{"damage":6,"enemies":"Spire Growth","floor":45,"turns":4},{"damage":0,"enemies":"3 Darklings","floor":46,"turns":1},{"damage":37,"enemies":"Transient","floor":48,"turns":5},{"damage":33,"enemies":"Time Eater","floor":50,"turns":9},{"damage":48,"enemies":"Shield and Spear","floor":54,"turns":3},{"damage":45,"enemies":"The Heart","floor":55,"turns":3}],"seed_played":"-1627888439718694312","potions_obtained":[{"floor":7,"key":"DistilledChaos"},{"floor":12,"key":"EssenceOfDarkness"},{"floor":14,"key":"Regen Potion"},{"floor":17,"key":"ColorlessPotion"},{"floor":19,"key":"SkillPotion"},{"floor":21,"key":"Ancient Potion"},{"floor":25,"key":"Regen Potion"},{"floor":29,"key":"LiquidMemories"},{"floor":35,"key":"GamblersBrew"},{"floor":36,"key":"SkillPotion"},{"floor":40,"key":"SmokeBomb"},{"floor":48,"key":"Block Potion"}],"is_trial":false,"path_per_floor":["M","?","?","M","$","R","E","R","T","M","T","E","R","E","R","B",null,"M","M","?","M","M","R","$","E","T","R","E","M","?","$","R","B",null,"M","M","M","M","?","E","R","$","T","R","M","M","R","M","R","B",null,"$","R","E","B"],"character_chosen":"DEFECT","items_purchased":["Melter","Dream Catcher","Bandage Up","Defragment","Sunder+1"],"campfire_rested":3,"item_purchase_floors":[5,24,31,42,52],"current_hp_per_floor":[73,78,78,78,78,78,68,68,68,68,68,65,65,57,57,22,85,76,66,66,55,55,55,55,18,18,43,2,2,2,2,2,45,85,79,79,64,60,60,31,56,56,56,56,58,58,58,33,59,32,87,87,87,39,0,0],"gold":112,"neow_bonus":"UPGRADE_CARD","is_daily":false,"chose_seed":false,"campfire_upgraded":9,"win_rate":0.0,"timestamp":1610155616,"path_taken":["M","?","?","M","?","R","E","R","T","M","?","E","R","E","R","BOSS","M","M","?","M","M","R","$","E","T","R","E","M","?","$","R","BOSS","M","M","M","M","?","E","R","$","T","R","M","M","R","M","R","BOSS","$","R","E","BOSS"],"items_purchased_type":["Card","Relic","Card","Card","Card"],"build_version":"2020-12-22","purchased_purges":3,"victory":false,"max_hp_per_floor":[75,80,80,80,80,80,80,80,80,80,80,80,80,80,80,80,85,85,85,85,85,85,85,85,85,85,85,85,85,85,85,85,85,85,85,85,85,85,85,85,85,85,85,85,87,87,87,87,87,87,87,87,87,87,87,87],"card_choices":[{"not_picked":["Go for the Eyes","Reprogram"],"picked":"Cold Snap","floor":1},{"not_picked":["Fusion","Steam"],"picked":"Darkness","floor":4},{"not_picked":["Fusion","Hologram"],"picked":"Echo Form","floor":7},{"not_picked":["Barrage+1","Steam"],"picked":"Glacier","floor":10},{"not_picked":["Compile Driver+1","Genetic Algorithm"],"picked":"Redo","floor":12},{"not_picked":["Leap","Barrage+1"],"picked":"Doom and Gloom+1","floor":14},{"not_picked":["Hyperbeam+1","Seek"],"picked":"Core Surge+1","floor":16},{"not_picked":["Ball Lightning+1","Static Discharge"],"picked":"Reinforced Body","floor":17},{"not_picked":["Sweeping Beam+1","Gash+1"],"picked":"Chaos+1","floor":18},{"not_picked":["Ball Lightning+1","Recycle+1"],"picked":"Melter+1","floor":19},{"not_picked":["Storm","Consume"],"picked":"Conserve Battery","floor":21},{"not_picked":["Tempest","Skim"],"picked":"Leap","floor":22},{"not_picked":["Stack","Streamline+1"],"picked":"BootSequence","floor":25},{"not_picked":["Tempest","Streamline+1","Auto Shields+1"],"picked":"SKIP","floor":28},{"not_picked":["Barrage+1","Redo"],"picked":"Darkness+1","floor":29},{"not_picked":["Rebound+1","Barrage+1"],"picked":"Conserve Battery+1","floor":35},{"not_picked":["Hologram+1","Rip and Tear+1","Steam+1"],"picked":"SKIP","floor":36},{"not_picked":["Melter+1","Stack+1"],"picked":"Streamline+1","floor":37},{"not_picked":["Sweeping Beam+1","Reboot"],"picked":"Reinforced Body+1","floor":38},{"not_picked":["Swift Strike+1","Good Instincts"],"picked":"Madness","floor":39},{"not_picked":["Deep Breath","Flash of Steel+1"],"picked":"Master of Strategy","floor":39},{"not_picked":["Beam Cell+1","Go for the Eyes+1"],"picked":"Skim","floor":40},{"not_picked":["Steam","Gash+1","Go for the Eyes+1"],"picked":"Singing Bowl","floor":45},{"not_picked":["Conserve Battery+1","Leap+1"],"picked":"Machine Learning","floor":48},{"not_picked":["Conserve Battery+1","Barrage+1"],"picked":"Sunder+1","floor":49},{"not_picked":["Static Discharge+1","Compile Driver+1"],"picked":"Undo+1","floor":54}],"player_experience":68273,"relics_obtained":[{"floor":7,"key":"Lantern"},{"floor":9,"key":"Molten Egg 2"},{"floor":11,"key":"Nunchaku"},{"floor":12,"key":"Ancient Tea Set"},{"floor":14,"key":"Oddly Smooth Stone"},{"floor":25,"key":"Bottled Flame"},{"floor":26,"key":"Blue Candle"},{"floor":28,"key":"Art of War"},{"floor":40,"key":"DataDisk"},{"floor":43,"key":"Singing Bowl"},{"floor":54,"key":"Boot"}],"event_choices":[{"damage_healed":0,"gold_gain":0,"player_choice":"Donut","damage_taken":0,"max_hp_gain":5,"max_hp_loss":0,"event_name":"Big Fish","floor":2,"gold_loss":0},{"cards_removed":["Strike_B"],"damage_healed":0,"gold_gain":0,"player_choice":"Card Removal","damage_taken":0,"max_hp_gain":0,"max_hp_loss":0,"event_name":"The Cleric","floor":3,"gold_loss":50},{"cards_removed":["Core Surge"],"damage_healed":0,"gold_gain":0,"player_choice":"Take \u0026 Give","damage_taken":0,"max_hp_gain":0,"max_hp_loss":0,"event_name":"betterNote:BetterNote","floor":20,"gold_loss":0,"cards_obtained":["Core Surge"]},{"damage_healed":0,"gold_gain":0,"player_choice":"Rummage","damage_taken":0,"relics_obtained":["WarpedTongs"],"max_hp_gain":0,"max_hp_loss":0,"event_name":"Accursed Blacksmith","floor":30,"gold_loss":0,"cards_obtained":["Pain"]},{"damage_healed":0,"gold_gain":3,"player_choice":"1","damage_taken":0,"max_hp_gain":0,"max_hp_loss":0,"event_name":"betterStone:BetterStone","floor":39,"gold_loss":0}],"is_beta":false,"boss_relics":[{"not_picked":["SacredBark","Nuclear Battery"],"picked":"Tiny House"},{"not_picked":["Velvet Choker","Inserter"],"picked":"Snecko Eye"}],"items_purged_floors":[24,31,42],"is_endless":false,"potions_floor_spawned":[7,12,14,19,21,25,29,35,36,40,48],"killed_by":"The Heart","ascension_level":2}}