{"host":"w5vfr18i2ft1pzo2","time":1610187472,"event":{"mods":["AchievementEnabler","Act Like it!","Aspiration","BaseMod","Better Third Choice","BetterRewards","Colored Map","Colored Powertips","Conspire","Curses Come First","DNKmod","Defuse TimeMaze Blight","Dota2Spire","Elementarium","Energized Spire","Evolution","Force Act Four","Fox Events","Friendly Minions","Gensokyo","GifTheSpireLib","Gold Saver","GungeonMod","Halation","Hallownest","Hubris","Hyrulean Relics","Infinite Spire","Jedi Mod","Marisa????????","Minty Spire (QoL Compilation)","MostiFishMod","Poor People Problems","Prisma Mod","Remilia??????","Replay The Spire","SacredBarkPlus","Small Relic Pack","Spicy Shops","Spikes Relics","StSLib","Stuff the Spire","SuperFastMode","Synergy Search","The Blue Laboratory","The Servant 0.9.4","Trackpad","Treasure Hunter","Uncapped","Wandering Minibosses","Yakumo Yukari mod","noobMod","vexMod","??????REMEMod"],"gold_per_floor":[1110,639,653,666,437,464,476,476,501,531,531,541,575,575,575,671,671,687,687,705,720,73,73,108,108,108,128,160,80,4,15,15,116,116,130,148,148,148,4,4,22,57,106,145,145,171,183,183,183,183,183,183,183,216,216],"floor_reached":56,"playtime":1529,"items_purged":["DemoMod:Defend_Huntress","DemoMod:Defend_Huntress","DemoMod:Defend_Huntress"],"score":1433,"play_id":"03b6ff84-b77e-49a4-905d-e1c412dc23bc","local_time":"20210109181752","is_ascension_mode":true,"campfire_choices":[{"floor":8,"key":"RECALL"},{"data":"DemoMod:Polaris","floor":15,"key":"SMITH"},{"data":"DemoMod:Eureka","floor":23,"key":"SMITH"},{"data":"Hallownest:skillCityofTearsMap","floor":32,"key":"SMITH"},{"data":"DemoMod:DoubleVision","floor":40,"key":"SMITH"},{"data":"DemoMod:ShadowBullets","floor":49,"key":"SMITH"},{"data":"DemoMod:Elimentaler","floor":52,"key":"SMITH"}],"circlet_count":0,"master_deck":["DemoMod:Strike_Huntress","DemoMod:Strike_Huntress","DemoMod:Strike_Huntress","DemoMod:Defend_Huntress","DemoMod:Roll","DemoMod:ManualReload","DemoMod:RustySidearm","DemoMod:CrossBow","MostiFishMod:EE1D","MostiFishMod:EE1D","MostiFishMod:EE1D","MostiFishMod:JungleRules","DemoMod:ConditionalReflex","DemoMod:BattleInHaste","DemoMod:StickyCrossBow+1","DemoMod:ChanceBullets","TH:TreasureMap","DemoMod:Behold!+1","DemoMod:Polaris+1","TH:DeckOfManyThings","TH:CopperCoins","DemoMod:ShadowBullets","DemoMod:GunstockTap","TH:BikiniMail","DemoMod:GunstockTap","DemoMod:TeaPot","TH:CursedSword","DemoMod:DoubleVision+1","DemoMod:Unity","Flash of Steel","DemoMod:Eureka+1","TH:TreasureMap","DemoMod:SAA","TH:CursedSword","TH:BikiniMail","TH:TreasureMap","DemoMod:Polaris+1","Hallownest:skillCityofTearsMap+1","DemoMod:HungryBullets","TH:TreasureMap","DemoMod:SuppressiveFire","DemoMod:TableSutra+1","DemoMod:TableSutra+1","TH:TreasureMap","DemoMod:ChanceBullets+1","TH:TreasureMap","TH:TreasureMap","DemoMod:Polaris+1","TH:BikiniMail","DemoMod:Elimentaler+1","DemoMod:ShadowBullets+1","TH:TreasureMap"],"relics":["DemoMod:Dog","EVO:Axolotl","DaveBox","ice","REME_ComplimentaryCards","NeowsBlessing","EE1DDrone","SynthV:TestCard","RoseTintedShades","PreservedInsect","StoneCalendar","Eternal Feather","Hallownest:DreamNailRelic","jedi:cryingmask","StuffTheSpire:SapphireSignet","wanderingMiniBosses:OtherGremlinHorn","infinitespire:Beetle Shell","Pantograph","Ornamental Fan","AntiCross","conspire:SpecialSausage","DemoMod:Plus1Bullets","SynthV:C4","Dota2Spire:PhaseBoots","hubris:PeanutButter","trackpad:AdjectivePendant","Du-Vu Doll","trackpad:FieryHotPepper"],"acts_visited":["Hallownest:Greenpath","Hallownest:CityofTears","Hallownest:KingdomsEdge","TheEnding"],"potions_floor_usage":[7,7,7,12,12,41,41,55,55],"damage_taken":[{"damage":0,"enemies":"Hallownest:monsterHuskWarrior","floor":1,"turns":1},{"damage":0,"enemies":"Hallownest:2_Tiktiks_and_1_Crawlid","floor":3,"turns":2},{"damage":0,"enemies":"Hallownest:monsterHuskGuard","floor":4,"turns":1},{"damage":0,"enemies":"Hallownest:eliteCrystalGuardian","floor":6,"turns":1},{"damage":0,"enemies":"Hallownest:MossCreep_and_Mosskin","floor":7,"turns":2},{"damage":0,"enemies":"Hallownest:eliteVengeflyKing","floor":10,"turns":2},{"damage":3,"enemies":"Hallownest:1_Baldur_1_Crawlid_1_Warrior","floor":12,"turns":3},{"damage":0,"enemies":"Hallownest:eliteCrystalGuardian","floor":13,"turns":2},{"damage":0,"enemies":"Hallownest:monsterAspidMother","floor":14,"turns":2},{"damage":34,"enemies":"Hallownest:BossHornet","floor":16,"turns":3},{"damage":0,"enemies":"Hallownest:Guard_and_Sentry","floor":18,"turns":1},{"damage":0,"enemies":"Hallownest:Flukemon_and_Top","floor":20,"turns":1},{"damage":15,"enemies":"Hallownest:2_Husk_Sentries","floor":21,"turns":3},{"damage":10,"enemies":"Hallownest:eliteWatcherKnight","floor":24,"turns":6},{"damage":0,"enemies":"Hallownest:monsterMisterMushroom","floor":27,"turns":1},{"damage":3,"enemies":"Hallownest:Nosk","floor":28,"turns":4},{"damage":0,"enemies":"Hallownest:Warrior_and_Youth","floor":31,"turns":1},{"damage":0,"enemies":"Hallownest:BossSoulMaster","floor":33,"turns":4},{"damage":0,"enemies":"Hallownest:2_Littles","floor":35,"turns":3},{"damage":6,"enemies":"Hallownest:Shield_Heavy","floor":36,"turns":2},{"damage":23,"enemies":"Hallownest:Xero_Hu_Marmu","floor":41,"turns":5},{"damage":0,"enemies":"Hallownest:eliteHiveKnight","floor":42,"turns":2},{"damage":7,"enemies":"Hallownest:eliteCollector","floor":44,"turns":4},{"damage":0,"enemies":"Hallownest:StalkingDevout","floor":46,"turns":1},{"damage":0,"enemies":"Hallownest:2_Great","floor":47,"turns":1},{"damage":0,"enemies":"Hallownest:Radiance","floor":50,"turns":1},{"damage":0,"enemies":"Shield and Spear","floor":54,"turns":2},{"damage":108,"enemies":"The Heart","floor":55,"turns":6}],"seed_played":"8215051260122544259","potions_obtained":[{"floor":3,"key":"Adrenaline Potion"},{"floor":7,"key":"blueLaboratory:BubblePotion"},{"floor":10,"key":"AttackPotion"},{"floor":28,"key":"DuplicationPotion"},{"floor":31,"key":"AttackPotion"},{"floor":33,"key":"blueLaboratory:ArtificerPotion"},{"floor":41,"key":"blueLaboratory:Moonshine"},{"floor":44,"key":"FearPotion"}],"is_trial":false,"path_per_floor":["M","$","M","M","$","E","M","R","T","E","?","M","E","M","R","B",null,"M","?","M","M","$","R","E","T","T","M","E","?","$","M","R","B",null,"M","M","?","?","$","R","M","E","T","E","?","E","M","AVR","R","B",null,"R","$","E","B",null],"character_chosen":"HUNTRESS","items_purchased":["RoseTintedShades","PreservedInsect","DemoMod:StickyCrossBow+1","DemoMod:ChanceBullets","Flash of Steel","DemoMod:Eureka","DemoMod:HungryBullets","DemoMod:Plus1Bullets"],"campfire_rested":0,"item_purchase_floors":[2,2,5,5,22,22,30,39],"current_hp_per_floor":[70,70,70,70,70,70,70,70,70,70,70,67,67,67,70,36,70,70,70,70,57,57,70,60,60,60,60,57,57,57,57,70,70,70,70,64,64,64,64,65,44,44,44,37,22,22,22,22,52,65,65,65,65,65,20],"gold":216,"neow_bonus":"THREE_ENEMY_KILL","is_daily":false,"chose_seed":false,"campfire_upgraded":6,"win_rate":0.0,"timestamp":1610187472,"path_taken":["M","$","M","M","$","E","M","R","T","E","?","?","E","M","R","BOSS","M","?","M","M","$","R","E","?","T","M","E","?","?","?","R","BOSS","M","M","?","?","$","R","?","E","T","E","?","E","?","AVR","R","BOSS","R","$","E","BOSS"],"items_purchased_type":["Relic","Relic","Card","Card","Card","Card","Card","Relic"],"build_version":"2020-12-22","purchased_purges":3,"victory":true,"max_hp_per_floor":[70,70,70,70,70,70,70,70,70,70,70,70,70,70,70,70,70,70,70,70,70,70,70,70,70,70,70,70,70,70,70,70,70,70,70,70,65,65,65,65,65,65,65,65,65,65,65,65,65,65,65,65,65,65,81],"card_choices":[{"not_picked":["DemoMod:AC15","DemoMod:JK47","DemoMod:HardPowerCard"],"picked":"SKIP","floor":1},{"not_picked":["DemoMod:StickyCrossBow","DemoMod:GunShield","DemoMod:AC15","DemoMod:BoxingGlove"],"picked":"DemoMod:ConditionalReflex","floor":3},{"not_picked":["DemoMod:StickyCrossBow","DemoMod:CombinedRifle","DemoMod:MegaHand","DemoMod:HardPowerCard"],"picked":"DemoMod:BattleInHaste","floor":4},{"not_picked":["TH:EnergyPotion","TH:PixieDust","TH:ElvenBoots"],"picked":"TH:TreasureMap","floor":6},{"not_picked":["DemoMod:DirectionalPad","DemoMod:TripleGun","DemoMod:GunstockTap","DemoMod:DarkMarker"],"picked":"DemoMod:Behold!","floor":6},{"not_picked":["DemoMod:MachoBrace","DemoMod:FastSwitch","DemoMod:SniperShot","DemoMod:PracticeMakesPerfect"],"picked":"DemoMod:Polaris","floor":7},{"not_picked":["TH:TreasureMap","TH:CopperCoins","TH:BikiniMail"],"picked":"TH:DeckOfManyThings","floor":9},{"not_picked":["TH:ElvenBoots","TH:EnergyPotion","TH:CursedSword"],"picked":"TH:CopperCoins","floor":10},{"not_picked":["DemoMod:GunShield","DemoMod:HuntsMan","DemoMod:FastSwitch","DemoMod:FeignSurrender"],"picked":"DemoMod:ShadowBullets","floor":10},{"not_picked":["DemoMod:HuntsMan","DemoMod:AbyssalTentacle","DemoMod:Purify","DemoMod:TeaPot"],"picked":"DemoMod:GunstockTap","floor":12},{"not_picked":["TH:DeckOfManyThings","TH:EnergyPotion","TH:ElvenBoots"],"picked":"TH:BikiniMail","floor":13},{"not_picked":["DemoMod:DirectionalPad","DemoMod:ZorGun","DemoMod:BattleInHaste","DemoMod:Slinger"],"picked":"DemoMod:GunstockTap","floor":13},{"not_picked":["DemoMod:FortunesFavor","DemoMod:Ejector","DemoMod:HardPowerCard","DemoMod:BoxingGlove"],"picked":"DemoMod:TeaPot","floor":14},{"not_picked":["TH:Mimic","TH:BikiniMail","TH:PixieDust"],"picked":"TH:CursedSword","floor":16},{"not_picked":["DemoMod:DarkMarker","DemoMod:BlackHoleGun","DemoMod:BulletBore","DemoMod:Slinger"],"picked":"DemoMod:DoubleVision","floor":16},{"not_picked":["DemoMod:Unmoved","DemoMod:Camera+1","DemoMod:BoxingGlove","DemoMod:Ejector","DemoMod:SAA"],"picked":"SKIP","floor":18},{"not_picked":["DemoMod:EasyReloadBullets","DemoMod:Unmoved","DemoMod:FastSwitch","DemoMod:BoxingGlove","DemoMod:SkilledReload"],"picked":"SKIP","floor":20},{"not_picked":["DemoMod:GunShield","DemoMod:FortunesFavor","DemoMod:HighKaliber","DemoMod:MegaHand+1"],"picked":"DemoMod:Unity","floor":21},{"not_picked":["TH:DeckOfManyThings","TH:EnergyPotion","TH:PixieDust"],"picked":"TH:TreasureMap","floor":24},{"not_picked":["DemoMod:DirectionalPad","DemoMod:PotionOfGunFriendShip","DemoMod:CursedBullets","DemoMod:ConditionalReflex"],"picked":"DemoMod:SAA","floor":24},{"not_picked":["TH:PixieDust","TH:Mimic","TH:ElvenBoots"],"picked":"TH:CursedSword","floor":25},{"not_picked":["TH:TreasureMap","TH:EnergyPotion","TH:Mimic"],"picked":"TH:BikiniMail","floor":26},{"not_picked":["DemoMod:JK47","DemoMod:FortunesFavor","DemoMod:SniperShot+1","DemoMod:GunShield+1","DemoMod:BoxingGlove"],"picked":"SKIP","floor":27},{"not_picked":["TH:BikiniMail","TH:CursedSword","TH:PixieDust"],"picked":"TH:TreasureMap","floor":28},{"not_picked":["DemoMod:ProbeStrike","DemoMod:MachoBrace","DemoMod:DoubleSwitch+1","DemoMod:ChanceBullets+1"],"picked":"DemoMod:Polaris+1","floor":28},{"not_picked":["DemoMod:HardPowerCard","DemoMod:DirectionalPad+1","DemoMod:BattleInHaste","DemoMod:Unmoved+1","DemoMod:AC15+1"],"picked":"SKIP","floor":31},{"not_picked":["TH:BikiniMail","TH:PixieDust","TH:ElvenBoots"],"picked":"TH:TreasureMap","floor":33},{"not_picked":["DemoMod:FightSabre","DemoMod:ThirdPartyController","DemoMod:DoubleVision","DemoMod:GunslingerForm"],"picked":"DemoMod:SuppressiveFire","floor":33},{"not_picked":["DemoMod:LifeOrb","DemoMod:SpreadAmmo+1","DemoMod:CombinedRifle","DemoMod:TeaPot"],"picked":"DemoMod:TableSutra+1","floor":35},{"not_picked":["DemoMod:Rummage+1","DemoMod:Ejector","DemoMod:BoxingGlove","DemoMod:Unmoved+1"],"picked":"DemoMod:TableSutra+1","floor":36},{"not_picked":["DemoMod:DirectionalPad","DemoMod:GunShield+1","DemoMod:DoubleSwitch+1","DemoMod:Unmoved","DemoMod:HardPowerCard+1"],"picked":"SKIP","floor":41},{"not_picked":["TH:DeckOfManyThings","TH:ElvenBoots","TH:PixieDust"],"picked":"TH:TreasureMap","floor":42},{"not_picked":["DemoMod:DirectionalPad+1","DemoMod:Unmoved","DemoMod:SAA+1","DemoMod:BoxingGlove"],"picked":"DemoMod:ChanceBullets+1","floor":42},{"not_picked":["TH:CopperCoins","TH:ArmorSpikes","TH:PixieDust"],"picked":"TH:TreasureMap","floor":43},{"not_picked":["TH:EnergyPotion","TH:ElvenBoots","TH:Mimic"],"picked":"TH:TreasureMap","floor":44},{"not_picked":["DemoMod:SniperShot+1","DemoMod:MachoBrace+1","DemoMod:Unmoved","DemoMod:Slinger"],"picked":"DemoMod:Polaris+1","floor":44},{"not_picked":["TH:TreasureMap","TH:EnergyPotion","TH:CopperCoins"],"picked":"TH:BikiniMail","floor":46},{"not_picked":["DemoMod:DirectionalPad+1","DemoMod:FeignSurrender","DemoMod:StickyCrossBow","DemoMod:Unmoved"],"picked":"DemoMod:Elimentaler","floor":46},{"not_picked":["DemoMod:BoxingGlove+1","DemoMod:FastSwitch","DemoMod:DoubleSwitch","DemoMod:GunShield"],"picked":"DemoMod:ShadowBullets","floor":47},{"not_picked":["TH:DeckOfManyThings","TH:CopperCoins","TH:PixieDust"],"picked":"TH:TreasureMap","floor":54},{"not_picked":["DemoMod:Purify+1","DemoMod:HighKaliber","DemoMod:MachoBrace","DemoMod:ProbeStrike+1","DemoMod:DoubleSwitch+1"],"picked":"SKIP","floor":54}],"player_experience":270739,"relics_obtained":[{"floor":1,"key":"SynthV:TestCard"},{"floor":6,"key":"StoneCalendar"},{"floor":10,"key":"Eternal Feather"},{"floor":13,"key":"jedi:cryingmask"},{"floor":20,"key":"StuffTheSpire:SapphireSignet"},{"floor":21,"key":"wanderingMiniBosses:OtherGremlinHorn"},{"floor":24,"key":"infinitespire:Beetle Shell"},{"floor":25,"key":"Pantograph"},{"floor":26,"key":"Ornamental Fan"},{"floor":28,"key":"AntiCross"},{"floor":42,"key":"SynthV:C4"},{"floor":43,"key":"Dota2Spire:PhaseBoots"},{"floor":44,"key":"hubris:PeanutButter"},{"floor":46,"key":"Du-Vu Doll"},{"floor":54,"key":"trackpad:FieryHotPepper"}],"event_choices":[],"is_beta":false,"boss_relics":[{"not_picked":["halation:ForbiddenBikini","Velvet Choker","trackpad:Trackpad"]},{"not_picked":["aspiration:IroncladSkillbook","RhineSuit"],"picked":"conspire:SpecialSausage"}],"items_purged_floors":[2,5,22],"is_endless":false,"potions_floor_spawned":[1,3,7,10,28,31,33,35,41,44,46,54],"ascension_level":1}}