{"host":"bxn2em57qlx5u4i0","time":1610156492,"event":{"mods":["BaseMod","Colored Map","Colored Powertips","Highlight Path","Minty Spire (QoL Compilation)","Random Character Button","Relic Sorter","Relic Stats","StSLib","SuperFastMode"],"gold_per_floor":[110,126,126,126,126,151,179,205,278,306,336,336,336,362,362,439,439,451,451,44,75,100,130,164,164,213,213,48,80,114,151,151,232,232,251,93,147,160,0,35,63,99,153,187,220,231,261,31,31,31,31,31,31,31,58,58],"floor_reached":57,"playtime":2076,"items_purged":["Doom and Gloom"],"score":4164,"play_id":"a55e1302-b818-4449-93e2-45537c59e291","local_time":"20210108204132","daily_mods":["SealedDeck","Heirloom","Flight","DeadlyEvents"],"is_ascension_mode":true,"campfire_choices":[{"data":"Redo","floor":12.0,"key":"SMITH"},{"data":"Defragment","floor":13.0,"key":"SMITH"},{"data":"Loop","floor":15.0,"key":"SMITH"},{"data":"Conserve Battery","floor":27.0,"key":"SMITH"},{"data":"Leap","floor":32,"key":"SMITH"},{"floor":49,"key":"RECALL"},{"floor":53,"key":"REST"}],"circlet_count":0,"master_deck":["AscendersBane","Redo+1","Leap+1","Ball Lightning","Compile Driver","Conserve Battery+1","Conserve Battery+1","Loop+1","Darkness+1","Chill","Defragment+1","Coolheaded+1","Undo+1","Amplify+1","Coolheaded+1","Recycle+1","Biased Cognition+1","Multi-Cast+1","Defragment+1","Capacitor+1","Loop+1"],"relics":["Cracked Core","CaptainsWheel","Ice Cream","Tiny Chest","TungstenRod","Toxic Egg 2","Cables","Boot","Singing Bowl","SlaversCollar","Frozen Egg 2","Akabeko","Vajra","Gremlin Horn","CeramicFish","Anchor","ClockworkSouvenir","DataDisk","Bag of Marbles","Regal Pillow","Fusion Hammer","Red Mask","Art of War","StrikeDummy","Bag of Preparation","Happy Flower","Omamori","Eternal Feather","Turnip","DollysMirror"],"acts_visited":["Exordium","TheCity","TheBeyond","TheEnding"],"potions_floor_usage":[56,56],"damage_taken":[{"damage":0.0,"enemies":"Cultist","floor":1.0,"turns":2.0},{"damage":10.0,"enemies":"2 Louse","floor":2.0,"turns":2.0},{"damage":23.0,"enemies":"Gremlin Nob","floor":6.0,"turns":4.0},{"damage":5.0,"enemies":"Lagavulin","floor":7.0,"turns":5.0},{"damage":0.0,"enemies":"3 Sentries","floor":8.0,"turns":6.0},{"damage":7.0,"enemies":"Gremlin Nob","floor":10.0,"turns":3.0},{"damage":0.0,"enemies":"Lagavulin","floor":11.0,"turns":5.0},{"damage":9.0,"enemies":"3 Sentries","floor":14.0,"turns":5.0},{"damage":0.0,"enemies":"Hexaghost","floor":16.0,"turns":7.0},{"damage":0.0,"enemies":"Shell Parasite","floor":18.0,"turns":4.0},{"damage":26.0,"enemies":"Slavers","floor":21.0,"turns":4.0},{"damage":23.0,"enemies":"Gremlin Leader","floor":23.0,"turns":3.0},{"damage":0.0,"enemies":"Book of Stabbing","floor":24.0,"turns":4.0},{"damage":0,"enemies":"Slavers","floor":29,"turns":5},{"damage":0,"enemies":"Gremlin Leader","floor":30,"turns":4},{"damage":5,"enemies":"Slavers","floor":31,"turns":3},{"damage":0,"enemies":"Champ","floor":33,"turns":8},{"damage":0,"enemies":"3 Shapes","floor":35,"turns":3},{"damage":0,"enemies":"3 Darklings","floor":38,"turns":4},{"damage":0,"enemies":"Nemesis","floor":40,"turns":5},{"damage":0,"enemies":"Reptomancer","floor":41,"turns":4},{"damage":16,"enemies":"Nemesis","floor":42,"turns":11},{"damage":0,"enemies":"Reptomancer","floor":44,"turns":3},{"damage":20,"enemies":"Nemesis","floor":45,"turns":5},{"damage":0,"enemies":"Transient","floor":46,"turns":6},{"damage":0,"enemies":"Reptomancer","floor":47,"turns":3},{"damage":8,"enemies":"Time Eater","floor":50,"turns":6},{"damage":0,"enemies":"Donu and Deca","floor":51,"turns":4},{"damage":0,"enemies":"Shield and Spear","floor":55,"turns":6},{"damage":2,"enemies":"The Heart","floor":56,"turns":9}],"seed_played":"8009752989727122442","potions_obtained":[{"floor":6.0,"key":"Ancient Potion"},{"floor":8.0,"key":"Dexterity Potion"},{"floor":10.0,"key":"PowerPotion"},{"floor":11.0,"key":"Regen Potion"},{"floor":18.0,"key":"Regen Potion"},{"floor":29,"key":"Fire Potion"}],"is_trial":true,"path_per_floor":["M","M","?","?","?","E","E","E","T","E","E","R","R","E","R","B",null,"M","?","$","E","T","E","E","?","T","R","$","E","E","E","R","B",null,"M","$","T","M","?","E","E","E","T","E","E","M","E","$","R","B","B",null,"R","$","E","B",null],"character_chosen":"DEFECT","items_purchased":["Frozen Egg 2","Coolheaded+1","Recycle+1","ClockworkSouvenir","Defragment+1","PotionOfCapacity","DollysMirror"],"campfire_rested":1,"item_purchase_floors":[20,20,20,28,36,36,48],"current_hp_per_floor":[64,54,33,33,56,33,28,28,28,21,21,21,21,28,28,28,62,64,64,64,52,52,31,33,81,81,81,81,83,85,80,80,80,84,86,86,86,88,88,90,92,76,76,78,60,62,64,64,76,68,68,93,101,101,103,101],"gold":58,"neow_bonus":"","is_daily":false,"chose_seed":false,"campfire_upgraded":5,"win_rate":0.0,"timestamp":1610156492,"path_taken":["M","?","?","?","?","E","E","E","T","E","E","R","R","?","R","BOSS","M","?","$","?","?","E","E","?","T","R","$","E","?","E","R","BOSS","M","?","?","M","?","E","E","E","T","E","E","?","E","$","R","BOSS","BOSS","R","$","E","BOSS"],"items_purchased_type":["Relic","Card","Card","Relic","Card","Potion","Relic"],"build_version":"2020-12-22","purchased_purges":1,"victory":true,"max_hp_per_floor":[71,71,71,71,71,71,71,71,71,71,71,71,71,73,73,73,73,75,75,75,77,77,79,81,81,81,81,81,83,85,85,85,85,85,87,87,87,89,89,91,93,93,93,95,97,99,101,101,101,101,101,101,101,101,103,103],"relic_stats":{"Regal Pillow":0,"Singing Bowl":32,"Gremlin Horn":[24,24],"Happy Flower":[14],"counters":[30,143],"CeramicFish":45,"Eternal Feather":20,"Bag of Preparation":[16],"Boot":[12],"Cables":[106,27,56,23,0],"Tiny Chest":2,"Turnip":[4],"Art of War":[21],"obtain_stats":[{"Ice Cream":6,"Regal Pillow":31,"Singing Bowl":14,"Gremlin Horn":23,"CeramicFish":24,"Vajra":22,"Bag of Preparation":42,"Boot":11,"ClockworkSouvenir":28,"DollysMirror":48,"Tiny Chest":7,"Fusion Hammer":34,"Red Mask":39,"Toxic Egg 2":9,"Cracked Core":0,"Happy Flower":43,"Eternal Feather":45,"Omamori":44,"Frozen Egg 2":20,"Akabeko":21,"Cables":10,"SlaversCollar":17,"CaptainsWheel":0,"Anchor":26,"DataDisk":29,"Turnip":47,"Bag of Marbles":30,"Art of War":40,"StrikeDummy":41,"TungstenRod":8},{"Ice Cream":3,"Regal Pillow":16,"Singing Bowl":8,"Gremlin Horn":12,"CeramicFish":13,"Vajra":11,"Bag of Preparation":22,"Boot":7,"ClockworkSouvenir":13,"DollysMirror":26,"Tiny Chest":4,"Fusion Hammer":17,"Red Mask":19,"Toxic Egg 2":5,"Cracked Core":0,"Happy Flower":22,"Eternal Feather":24,"Omamori":23,"Frozen Egg 2":10,"Akabeko":11,"Cables":6,"SlaversCollar":9,"CaptainsWheel":0,"Anchor":13,"DataDisk":14,"Turnip":26,"Bag of Marbles":15,"Art of War":20,"StrikeDummy":21,"TungstenRod":5},{"Ice Cream":8,"Regal Pillow":66,"Singing Bowl":32,"Gremlin Horn":50,"CeramicFish":54,"Vajra":47,"Bag of Preparation":101,"Boot":27,"ClockworkSouvenir":54,"DollysMirror":118,"Tiny Chest":13,"Fusion Hammer":74,"Red Mask":81,"Toxic Egg 2":19,"Cracked Core":0,"Happy Flower":101,"Eternal Feather":109,"Omamori":104,"Frozen Egg 2":43,"Akabeko":47,"Cables":22,"SlaversCollar":39,"CaptainsWheel":0,"Anchor":54,"DataDisk":59,"Turnip":118,"Bag of Marbles":63,"Art of War":86,"StrikeDummy":90,"TungstenRod":19}],"TungstenRod":14},"card_choices":[{"not_picked":["Static Discharge","Heatsinks","Steam"],"picked":"SKIP","floor":1.0},{"not_picked":["Aggregate","Gash","FTL"],"picked":"SKIP","floor":2.0},{"not_picked":["Hologram","Hello World"],"picked":"Chill","floor":6.0},{"not_picked":["Conserve Battery","Scrape"],"picked":"Defragment","floor":7.0},{"not_picked":["Creative AI","Skim"],"picked":"Chaos","floor":8.0},{"not_picked":["Go for the Eyes","Core Surge"],"picked":"Coolheaded+1","floor":10.0},{"not_picked":["Electrodynamics","Turbo+1"],"picked":"Undo+1","floor":11.0},{"not_picked":["Conserve Battery+1","Reinforced Body+1","Rebound"],"picked":"Singing Bowl","floor":14.0},{"not_picked":["Buffer","Thunder Strike"],"picked":"Amplify+1","floor":16.0},{"not_picked":["Steam+1","Turbo+1","Go for the Eyes"],"picked":"Singing Bowl","floor":18.0},{"not_picked":["Tempest+1","Compile Driver","Darkness+1"],"picked":"Singing Bowl","floor":21.0},{"not_picked":["Steam+1","Meteor Strike","Turbo+1"],"picked":"Singing Bowl","floor":23.0},{"not_picked":["Glacier+1","Reprogram+1","Gash+1"],"picked":"Singing Bowl","floor":24.0},{"not_picked":["Turbo+1","Stack+1","Machine Learning+1"],"picked":"Singing Bowl","floor":29},{"not_picked":["Leap+1","Storm+1","Auto Shields+1"],"picked":"Singing Bowl","floor":30},{"not_picked":["Barrage","Streamline"],"picked":"Biased Cognition+1","floor":31},{"not_picked":["All For One","Reboot+1"],"picked":"Multi-Cast+1","floor":33},{"not_picked":["Turbo+1","Doom and Gloom","Streamline"],"picked":"Singing Bowl","floor":35},{"not_picked":["Heatsinks+1","Undo+1","Rebound"],"picked":"Singing Bowl","floor":38},{"not_picked":["Streamline","Gash","Glacier+1"],"picked":"Singing Bowl","floor":40},{"not_picked":["Heatsinks+1","White Noise+1","Beam Cell"],"picked":"Singing Bowl","floor":41},{"not_picked":["All For One","FTL"],"picked":"Capacitor+1","floor":42},{"not_picked":["Steam+1","Coolheaded+1","Stack+1"],"picked":"Singing Bowl","floor":44},{"not_picked":["Reinforced Body+1","Reprogram+1","Blizzard"],"picked":"Singing Bowl","floor":45},{"not_picked":["Reinforced Body+1","Glacier+1","Turbo+1"],"picked":"Singing Bowl","floor":46},{"not_picked":["Doom and Gloom","Reprogram+1","Sunder"],"picked":"Singing Bowl","floor":47},{"not_picked":["Sweeping Beam+1","Streamline","Turbo+1"],"picked":"Singing Bowl","floor":55}],"player_experience":2895418,"relics_obtained":[{"floor":6.0,"key":"Ice Cream"},{"floor":7.0,"key":"Tiny Chest"},{"floor":8.0,"key":"TungstenRod"},{"floor":9.0,"key":"Toxic Egg 2"},{"floor":10.0,"key":"Cables"},{"floor":11.0,"key":"Boot"},{"floor":14.0,"key":"Singing Bowl"},{"floor":21.0,"key":"Akabeko"},{"floor":22.0,"key":"Vajra"},{"floor":23.0,"key":"Gremlin Horn"},{"floor":24.0,"key":"CeramicFish"},{"floor":26.0,"key":"Anchor"},{"floor":29,"key":"DataDisk"},{"floor":30,"key":"Bag of Marbles"},{"floor":31,"key":"Regal Pillow"},{"floor":40,"key":"Art of War"},{"floor":41,"key":"StrikeDummy"},{"floor":42,"key":"Bag of Preparation"},{"floor":43,"key":"Happy Flower"},{"floor":44,"key":"Omamori"},{"floor":45,"key":"Eternal Feather"},{"floor":47,"key":"Turnip"}],"event_choices":[{"damage_healed":0.0,"max_hp_gain":0.0,"max_hp_loss":0.0,"gold_gain":0.0,"event_name":"Shining Light","player_choice":"Entered Light","floor":3.0,"gold_loss":0.0,"damage_taken":21.0,"cards_upgraded":["Darkness","Conserve Battery"]},{"damage_healed":0.0,"max_hp_gain":0.0,"max_hp_loss":0.0,"gold_gain":0.0,"event_name":"Liars Game","player_choice":"Ignored","floor":4.0,"gold_loss":0.0,"damage_taken":0.0},{"damage_healed":23.0,"max_hp_gain":0.0,"max_hp_loss":0.0,"gold_gain":0.0,"event_name":"Big Fish","player_choice":"Banana","floor":5.0,"gold_loss":0.0,"damage_taken":0.0},{"cards_removed":["Steam"],"damage_healed":0.0,"max_hp_gain":0.0,"max_hp_loss":0.0,"gold_gain":0.0,"event_name":"Purifier","player_choice":"Purged","floor":19.0,"gold_loss":0.0,"damage_taken":0.0},{"cards_removed":["Chaos"],"damage_healed":48.0,"max_hp_gain":0.0,"max_hp_loss":0.0,"gold_gain":0.0,"event_name":"Bonfire Elementals","player_choice":"Offered Uncommon","floor":25.0,"gold_loss":0.0,"damage_taken":0.0},{"damage_healed":0,"gold_gain":0,"player_choice":"Paid","damage_taken":0,"relics_obtained":["Red Mask"],"max_hp_gain":0,"max_hp_loss":0,"event_name":"Tomb of Lord Red Mask","floor":39,"gold_loss":160}],"is_beta":false,"boss_relics":[{"not_picked":["Philosopher\u0027s Stone","SacredBark"],"picked":"SlaversCollar"},{"not_picked":["Snecko Eye","Nuclear Battery"],"picked":"Fusion Hammer"}],"items_purged_floors":[48],"is_endless":false,"potions_floor_spawned":[6,8,10,11,18,29,31,33,38,45,46,47],"ascension_level":20}}