{"host":"yecadp3kwkksam5a","time":1610187126,"event":{"mods":["BaseMod","Minty Spire (QoL Compilation)","StSLib"],"gold_per_floor":[110,110,35,110,127,127,127],"floor_reached":6,"playtime":270,"items_purged":[],"score":68,"play_id":"75babe0d-9d29-412a-b302-f1147b3c4dd2","local_time":"20210109191206","daily_mods":["Draft"],"is_ascension_mode":true,"campfire_choices":[],"circlet_count":0,"master_deck":["AscendersBane","Poisoned Stab","Dagger Spray","Tactician","Eviscerate","Flying Knee","Choke","PiercingWail","Prepared","Crippling Poison","Backflip","Prepared","Acrobatics","Bane","Well Laid Plans","Acrobatics"],"relics":["Ring of the Snake"],"acts_visited":["Exordium"],"potions_floor_usage":[],"damage_taken":[{"damage":6,"enemies":"2 Louse","floor":1,"turns":3},{"damage":13,"enemies":"Small Slimes","floor":5,"turns":3},{"damage":14,"enemies":"Gremlin Nob","floor":6,"turns":3}],"seed_played":"9167955899636151746","potions_obtained":[{"floor":5,"key":"Energy Potion"}],"is_trial":true,"path_per_floor":["M","?","?","?","M","E"],"character_chosen":"THE_SILENT","items_purchased":[],"campfire_rested":0,"item_purchase_floors":[],"current_hp_per_floor":[53,58,58,47,34,20,20],"gold":127,"neow_bonus":"","is_daily":false,"chose_seed":false,"campfire_upgraded":0,"win_rate":0.0,"timestamp":1610187126,"path_taken":["M","?","?","?","M","E"],"items_purchased_type":[],"build_version":"2020-12-22","purchased_purges":0,"victory":false,"max_hp_per_floor":[66,71,71,71,71,71,71],"card_choices":[{"not_picked":["Finisher","Underhanded Strike"],"picked":"Poisoned Stab","floor":0},{"not_picked":["Outmaneuver","Dagger Throw"],"picked":"Dagger Spray","floor":0},{"not_picked":["Deadly Poison","Prepared"],"picked":"Tactician","floor":0},{"not_picked":["Skewer","Slice"],"picked":"Eviscerate","floor":0},{"not_picked":["Outmaneuver","Dodge and Roll"],"picked":"Riddle With Holes","floor":0},{"not_picked":["Sucker Punch","Slice"],"picked":"Flying Knee","floor":0},{"not_picked":["Slice","Heel Hook"],"picked":"Choke","floor":0},{"not_picked":["Blade Dance","Catalyst"],"picked":"PiercingWail","floor":0},{"not_picked":["Footwork","Backflip"],"picked":"Prepared","floor":0},{"not_picked":["Skewer","Flechettes"],"picked":"Crippling Poison","floor":0},{"not_picked":["Cloak And Dagger","Outmaneuver"],"picked":"Backflip","floor":0},{"not_picked":["Flechettes","Dagger Throw"],"picked":"Prepared","floor":0},{"not_picked":["Deflect","Deadly Poison"],"picked":"Acrobatics","floor":0},{"not_picked":["Prepared","Choke"],"picked":"Bane","floor":0},{"not_picked":["Dagger Spray","Poisoned Stab"],"picked":"Well Laid Plans","floor":0},{"not_picked":["Distraction","Cloak And Dagger","Flying Knee"],"picked":"SKIP","floor":1},{"not_picked":["Deflect","Prepared"],"picked":"Acrobatics","floor":5}],"player_experience":455018,"relics_obtained":[],"event_choices":[{"damage_healed":0,"gold_gain":0,"player_choice":"Donut","damage_taken":0,"max_hp_gain":5,"max_hp_loss":0,"event_name":"Big Fish","floor":2,"gold_loss":0},{"cards_removed":["Riddle With Holes"],"damage_healed":0,"gold_gain":0,"player_choice":"Card Removal","damage_taken":0,"max_hp_gain":0,"max_hp_loss":0,"event_name":"The Cleric","floor":3,"gold_loss":75},{"damage_healed":0,"gold_gain":75,"player_choice":"Gather Gold","damage_taken":11,"max_hp_gain":0,"max_hp_loss":0,"event_name":"World of Goop","floor":4,"gold_loss":0}],"is_beta":false,"boss_relics":[],"items_purged_floors":[],"is_endless":false,"potions_floor_spawned":[5],"killed_by":"Gremlin Nob","ascension_level":20}}