{"host":"oy4pyvr762z5n0bb","time":1610167367,"event":{"mods":["AchievementEnabler","BaseMod","Colored Map","Colored Powertips","Googly Eyes","Key Reminder","Minty Spire (QoL Compilation)","Quick Restart","Relic Sorter","Slay the Relics Exporter","StSLib","SuperFastMode","Unceasing Turn Reminder","slay the spire mod where everything is the same but ironclad has a cowboy hat"],"gold_per_floor":[114,133,58,58,58,58,58,74,101,118,118,129,140,171,171,272,272,282,282,282,381,397,423,31,31,31,31,48,48,71,71,71,71,71],"floor_reached":33,"playtime":524,"items_purged":["Clumsy","Strike_R"],"score":368,"play_id":"c0f8f95a-0f96-4d4e-853d-8fe041b687a8","local_time":"20210108204247","is_ascension_mode":true,"campfire_choices":[{"data":"Immolate","floor":6,"key":"SMITH"},{"data":"Whirlwind","floor":11,"key":"SMITH"},{"data":"Dark Embrace","floor":15,"key":"SMITH"},{"floor":25,"key":"REST"},{"floor":27,"key":"REST"},{"floor":32,"key":"REST"}],"circlet_count":0,"master_deck":["Strike_R","Strike_R","Strike_R","Defend_R","Defend_R","Defend_R","Defend_R","Bash","Immolate+1","Pommel Strike","Thunderclap","Cleave","Whirlwind+1","Warcry","Spot Weakness","Reaper","Fire Breathing+1","Armaments+1","Havoc+1","J.A.X.+1"],"relics":["Burning Blood","Bronze Scales","Blood Vial","Question Card","Runic Pyramid","Molten Egg 2","Nunchaku","Medical Kit","Bag of Preparation","Toxic Egg 2","Anchor"],"acts_visited":["Exordium","TheCity"],"potions_floor_usage":[23,33,33,33,33],"damage_taken":[{"damage":0,"enemies":"2 Louse","floor":1,"turns":1},{"damage":6,"enemies":"Cultist","floor":2,"turns":4},{"damage":7,"enemies":"Jaw Worm","floor":8,"turns":2},{"damage":6,"enemies":"3 Louse","floor":10,"turns":3},{"damage":0,"enemies":"2 Fungi Beasts","floor":12,"turns":1},{"damage":0,"enemies":"Large Slime","floor":13,"turns":3},{"damage":10,"enemies":"3 Sentries","floor":14,"turns":2},{"damage":27,"enemies":"Slime Boss","floor":16,"turns":6},{"damage":2,"enemies":"Chosen","floor":18,"turns":4},{"damage":34,"enemies":"2 Thieves","floor":22,"turns":4},{"damage":48,"enemies":"Slavers","floor":23,"turns":3},{"damage":69,"enemies":"Shelled Parasite and Fungi","floor":28,"turns":7},{"damage":67,"enemies":"Champ","floor":33,"turns":10}],"seed_played":"164268420626215871","potions_obtained":[{"floor":1,"key":"PowerPotion"},{"floor":2,"key":"EssenceOfSteel"},{"floor":13,"key":"EntropicBrew"},{"floor":23,"key":"Swift Potion"}],"is_trial":false,"path_per_floor":["M","M","$","?","$","R","?","M","T","M","R","M","M","E","R","B",null,"M","?","T","?","M","E","$","R","T","R","M","?","T","?","R","B"],"character_chosen":"IRONCLAD","items_purchased":["Medical Kit","Bag of Preparation"],"campfire_rested":3,"item_purchase_floors":[24,24],"current_hp_per_floor":[78,78,78,45,45,45,45,44,44,46,46,54,62,60,60,41,70,76,61,61,61,43,24,24,49,49,74,26,26,26,26,51,0,0],"gold":71,"neow_bonus":"THREE_RARE_CARDS","is_daily":false,"chose_seed":false,"campfire_upgraded":3,"win_rate":0.0,"timestamp":1610167367,"path_taken":["M","M","$","?","$","R","?","M","T","M","R","M","M","E","R","BOSS","M","?","?","?","M","E","$","R","T","R","M","?","?","?","R","BOSS"],"items_purchased_type":["Relic","Relic"],"build_version":"2020-12-22","purchased_purges":2,"victory":false,"max_hp_per_floor":[80,80,80,80,80,80,80,80,80,80,80,80,80,80,80,80,80,80,85,85,85,85,85,85,85,85,85,85,85,85,85,85,85,85],"card_choices":[{"not_picked":["Juggernaut","Bludgeon"],"picked":"Immolate","floor":0},{"not_picked":["Bloodletting","Entrench"],"picked":"Pommel Strike","floor":1},{"not_picked":["Heavy Blade","Clash"],"picked":"Thunderclap","floor":2},{"not_picked":["Warcry","Headbutt"],"picked":"Cleave","floor":8},{"not_picked":["Searing Blow","Metallicize"],"picked":"Whirlwind","floor":10},{"not_picked":["Body Slam","Sword Boomerang"],"picked":"Warcry","floor":12},{"not_picked":["Anger","Juggernaut","Thunderclap"],"picked":"SKIP","floor":13},{"not_picked":["Clothesline","Anger"],"picked":"Spot Weakness","floor":14},{"not_picked":["Brutality","Offering","Feed"],"picked":"Reaper","floor":16},{"not_picked":["Heavy Blade","Shockwave","Clothesline+1"],"picked":"Fire Breathing+1","floor":18},{"not_picked":["Warcry","Rupture+1","Cleave+1","Flex"],"picked":"SKIP","floor":22},{"not_picked":["Spot Weakness+1","Warcry","Combust"],"picked":"Armaments+1","floor":23},{"not_picked":["Warcry+1","Pummel+1","Pommel Strike+1"],"picked":"Havoc+1","floor":28}],"player_experience":724366,"relics_obtained":[{"floor":9,"key":"Blood Vial"},{"floor":14,"key":"Question Card"},{"floor":20,"key":"Molten Egg 2"},{"floor":23,"key":"Nunchaku"},{"floor":26,"key":"Toxic Egg 2"},{"floor":30,"key":"Anchor"}],"event_choices":[{"damage_healed":0,"gold_gain":0,"player_choice":"Success","damage_taken":33,"relics_obtained":["Bronze Scales"],"max_hp_gain":0,"max_hp_loss":0,"event_name":"Scrap Ooze","floor":4,"gold_loss":0},{"damage_healed":0,"gold_gain":0,"cards_transformed":["Strike_R"],"player_choice":"Transformed","damage_taken":0,"max_hp_gain":0,"max_hp_loss":0,"event_name":"Transmorgrifier","floor":7,"gold_loss":0,"cards_obtained":["Dark Embrace"]},{"damage_healed":0,"gold_gain":0,"player_choice":"Shed Blood","damage_taken":20,"max_hp_gain":5,"max_hp_loss":0,"event_name":"Forgotten Altar","floor":19,"gold_loss":0},{"damage_healed":0,"gold_gain":99,"player_choice":"Stole From Cult","damage_taken":0,"max_hp_gain":0,"max_hp_loss":0,"event_name":"Nest","floor":21,"gold_loss":0},{"cards_removed":["Dark Embrace"],"damage_healed":0,"gold_gain":0,"player_choice":"Elegance","damage_taken":0,"max_hp_gain":0,"max_hp_loss":0,"event_name":"Back to Basics","floor":29,"gold_loss":0},{"damage_healed":0,"gold_gain":0,"player_choice":"Obtain J.A.X.","damage_taken":0,"max_hp_gain":0,"max_hp_loss":0,"event_name":"Drug Dealer","floor":31,"gold_loss":0,"cards_obtained":["J.A.X."]}],"is_beta":false,"boss_relics":[{"not_picked":["Black Star","Astrolabe"],"picked":"Runic Pyramid"}],"items_purged_floors":[3,24],"is_endless":false,"potions_floor_spawned":[1,2,13,14,22,23],"killed_by":"Champ","ascension_level":8}}