{"host":"52jmisti11ysmja4","time":1610225455,"event":{"mods":["Aspiration","BaseMod","Better Third Choice","Minty Spire (QoL Compilation)","Remove Card Discount Mod","StSLib"],"gold_per_floor":[115,190,190,190,190,222,222,251,332,215,215,225,93,112,112,186,186,196,196,212,231,231,231],"floor_reached":22,"playtime":1864,"items_purged":["Defend_G","Defend_G","Defend_G","Defend_G","Survivor","Strike_G","Strike_G","Strike_G","Strike_G","Strike_G"],"score":436,"play_id":"b891a80e-ccae-4f99-b51b-fe0f4894d34a","local_time":"20210109125055","is_ascension_mode":true,"campfire_choices":[{"data":"Dodge and Roll","floor":7,"key":"SMITH"},{"data":"Cloak And Dagger","floor":11,"key":"SMITH"},{"data":"Accuracy","floor":15,"key":"SMITH"}],"circlet_count":0,"master_deck":["AscendersBane","Neutralize","Dodge and Roll+1","Dodge and Roll","Cloak And Dagger+1","Flying Knee","Endless Agony","Poisoned Stab","Accuracy+1","Blade Dance","Prepared","Corpse Explosion","Poisoned Stab","Deflect+1","Masterful Stab"],"relics":["Ring of the Snake","NeowsBlessing","Eternal Feather","Omamori","aspiration:SeaSaltIceCream","aspiration:Nostalgia","Cracked Core","SlaversCollar"],"acts_visited":["Exordium","TheCity"],"potions_floor_usage":[14],"damage_taken":[{"damage":0,"enemies":"2 Louse","floor":1,"turns":1},{"damage":0,"enemies":"Lagavulin","floor":6,"turns":1},{"damage":0,"enemies":"3 Sentries","floor":8,"turns":1},{"damage":0,"enemies":"Jaw Worm","floor":12,"turns":2},{"damage":0,"enemies":"Small Slimes","floor":14,"turns":1},{"damage":26,"enemies":"Hexaghost","floor":16,"turns":8},{"damage":1,"enemies":"Spheric Guardian","floor":18,"turns":3},{"damage":13,"enemies":"2 Thieves","floor":20,"turns":2},{"damage":24,"enemies":"Snake Plant","floor":21,"turns":6},{"damage":0,"enemies":"Centurion and Healer","floor":22,"turns":2}],"seed_played":"-1232402999710128612","potions_obtained":[{"floor":8,"key":"SmokeBomb"},{"floor":12,"key":"Fire Potion"},{"floor":16,"key":"SmokeBomb"}],"is_trial":false,"path_per_floor":["M","?","?","?","?","E","R","E","T","$","R","M","$","M","R","B",null,"M","$","M","M","M"],"character_chosen":"THE_SILENT","items_purchased":["Flying Knee","Endless Agony","Accuracy","Blade Dance"],"campfire_rested":0,"item_purchase_floors":[10,10,13,13],"current_hp_per_floor":[59,48,41,46,42,42,48,48,48,48,51,51,51,51,57,31,61,60,60,47,23,23,23],"gold":231,"neow_bonus":"THREE_ENEMY_KILL","is_daily":false,"chose_seed":false,"campfire_upgraded":3,"win_rate":0.0,"timestamp":1610225455,"path_taken":["M","?","?","?","?","E","R","E","T","$","R","?","$","M","R","BOSS","M","$","M","M","M"],"items_purchased_type":["Card","Card","Card","Card"],"build_version":"2020-12-22","purchased_purges":10,"victory":false,"max_hp_per_floor":[66,66,66,71,71,71,71,71,71,71,71,71,71,71,71,71,71,71,71,71,71,71,71],"card_choices":[{"not_picked":["Bouncing Flask","Choke"],"picked":"Dodge and Roll","floor":1},{"not_picked":["All Out Attack","Prepared"],"picked":"Dodge and Roll","floor":6},{"not_picked":["Underhanded Strike","Riddle With Holes"],"picked":"Cloak And Dagger","floor":8},{"not_picked":["Unload","PiercingWail"],"picked":"Poisoned Stab","floor":12},{"not_picked":["Dagger Throw","Sucker Punch"],"picked":"Prepared","floor":14},{"not_picked":["Unload","Night Terror"],"picked":"Corpse Explosion","floor":16},{"not_picked":["Acrobatics","Dagger Throw"],"picked":"Poisoned Stab","floor":18},{"not_picked":["Deadly Poison","Setup"],"picked":"Deflect+1","floor":20},{"not_picked":["Acrobatics","aspiration:Lunge"],"picked":"Masterful Stab","floor":21}],"player_experience":469540,"relics_obtained":[{"floor":6,"key":"Eternal Feather"},{"floor":8,"key":"Omamori"},{"floor":9,"key":"aspiration:SeaSaltIceCream"}],"event_choices":[{"damage_healed":0,"gold_gain":75,"player_choice":"Gold","damage_taken":11,"max_hp_gain":0,"max_hp_loss":0,"event_name":"betterThird:BetterGoop","floor":2,"gold_loss":0},{"cards_removed":["Defend_G"],"damage_healed":0,"gold_gain":0,"player_choice":"Card Removal","damage_taken":7,"max_hp_gain":0,"max_hp_loss":0,"event_name":"Golden Wing","floor":3,"gold_loss":0},{"damage_healed":0,"gold_gain":0,"player_choice":"Donut","damage_taken":0,"max_hp_gain":5,"max_hp_loss":0,"event_name":"Big Fish","floor":4,"gold_loss":0},{"damage_healed":0,"gold_gain":0,"player_choice":"Bought 0 Potions","damage_taken":0,"max_hp_gain":0,"max_hp_loss":0,"event_name":"The Woman in Blue","floor":5,"gold_loss":0}],"is_beta":false,"boss_relics":[{"not_picked":["SacredBark","Snecko Eye"],"picked":"SlaversCollar"}],"items_purged_floors":[10,10,10,10,10,10,10,10,10,10],"is_endless":false,"potions_floor_spawned":[8,12,16],"killed_by":"Centurion and Healer","ascension_level":16}}