{"host":"61xbmbtf5zrn7rzc","time":1610224189,"event":{"mods":["BaseMod","Challenge The Spire","Downfall","Hubris","Minty Spire (QoL Compilation)","Replay The Spire","StSLib","SuperFastMode","The Marked"],"gold_per_floor":[99,110,110,110,110,110,110,124,73,73,73,102,114,124,138,138,138,138],"floor_reached":16,"playtime":791,"items_purged":[],"score":100,"play_id":"2deca39f-df7b-449e-8966-0197ea4d283f","local_time":"20210109152949","is_ascension_mode":false,"campfire_choices":[{"data":"hexamod:Float","floor":1,"key":"SMITH"},{"data":"hexamod:Again","floor":10,"key":"SMITH"}],"circlet_count":0,"master_deck":["hexamod:Strike+1","hexamod:Strike","hexamod:Strike","hexamod:Defend","hexamod:Defend","hexamod:Defend","hexamod:Defend+1","hexamod:Sear+1","hexamod:Float+1","hexamod:Again+1","Regret","Regret","hexamod:FastForward","hexamod:FourthSeal","hexamod:Hexaguard+1","hexamod:FirstSeal","hexamod:AdvancingGuard","hexamod:Firestarter"],"relics":["hexamod:SpiritBrand","hubris:ToyBattleship","ReplayTheSpireMod:Ring of Exchange","ReplayTheSpireMod:Ring of Challenge","Pocketwatch"],"acts_visited":["Exordium"],"potions_floor_usage":[12,12,14,15],"damage_taken":[{"damage":0,"enemies":"2 Louse","floor":2,"turns":4},{"damage":6,"enemies":"Jaw Worm","floor":8,"turns":3},{"damage":9,"enemies":"downfall:FleeingMerchant","floor":9,"turns":4},{"damage":9,"enemies":"downfall:FleeingMerchant","floor":11,"turns":4},{"damage":22,"enemies":"Lagavulin","floor":12,"turns":6},{"damage":16,"enemies":"Small Slimes","floor":13,"turns":5},{"damage":13,"enemies":"Lots of Slimes","floor":14,"turns":6},{"damage":12,"enemies":"2 Fungi Beasts","floor":15,"turns":4},{"damage":23,"enemies":"downfall:Ironclad","floor":16,"turns":5}],"seed_played":"-6583571638755584494","potions_obtained":[{"floor":2,"key":"hexamod:EctoCoolerPotion"},{"floor":11,"key":"hexamod:InfernoChargePotion"},{"floor":12,"key":"Swift Potion"},{"floor":13,"key":"sneckomod:MuddlingPotion"},{"floor":14,"key":"Fruit Juice"},{"floor":14,"key":"DistilledChaos"}],"is_trial":false,"path_per_floor":["R","M","?","?","?","?","T","M","$","R","$","E","M","M","M","B"],"character_chosen":"THE_SPIRIT","items_purchased":["hexamod:Hexaguard+1"],"campfire_rested":0,"item_purchase_floors":[9],"current_hp_per_floor":[77,77,77,77,77,77,77,71,62,62,53,38,29,28,23,0,0,0],"gold":138,"neow_bonus":"TEN_PERCENT_HP_BONUS","is_daily":false,"chose_seed":false,"campfire_upgraded":2,"win_rate":0.0,"timestamp":1610224189,"path_taken":["R","M","?","?","?","?","T","M","$","R","?","E","M","?","M","BOSS"],"items_purchased_type":["Card"],"build_version":"2020-12-22","purchased_purges":0,"victory":false,"max_hp_per_floor":[77,77,77,77,77,77,77,77,77,77,77,77,77,82,82,82,82,82],"card_choices":[{"not_picked":["hexamod:InspiringFlames","hexamod:GhostShield"],"picked":"hexamod:Again","floor":2},{"not_picked":["hexamod:SwordOfDarkness","hexamod:SoulSteal"],"picked":"hexamod:FastForward","floor":8},{"not_picked":["hexamod:GhostShield","hexamod:GhostOfSpirePresent"],"picked":"hexamod:FourthSeal","floor":9},{"not_picked":["hexamod:BacktrackSmack","hexamod:RecurringNightmare"],"picked":"hexamod:FirstSeal","floor":11},{"not_picked":["hexamod:HauntingEcho","hexamod:SwordOfDarkness"],"picked":"hexamod:AdvancingGuard","floor":12},{"not_picked":["hexamod:RainOfEmbers","hexamod:BacktrackSmack","hexamod:FastForward"],"picked":"SKIP","floor":13},{"not_picked":["hexamod:GhostLash","hexamod:Incineration","hexamod:EmpoweredFlame"],"picked":"SKIP","floor":14},{"not_picked":["hexamod:InspiringFlames","hexamod:Incineration"],"picked":"hexamod:Firestarter","floor":15}],"player_experience":176508,"relics_obtained":[{"floor":6,"key":"ReplayTheSpireMod:Ring of Exchange"},{"floor":6,"key":"ReplayTheSpireMod:Ring of Challenge"},{"floor":12,"key":"Pocketwatch"}],"event_choices":[{"damage_healed":0,"gold_gain":0,"player_choice":"Box","damage_taken":0,"relics_obtained":["hubris:ToyBattleship"],"max_hp_gain":0,"max_hp_loss":0,"event_name":"Big Fish","floor":3,"gold_loss":0,"cards_obtained":["Regret"]}],"is_beta":false,"boss_relics":[],"items_purged_floors":[],"is_endless":false,"potions_floor_spawned":[2,14],"killed_by":"downfall:Ironclad","ascension_level":0}}