{"host":"mydft8i2zzydgggw","time":1610203947,"event":{"mods":["AchievementEnabler","BaseMod","BetterRewards","Colored Map","Colored Powertips","DeckTracker","Keyboard Shortcuts","Minty Spire (QoL Compilation)","Quick Restart","Rare Cards Sparkle","StSLib","SuperFastMode","The Poker Player","everything is the same but u backflip on backflip"],"gold_per_floor":[119,69,69,69,69,69,102,118,193,224,244,244,22,33,33,33,33],"floor_reached":16,"playtime":293,"items_purged":["Strike_R"],"score":124,"play_id":"c658262b-332e-4e25-aee9-08a7b7a583f3","local_time":"20210109235227","is_ascension_mode":true,"campfire_choices":[{"data":"Pommel Strike","floor":6.0,"key":"SMITH"},{"floor":12.0,"key":"REST"},{"floor":15.0,"key":"REST"}],"circlet_count":0,"master_deck":["Strike_R","Strike_R","Strike_R","Strike_R","Defend_R","Defend_R","Defend_R","Defend_R","Bash","Pommel Strike+1","Shrug It Off","Clothesline"],"relics":["Burning Blood","WingedGreaves","Kunai","Shuriken","Matryoshka","ClockworkSouvenir"],"acts_visited":["Exordium"],"potions_floor_usage":[16,16],"damage_taken":[{"damage":18.0,"enemies":"Small Slimes","floor":1.0,"turns":4.0},{"damage":40.0,"enemies":"3 Sentries","floor":7.0,"turns":10.0},{"damage":9.0,"enemies":"2 Louse","floor":8.0,"turns":2.0},{"damage":32.0,"enemies":"Lagavulin","floor":10.0,"turns":8.0},{"damage":0.0,"enemies":"Jaw Worm","floor":11.0,"turns":4.0},{"damage":8.0,"enemies":"Exordium Wildlife","floor":14.0,"turns":4.0},{"damage":66,"enemies":"Slime Boss","floor":16,"turns":7}],"seed_played":"-6424979418176738131","potions_obtained":[{"floor":10.0,"key":"Ancient Potion"},{"floor":14.0,"key":"Explosive Potion"}],"is_trial":false,"path_per_floor":["M","?","?","?","$","R","E","M","T","E","M","R","$","M","R","B"],"character_chosen":"IRONCLAD","items_purchased":["ClockworkSouvenir"],"campfire_rested":2,"item_purchase_floors":[13],"current_hp_per_floor":[68,68,68,73,73,73,39,36,36,10,16,40,40,38,62,0,0],"gold":33,"neow_bonus":"ONE_RARE_RELIC","is_daily":false,"chose_seed":false,"campfire_upgraded":1,"win_rate":0.0,"timestamp":1610203947,"path_taken":["M","?","?","?","?","R","E","M","T","E","?","R","$","M","R","BOSS"],"items_purchased_type":["Relic"],"build_version":"2020-12-22","purchased_purges":1,"victory":false,"max_hp_per_floor":[80,77,77,82,82,82,82,82,82,82,82,82,82,82,82,82,82],"card_choices":[{"not_picked":["Feel No Pain","Sword Boomerang"],"picked":"Pommel Strike","floor":1.0},{"not_picked":["Evolve","Headbutt"],"picked":"Shrug It Off","floor":7.0},{"not_picked":["Carnage","Metallicize","Combust"],"picked":"SKIP","floor":8.0},{"not_picked":["Sentinel","Metallicize","Thunderclap"],"picked":"SKIP","floor":10.0},{"not_picked":["Clash","Iron Wave","Twin Strike"],"picked":"SKIP","floor":11.0},{"not_picked":["Wild Strike","Warcry"],"picked":"Clothesline","floor":14.0}],"player_experience":161631,"relics_obtained":[{"floor":7.0,"key":"Kunai"},{"floor":9.0,"key":"Shuriken"},{"floor":10.0,"key":"Matryoshka"}],"event_choices":[{"cards_removed":["Parasite"],"damage_healed":0.0,"max_hp_gain":0.0,"max_hp_loss":0.0,"gold_gain":0.0,"event_name":"The Cleric","player_choice":"Card Removal","floor":2.0,"gold_loss":50.0,"damage_taken":0.0},{"damage_healed":0.0,"max_hp_gain":0.0,"max_hp_loss":0.0,"gold_gain":0.0,"event_name":"Shining Light","player_choice":"Ignored","floor":3.0,"gold_loss":0.0,"damage_taken":0.0},{"damage_healed":0.0,"max_hp_gain":5.0,"max_hp_loss":0.0,"gold_gain":0.0,"event_name":"Big Fish","player_choice":"Donut","floor":4.0,"gold_loss":0.0,"damage_taken":0.0}],"is_beta":false,"boss_relics":[],"items_purged_floors":[13],"is_endless":false,"potions_floor_spawned":[10,14],"killed_by":"Slime Boss","ascension_level":3}}