{"host":"y76x98twjnyyxs83","time":1610222730,"event":{"mods":["BaseMod","Colored Powertips","Minty Spire (QoL Compilation)","Permanent Neow","Quick Restart","Rare Cards Sparkle","Relic Stats","StSLib"],"gold_per_floor":[111,129,129,152,152,152,196,56,81,115,115,138,138,182,182,278,278,294,315,77,95,114,114,155,55,124,162,162,185,209,245,245,245,245],"floor_reached":33,"playtime":1380,"items_purged":["Strike_G","Strike_G"],"score":630,"play_id":"e8225b3a-5d85-4eb3-b646-4bef265978ea","local_time":"20210110040530","is_ascension_mode":true,"campfire_choices":[{"data":"Neutralize","floor":6,"key":"SMITH"},{"data":"Cloak And Dagger","floor":13,"key":"SMITH"},{"data":"Footwork","floor":15,"key":"SMITH"},{"data":"Acrobatics","floor":23,"key":"SMITH"},{"data":"Calculated Gamble","floor":28,"key":"SMITH"},{"data":"Blade Dance","floor":32,"key":"SMITH"}],"circlet_count":0,"master_deck":["AscendersBane","Strike_G","Strike_G","Defend_G","Defend_G","Defend_G","Defend_G","Defend_G","Survivor","Neutralize+1","Infinite Blades","Cloak And Dagger+1","Slice","Footwork+1","Predator","Dagger Spray","Infinite Blades","After Image","Blur","Blade Dance+1","Quick Slash","Acrobatics+1","Backstab","Calculated Gamble+1","Blade Dance+1","Terror"],"relics":["WristBlade","Golden Idol","Potion Belt","MealTicket","Omamori","Eternal Feather","Vajra","Coffee Dripper","PreservedInsect","White Beast Statue","Frozen Egg 2","Tingsha","Boot"],"acts_visited":["Exordium","TheCity"],"potions_floor_usage":[14,14,19,24,24,31,31,33,33,33],"damage_taken":[{"damage":1,"enemies":"Cultist","floor":1,"turns":6},{"damage":4,"enemies":"Small Slimes","floor":2,"turns":3},{"damage":7,"enemies":"Jaw Worm","floor":4,"turns":4},{"damage":19,"enemies":"3 Sentries","floor":7,"turns":10},{"damage":7,"enemies":"Lagavulin","floor":10,"turns":7},{"damage":1,"enemies":"Blue Slaver","floor":12,"turns":4},{"damage":0,"enemies":"Gremlin Nob","floor":14,"turns":2},{"damage":22,"enemies":"Slime Boss","floor":16,"turns":6},{"damage":12,"enemies":"Shell Parasite","floor":18,"turns":5},{"damage":25,"enemies":"3 Byrds","floor":19,"turns":7},{"damage":8,"enemies":"Centurion and Healer","floor":21,"turns":5},{"damage":3,"enemies":"Snecko","floor":22,"turns":5},{"damage":35,"enemies":"Gremlin Leader","floor":24,"turns":5},{"damage":8,"enemies":"Book of Stabbing","floor":27,"turns":4},{"damage":13,"enemies":"Snake Plant","floor":29,"turns":5},{"damage":4,"enemies":"Cultist and Chosen","floor":30,"turns":5},{"damage":1,"enemies":"Slavers","floor":31,"turns":2},{"damage":31,"enemies":"Automaton","floor":33,"turns":6}],"seed_played":"-5694350605936078670","potions_obtained":[{"floor":1,"key":"Regen Potion"},{"floor":10,"key":"ColorlessPotion"},{"floor":12,"key":"AttackPotion"},{"floor":16,"key":"Dexterity Potion"},{"floor":19,"key":"CultistPotion"},{"floor":22,"key":"FearPotion"},{"floor":27,"key":"PowerPotion"},{"floor":29,"key":"Fire Potion"},{"floor":31,"key":"Energy Potion"}],"is_trial":false,"path_per_floor":["M","M","?","M","?","R","E","$","T","E","T","M","R","E","R","B",null,"M","M","$","M","M","R","E","$","T","E","R","M","M","E","R","B"],"character_chosen":"THE_SILENT","items_purchased":["SteroidPotion","Footwork","PreservedInsect"],"campfire_rested":0,"item_purchase_floors":[8,8,20],"current_hp_per_floor":[58,54,54,47,40,40,21,21,21,14,14,13,22,22,31,9,47,35,25,40,32,29,41,6,21,21,13,25,12,8,7,22,0,0],"gold":245,"neow_bonus":"BOSS_RELIC","is_daily":false,"chose_seed":false,"campfire_upgraded":6,"win_rate":0.0,"timestamp":1610222730,"path_taken":["M","M","?","M","?","R","E","?","T","E","?","M","R","E","R","BOSS","M","M","$","M","M","R","E","$","T","E","R","M","M","E","R","BOSS"],"items_purchased_type":["Potion","Card","Relic"],"build_version":"2020-12-22","purchased_purges":2,"victory":false,"max_hp_per_floor":[66,66,60,60,60,60,60,60,60,60,60,60,60,60,60,60,60,60,60,60,60,60,60,60,60,60,60,60,60,60,60,60,60,60],"relic_stats":{"counters":[18,91],"Golden Idol":102,"MealTicket":30,"Eternal Feather":57,"Tingsha":[53],"PreservedInsect":133,"Boot":[4],"obtain_stats":[{"Potion Belt":7,"Golden Idol":3,"Vajra":14,"Eternal Feather":11,"Tingsha":27,"PreservedInsect":20,"Omamori":10,"Frozen Egg 2":26,"Boot":31,"White Beast Statue":24,"WristBlade":0,"MealTicket":9,"Coffee Dripper":17,"Ring of the Snake":0},{"Potion Belt":4,"Golden Idol":2,"Vajra":7,"Eternal Feather":5,"Tingsha":14,"PreservedInsect":10,"Omamori":5,"Frozen Egg 2":13,"Boot":17,"White Beast Statue":13,"WristBlade":0,"MealTicket":4,"Coffee Dripper":8,"Ring of the Snake":0},{"Potion Belt":23,"Golden Idol":9,"Vajra":36,"Eternal Feather":30,"Tingsha":73,"PreservedInsect":54,"Omamori":30,"Frozen Egg 2":69,"Boot":85,"White Beast Statue":69,"WristBlade":0,"MealTicket":23,"Coffee Dripper":42,"Ring of the Snake":0}]},"card_choices":[{"not_picked":["Riddle With Holes","Footwork"],"picked":"Infinite Blades","floor":1},{"not_picked":["Poisoned Stab","Outmaneuver"],"picked":"Cloak And Dagger","floor":2},{"not_picked":["Calculated Gamble","Distraction","Dagger Throw"],"picked":"SKIP","floor":4},{"not_picked":["Deadly Poison","Dagger Throw"],"picked":"Slice","floor":7},{"not_picked":["Unload","Blade Dance"],"picked":"Predator","floor":10},{"not_picked":["Outmaneuver","Footwork"],"picked":"Dagger Spray","floor":12},{"not_picked":["PiercingWail","Quick Slash"],"picked":"Infinite Blades","floor":14},{"not_picked":["Envenom","Grand Finale"],"picked":"After Image","floor":16},{"not_picked":["Quick Slash","Skewer"],"picked":"Blur","floor":18},{"not_picked":["Outmaneuver","Bane"],"picked":"Blade Dance","floor":19},{"not_picked":["Quick Slash","Deadly Poison","Deflect"],"picked":"SKIP","floor":21},{"not_picked":["Deadly Poison","Deflect"],"picked":"Quick Slash","floor":21},{"not_picked":["Tools of the Trade","Deadly Poison"],"picked":"Acrobatics","floor":22},{"not_picked":["Dagger Spray","Flying Knee"],"picked":"Backstab","floor":24},{"not_picked":["Bane","Setup+1"],"picked":"Calculated Gamble","floor":27},{"not_picked":["Well Laid Plans+1","Dagger Throw"],"picked":"Blade Dance+1","floor":29},{"not_picked":["Outmaneuver","Prepared+1"],"picked":"Terror","floor":30},{"not_picked":["Flying Knee","Concentrate","Quick Slash+1"],"picked":"SKIP","floor":31}],"player_experience":1115438,"relics_obtained":[{"floor":7,"key":"Potion Belt"},{"floor":9,"key":"MealTicket"},{"floor":10,"key":"Omamori"},{"floor":11,"key":"Eternal Feather"},{"floor":14,"key":"Vajra"},{"floor":24,"key":"White Beast Statue"},{"floor":26,"key":"Frozen Egg 2"},{"floor":27,"key":"Tingsha"},{"floor":31,"key":"Boot"}],"event_choices":[{"damage_healed":0,"gold_gain":0,"player_choice":"Lose Max HP","damage_taken":0,"relics_obtained":["Golden Idol"],"max_hp_gain":0,"max_hp_loss":6,"event_name":"Golden Idol","floor":3,"gold_loss":0},{"cards_removed":["Strike_G"],"damage_healed":0,"gold_gain":0,"player_choice":"Card Removal","damage_taken":7,"max_hp_gain":0,"max_hp_loss":0,"event_name":"Golden Wing","floor":5,"gold_loss":0}],"is_beta":false,"boss_relics":[{"not_picked":["Black Star","HoveringKite"],"picked":"Coffee Dripper"}],"items_purged_floors":[20,25],"is_endless":false,"potions_floor_spawned":[1,10,12,16,19,22,27,29,30,31],"killed_by":"Automaton","ascension_level":16}}