{"host":"cr892wvdvh6p7gzy","time":1610153833,"event":{"mods":["A Magickal Journey","BaseMod","BetterRewards","Downfall","GifTheSpireLib","Hubris","Infinite Spire","Minty Spire (QoL Compilation)","READ ME - Guardian Mod","Replay The Spire","SOS???????","StSLib","The Bug Knight","The Dragon Tamer","The Necromancer","???Mod??????Boss"],"gold_per_floor":[110,128,128,145,69,69,85,85,85,118,118,130,130,130,130,231,231,251,351,363,379,379,379,396,396,396,414,434,42,54,74,74,74,74],"floor_reached":33,"playtime":2047,"items_purged":[],"score":289,"play_id":"22d58b12-5b88-43ab-a48c-d1dfca7b2aa3","local_time":"20210109015713","is_ascension_mode":true,"campfire_choices":[{"data":"Toxin Wave","floor":6,"key":"SMITH"},{"data":"Skewer","floor":8,"key":"SMITH"},{"data":"Corpse Explosion","floor":13,"key":"SMITH"},{"data":"Neutralize","floor":15,"key":"SMITH"},{"data":"Poison Darts","floor":23,"key":"SMITH"},{"floor":25,"key":"REST"},{"floor":32,"key":"REST"}],"circlet_count":0,"master_deck":["Strike_G","Strike_G","Strike_G","Strike_G","Strike_G+1","Defend_G","Defend_G","Defend_G","Defend_G","Defend_G","Survivor+1","Neutralize+1","Skewer+1","Toxin Wave+1","Noxious Fumes+1","Corpse Explosion+1","Poison Darts+1","Flying Knee"],"relics":["Ring of the Snake","infinitespire:Eraser","Vajra","Ring of Chaos","Replay:Accelerometer","ClockworkSouvenir","HornCleat"],"acts_visited":["Exordium","TheCity"],"potions_floor_usage":[7,7,16,16,16,21,24,33,33],"damage_taken":[{"damage":1,"enemies":"Small Slimes","floor":1,"turns":4},{"damage":2,"enemies":"Jaw Worm","floor":2,"turns":6},{"damage":0,"enemies":"2 Louse","floor":4,"turns":3},{"damage":0,"enemies":"Red Slaver","floor":7,"turns":4},{"damage":5,"enemies":"Replay:BlueRogue","floor":10,"turns":8},{"damage":0,"enemies":"Gremlin Gang","floor":12,"turns":4},{"damage":23,"enemies":"Fading Forest","floor":16,"turns":11},{"damage":0,"enemies":"Spheric Guardian","floor":18,"turns":2},{"damage":10,"enemies":"Shell Parasite","floor":20,"turns":5},{"damage":10,"enemies":"Snake Plant","floor":21,"turns":3},{"damage":26,"enemies":"Snecko","floor":24,"turns":5},{"damage":20,"enemies":"Chosen and Byrds","floor":27,"turns":6},{"damage":30,"enemies":"Centurion and Healer","floor":28,"turns":3},{"damage":2,"enemies":"Snecko","floor":30,"turns":4},{"damage":0,"enemies":"3 Cultists","floor":31,"turns":3},{"damage":58,"enemies":"hubris:MusketHawk","floor":33,"turns":7}],"seed_played":"5729929986204574386","potions_obtained":[{"floor":1,"key":"EntropicBrew"},{"floor":7,"key":"SteroidPotion"},{"floor":16,"key":"Poison Potion"},{"floor":21,"key":"EssenceOfSteel"},{"floor":28,"key":"SpeedPotion"},{"floor":31,"key":"Dexterity Potion"}],"is_trial":false,"path_per_floor":["M","M","?","M","$","R","M","R","T","E","?","M","R","?","R","B",null,"M","?","M","M","?","R","M","R","T","M","M","$","M","M","R","B"],"character_chosen":"THE_SILENT","items_purchased":["Noxious Fumes","ClockworkSouvenir","HornCleat"],"campfire_rested":2,"item_purchase_floors":[5,29,29],"current_hp_per_floor":[76,74,74,74,74,74,74,74,74,69,69,69,69,69,69,54,77,77,77,67,57,77,77,51,74,74,54,24,24,22,22,45,0,0],"gold":74,"neow_bonus":"TEN_PERCENT_HP_BONUS","is_daily":false,"chose_seed":false,"campfire_upgraded":5,"win_rate":0.0,"timestamp":1610153833,"path_taken":["M","M","?","M","$","R","M","R","T","E","?","M","R","?","R","BOSS","M","?","?","M","?","R","M","R","T","M","M","$","M","?","R","BOSS"],"items_purchased_type":["Card","Relic","Relic"],"build_version":"2020-12-22","purchased_purges":0,"victory":false,"max_hp_per_floor":[77,77,77,77,77,77,77,77,77,77,77,77,77,77,77,77,77,77,77,77,77,77,77,77,77,77,77,77,77,77,77,77,77,77],"card_choices":[{"not_picked":["Deflect","Sucker Punch"],"picked":"Skewer","floor":1},{"not_picked":["Dodge and Roll","Hidden Blade"],"picked":"Toxin Wave","floor":2},{"not_picked":["Blur","Backstab","Dodge and Roll"],"picked":"SKIP","floor":4},{"not_picked":["Bane","Dagger Spray","Outmaneuver"],"picked":"SKIP","floor":7},{"not_picked":["Slice","Infinite Blades","Dagger Throw"],"picked":"SKIP","floor":10},{"not_picked":["Dagger Throw","Poisoned Stab"],"picked":"Corpse Explosion","floor":12},{"not_picked":["Envenom","Grand Finale"],"picked":"Poison Darts","floor":16},{"not_picked":["Expertise","Reflex+1","Dagger Spray"],"picked":"SKIP","floor":18},{"not_picked":["Accuracy+1","Backflip","Prepared"],"picked":"SKIP","floor":20},{"not_picked":["Noxious Fumes","Backstab","Backflip"],"picked":"SKIP","floor":21},{"not_picked":["Hidden Blade","Outmaneuver"],"picked":"Flying Knee","floor":24},{"not_picked":["Caltrops","Hidden Blade","ReplayTheSpireMod:Speed Training"],"picked":"SKIP","floor":27},{"not_picked":["Concentrate","Venomology","Poisoned Stab+1"],"picked":"SKIP","floor":28},{"not_picked":["Deflect","Acrobatics","Escape Plan"],"picked":"SKIP","floor":30},{"not_picked":["Outmaneuver+1","Acrobatics","hubris:Counter"],"picked":"SKIP","floor":31}],"player_experience":464709,"relics_obtained":[{"floor":9,"key":"infinitespire:Eraser"},{"floor":10,"key":"Vajra"},{"floor":26,"key":"Replay:Accelerometer"}],"event_choices":[{"damage_healed":0,"gold_gain":0,"player_choice":"Upgraded","damage_taken":0,"max_hp_gain":0,"max_hp_loss":0,"event_name":"Upgrade Shrine","floor":14,"gold_loss":0,"cards_upgraded":["Survivor"]},{"damage_healed":0,"gold_gain":100,"player_choice":"Pray","damage_taken":0,"max_hp_gain":0,"max_hp_loss":0,"event_name":"Golden Shrine","floor":19,"gold_loss":0},{"damage_healed":25,"gold_gain":0,"player_choice":"Heal","damage_taken":0,"max_hp_gain":0,"max_hp_loss":0,"event_name":"The Library","floor":22,"gold_loss":0}],"is_beta":false,"boss_relics":[{"not_picked":["Busted Crown","Black Star"],"picked":"Ring of Chaos"}],"items_purged_floors":[],"is_endless":false,"potions_floor_spawned":[1,7,16,21,28,31],"killed_by":"hubris:MusketHawk","ascension_level":3}}