{"host":"dhlnk6yox2l1s6up","time":1610163266,"event":{"mods":["BaseMod","Colored Map","Highlight Path","Minty Spire (QoL Compilation)","Relic Stats","StSLib"],"gold_per_floor":[109,109,284,359,373,373,390,390,416,428,455,467,509,3,3,103,103,113,133,58,71,71,102,102,127,154,154,154,154,1,20,20,124,124,138,138,217,217,229,229,257,274,300,315,315,346,358,403,403,403,403,403,30,58,58],"floor_reached":56,"playtime":3597,"items_purged":["Doubt","Clumsy","Dualcast"],"score":1666,"play_id":"bd73b1f0-7e3d-423c-a311-2609ff281a21","local_time":"20210108213426","is_ascension_mode":true,"campfire_choices":[{"data":"Sunder","floor":6.0,"key":"SMITH"},{"data":"Coolheaded","floor":8.0,"key":"SMITH"},{"data":"Sunder","floor":12.0,"key":"SMITH"},{"data":"Defend_B","floor":15.0,"key":"SMITH"},{"floor":27.0,"key":"DIG"},{"floor":29.0,"key":"DIG"},{"data":"Beam Cell","floor":32.0,"key":"SMITH"},{"floor":40.0,"key":"RECALL"},{"data":"Beam Cell","floor":45.0,"key":"SMITH"},{"floor":49,"key":"REST"},{"floor":52,"key":"DIG"}],"circlet_count":0,"master_deck":["Strike_B+1","Defend_B+1","Defend_B","Defend_B","Defend_B","Zap","Sunder+1","Coolheaded+1","Rip and Tear+1","Sunder+1","Machine Learning","Beam Cell+1","Recycle","Necronomicurse","Leap","Electrodynamics","Static Discharge+1","Bandage Up","Conserve Battery+1","Leap+1","Beam Cell+1","Coolheaded+1","Skim+1","Machine Learning","Undo","Coolheaded"],"relics":["Snecko Eye","InkBottle","Whetstone","MawBank","Boot","Medical Kit","Ice Cream","Cursed Key","Necronomicon","Lizard Tail","Shovel","Smiling Mask","Omamori","Empty Cage","Shuriken","Toy Ornithopter","HornCleat","Potion Belt","Lantern","FossilizedHelix","Bottled Tornado","Nunchaku","Blood Vial"],"acts_visited":["Exordium","TheCity","TheBeyond","TheEnding"],"potions_floor_usage":[54,55,55,55],"damage_taken":[{"damage":0.0,"enemies":"Small Slimes","floor":1.0,"turns":3.0},{"damage":2.0,"enemies":"Jaw Worm","floor":5.0,"turns":3.0},{"damage":0.0,"enemies":"2 Louse","floor":7.0,"turns":2.0},{"damage":1.0,"enemies":"Large Slime","floor":10.0,"turns":3.0},{"damage":2.0,"enemies":"3 Sentries","floor":11.0,"turns":4.0},{"damage":5.0,"enemies":"Gremlin Nob","floor":13.0,"turns":3.0},{"damage":5.0,"enemies":"The Guardian","floor":16.0,"turns":8.0},{"damage":0.0,"enemies":"Chosen","floor":18.0,"turns":3.0},{"damage":4.0,"enemies":"Shell Parasite","floor":19.0,"turns":2.0},{"damage":0.0,"enemies":"Cultist and Chosen","floor":21.0,"turns":3.0},{"damage":0.0,"enemies":"Gremlin Leader","floor":23.0,"turns":2.0},{"damage":15.0,"enemies":"Slavers","floor":25.0,"turns":3.0},{"damage":0.0,"enemies":"Snecko","floor":31.0,"turns":2.0},{"damage":30.0,"enemies":"Champ","floor":33.0,"turns":5.0},{"damage":1.0,"enemies":"3 Shapes","floor":35.0,"turns":3.0},{"damage":24.0,"enemies":"3 Darklings","floor":39.0,"turns":3.0},{"damage":18.0,"enemies":"Giant Head","floor":41.0,"turns":6.0},{"damage":3.0,"enemies":"Spire Growth","floor":42.0,"turns":3.0},{"damage":0.0,"enemies":"Sphere and 2 Shapes","floor":44.0,"turns":4.0},{"damage":0.0,"enemies":"Reptomancer","floor":46.0,"turns":4.0},{"damage":0.0,"enemies":"3 Darklings","floor":47.0,"turns":2.0},{"damage":16.0,"enemies":"2 Orb Walkers","floor":48.0,"turns":5.0},{"damage":39,"enemies":"Donu and Deca","floor":50,"turns":8},{"damage":52,"enemies":"Shield and Spear","floor":54,"turns":6},{"damage":73,"enemies":"The Heart","floor":55,"turns":7}],"seed_played":"-891086766989904495","potions_obtained":[{"floor":1.0,"key":"EssenceOfDarkness"},{"floor":11.0,"key":"FearPotion"},{"floor":13.0,"key":"Swift Potion"},{"floor":19.0,"key":"SteroidPotion"},{"floor":33.0,"key":"SkillPotion"},{"floor":41.0,"key":"SkillPotion"},{"floor":42.0,"key":"EssenceOfSteel"},{"floor":48,"key":"FocusPotion"}],"is_trial":false,"path_per_floor":["M","?","?","?","M","R","M","R","T","M","E","R","E","$","R","B",null,"M","M","?","M","?","E","?","E","T","R","?","R","$","M","R","B",null,"M","?","T","?","M","R","E","M","T","M","R","E","M","?","R","B",null,"R","$","E","B",null],"character_chosen":"DEFECT","items_purchased":["Medical Kit","Ice Cream","Leap","Strength Potion","Undo","SpeedPotion","SkillPotion","Nunchaku"],"campfire_rested":1,"item_purchase_floors":[14,14,30,30,53,53,53,53],"current_hp_per_floor":[68,65,65,54,52,52,52,52,52,51,49,49,44,44,44,39,66,66,62,62,62,46,46,46,31,31,31,56,56,56,56,56,26,63,62,62,62,62,42,42,38,44,44,48,48,48,48,36,58,23,62,62,62,19,4],"gold":58,"neow_bonus":"BOSS_RELIC","is_daily":false,"chose_seed":false,"campfire_upgraded":6,"win_rate":0.0,"timestamp":1610163266,"path_taken":["M","?","?","?","?","R","M","R","T","M","E","R","E","$","R","BOSS","M","M","?","M","?","E","?","E","T","R","?","R","$","M","R","BOSS","M","?","?","?","M","R","E","M","T","?","R","E","M","?","R","BOSS","R","$","E","BOSS"],"items_purchased_type":["Relic","Relic","Card","Potion","Card","Potion","Potion","Relic"],"build_version":"2020-12-22","purchased_purges":3,"victory":true,"max_hp_per_floor":[75,75,75,75,75,75,75,75,75,75,75,75,75,75,75,75,75,75,75,75,75,75,75,75,75,75,75,75,75,75,75,75,75,75,75,75,75,75,75,75,75,75,75,75,75,75,75,75,75,75,75,75,75,75,75],"relic_stats":{"counters":[25,97],"Whetstone":["Rip and Tear","Strike_B"],"MawBank":36,"Boot":[26],"Medical Kit":[9],"Cursed Key":3,"Smiling Mask":125,"Blood Vial":2,"Lizard Tail":37,"Nunchaku":[2],"Shovel":3,"Shuriken":[21],"Snecko Eye":[200,200,192,209],"Necronomicon":[34],"obtain_stats":[{"Ice Cream":14,"Potion Belt":43,"Lantern":46,"Omamori":29,"Whetstone":9,"Bottled Tornado":52,"MawBank":11,"Boot":13,"Medical Kit":14,"Cursed Key":17,"Smiling Mask":27,"Empty Cage":34,"Blood Vial":54,"Lizard Tail":23,"Nunchaku":53,"Shovel":25,"HornCleat":41,"Shuriken":37,"Snecko Eye":0,"Necronomicon":22,"Cracked Core":0,"InkBottle":2,"Toy Ornithopter":38,"FossilizedHelix":48},{"Ice Cream":6,"Potion Belt":18,"Lantern":20,"Omamori":12,"Whetstone":3,"Bottled Tornado":23,"MawBank":5,"Boot":6,"Medical Kit":6,"Cursed Key":7,"Smiling Mask":12,"Empty Cage":14,"Blood Vial":24,"Lizard Tail":11,"Nunchaku":23,"Shovel":12,"HornCleat":17,"Shuriken":15,"Snecko Eye":0,"Necronomicon":10,"Cracked Core":0,"InkBottle":1,"Toy Ornithopter":15,"FossilizedHelix":22},{"Ice Cream":18,"Potion Belt":61,"Lantern":69,"Omamori":39,"Whetstone":8,"Bottled Tornado":84,"MawBank":15,"Boot":18,"Medical Kit":18,"Cursed Key":26,"Smiling Mask":39,"Empty Cage":46,"Blood Vial":90,"Lizard Tail":36,"Nunchaku":84,"Shovel":39,"HornCleat":58,"Shuriken":49,"Snecko Eye":0,"Necronomicon":34,"Cracked Core":0,"InkBottle":3,"Toy Ornithopter":49,"FossilizedHelix":76}],"InkBottle":[44],"Toy Ornithopter":35},"card_choices":[{"not_picked":["Redo","Barrage"],"picked":"Sunder","floor":1.0},{"not_picked":["Leap","Hologram"],"picked":"Coolheaded","floor":5.0},{"not_picked":["Rebound","Cold Snap"],"picked":"Rip and Tear","floor":7.0},{"not_picked":["Static Discharge","Auto Shields","Rip and Tear"],"picked":"SKIP","floor":10.0},{"not_picked":["Barrage","Coolheaded"],"picked":"Sunder","floor":11.0},{"not_picked":["Compile Driver","Redo","White Noise"],"picked":"SKIP","floor":13.0},{"not_picked":["Creative AI","Multi-Cast"],"picked":"Machine Learning","floor":16.0},{"not_picked":["Redo","Stack"],"picked":"Beam Cell","floor":18.0},{"not_picked":["Rip and Tear","Redo"],"picked":"Recycle","floor":19.0},{"not_picked":["Aggregate","Barrage+1","Compile Driver"],"picked":"SKIP","floor":21.0},{"not_picked":["Aggregate","Barrage+1","Compile Driver"],"picked":"SKIP","floor":21.0},{"not_picked":["FTL+1","Fission","Chaos"],"picked":"SKIP","floor":23.0},{"not_picked":["Darkness","Barrage","Gash"],"picked":"SKIP","floor":25.0},{"not_picked":["Hello World+1","Ball Lightning","Streamline"],"picked":"SKIP","floor":31.0},{"not_picked":["Core Surge","Fission"],"picked":"Electrodynamics","floor":33.0},{"not_picked":["BootSequence+1","Stack"],"picked":"Static Discharge+1","floor":35.0},{"not_picked":["Secret Technique","Jack Of All Trades"],"picked":"Bandage Up","floor":36.0},{"not_picked":["Sweeping Beam","FTL+1","Streamline"],"picked":"SKIP","floor":39.0},{"not_picked":["Hologram","Darkness+1"],"picked":"Conserve Battery+1","floor":41.0},{"not_picked":["Rebound+1","Stack+1"],"picked":"Leap+1","floor":42.0},{"not_picked":["Leap","Coolheaded"],"picked":"Beam Cell","floor":44.0},{"not_picked":["Redo+1","Auto Shields+1"],"picked":"Coolheaded+1","floor":46.0},{"not_picked":["Redo","Doom and Gloom+1"],"picked":"Skim+1","floor":47.0},{"not_picked":["Sunder+1","Melter+1"],"picked":"Machine Learning","floor":48},{"not_picked":["Darkness+1","Heatsinks"],"picked":"Coolheaded","floor":54}],"player_experience":5744213,"relics_obtained":[{"floor":9.0,"key":"Whetstone"},{"floor":11.0,"key":"MawBank"},{"floor":13.0,"key":"Boot"},{"floor":22.0,"key":"Necronomicon"},{"floor":23.0,"key":"Lizard Tail"},{"floor":25.0,"key":"Shovel"},{"floor":27.0,"key":"Smiling Mask"},{"floor":29.0,"key":"Omamori"},{"floor":37.0,"key":"Shuriken"},{"floor":38.0,"key":"Toy Ornithopter"},{"floor":41.0,"key":"HornCleat"},{"floor":43.0,"key":"Potion Belt"},{"floor":46.0,"key":"Lantern"},{"floor":48,"key":"FossilizedHelix"},{"floor":52,"key":"Bottled Tornado"},{"floor":54,"key":"Blood Vial"}],"event_choices":[{"damage_healed":0.0,"max_hp_gain":0.0,"max_hp_loss":0.0,"gold_gain":0.0,"event_name":"Scrap Ooze","player_choice":"Success","floor":2.0,"gold_loss":0.0,"damage_taken":3.0,"relics_obtained":["InkBottle"]},{"damage_healed":0.0,"max_hp_gain":0.0,"max_hp_loss":0.0,"gold_gain":175.0,"event_name":"Liars Game","player_choice":"AGREE","floor":3.0,"gold_loss":0.0,"damage_taken":0.0,"cards_obtained":["Doubt"]},{"damage_healed":0.0,"max_hp_gain":0.0,"max_hp_loss":0.0,"gold_gain":75.0,"event_name":"World of Goop","player_choice":"Gather Gold","floor":4.0,"gold_loss":0.0,"damage_taken":11.0},{"cards_removed":["Strike_B"],"damage_healed":0.0,"max_hp_gain":0.0,"max_hp_loss":0.0,"gold_gain":0.0,"event_name":"Beggar","player_choice":"Gave Gold","floor":20.0,"gold_loss":75.0,"damage_taken":0.0},{"damage_healed":0.0,"max_hp_gain":0.0,"max_hp_loss":0.0,"gold_gain":0.0,"event_name":"Cursed Tome","player_choice":"Obtained Book","floor":22.0,"gold_loss":0.0,"damage_taken":16.0},{"damage_healed":25.0,"max_hp_gain":0.0,"max_hp_loss":0.0,"gold_gain":0.0,"event_name":"The Library","player_choice":"Heal","floor":28.0,"gold_loss":0.0,"damage_taken":0.0},{"damage_healed":0.0,"max_hp_gain":0.0,"max_hp_loss":0.0,"gold_gain":0.0,"event_name":"SensoryStone","player_choice":"Memory 1","floor":36.0,"gold_loss":0.0,"damage_taken":0.0},{"damage_healed":0.0,"max_hp_gain":0.0,"max_hp_loss":0.0,"gold_gain":0.0,"event_name":"Wheel of Change","player_choice":"Relic","floor":38.0,"gold_loss":0.0,"damage_taken":0.0},{"damage_healed":0.0,"max_hp_gain":0.0,"max_hp_loss":0.0,"gold_gain":0.0,"event_name":"Mysterious Sphere","player_choice":"Fight","floor":48.0,"gold_loss":0.0,"damage_taken":0.0}],"is_beta":false,"boss_relics":[{"not_picked":["SacredBark","Sozu"],"picked":"Cursed Key"},{"not_picked":["Philosopher\u0027s Stone","SlaversCollar"],"picked":"Empty Cage"}],"items_purged_floors":[14,30,53],"is_endless":false,"potions_floor_spawned":[1,11,13,19,21,33,41,42,48],"ascension_level":8}}