{"host":"xrbxyo513dr24h85","time":1610178399,"event":{"mods":["BaseMod","Better Third Choice","Colored Map","Downfall","Googly Eyes","Halation","Hubris","Lobotomy","Minty Spire (QoL Compilation)","Random Character Button","Relic Stats","Replay The Spire","Retaliation","StSLib","The Blue Laboratory"],"gold_per_floor":[110,80,41,41,55,55,75,75,153,167,187,201,201,211,211,310,310,330,22,35,55,71,71,104,104,180,180,24,43,59,69,69,69,69],"floor_reached":33,"playtime":905,"items_purged":[],"score":263,"play_id":"eac6ac02-83f6-4a22-87f7-fa48cb3aa02f","local_time":"20210108234639","is_ascension_mode":false,"campfire_choices":[{"data":"ReplayTheSpireMod:Calculation Training","floor":13,"key":"SMITH"},{"floor":15,"key":"REST"},{"data":"Reboot","floor":23,"key":"SMITH"},{"data":"hubris:PowerSurge","floor":32,"key":"SMITH"}],"circlet_count":0,"master_deck":["Strike_B","Strike_B","Strike_B","Strike_B","Defend_B","Defend_B","Defend_B","Zap+1","Dualcast","Ball Lightning+1","White Noise","Capacitor","ReplayTheSpireMod:Calculation Training+1","Reboot+1","Rainbow","AbeCurse","Barrage","Conserve Battery+1","Self Repair","ReplayTheSpireMod:Calculation Training+1","Echo Form","Defragment","hubris:PowerSurge+1"],"relics":["Cracked Core","halation:LettersToHer","halation:OrihimeAndHikoboshiSamaAndTears","Abe\u0027s Treasure","PreservedInsect","ClockworkSouvenir","InkBottle","Matryoshka"],"acts_visited":["Exordium","TheCity"],"potions_floor_usage":[14,16,20,21,21,29,33],"damage_taken":[{"damage":0,"enemies":"2 Louse","floor":1,"turns":2},{"damage":0,"enemies":"Cultist","floor":5,"turns":2},{"damage":0,"enemies":"Small Slimes","floor":7,"turns":2},{"damage":8,"enemies":"Red Slaver","floor":10,"turns":3},{"damage":0,"enemies":"Large Slime","floor":11,"turns":4},{"damage":1,"enemies":"Exordium Thugs","floor":12,"turns":3},{"damage":22,"enemies":"Gremlin Gang","floor":14,"turns":4},{"damage":22,"enemies":"The Guardian","floor":16,"turns":8},{"damage":3,"enemies":"Chosen","floor":18,"turns":4},{"damage":11,"enemies":"Shell Parasite","floor":20,"turns":4},{"damage":4,"enemies":"Shelled Parasite and Fungi","floor":21,"turns":4},{"damage":12,"enemies":"Chosen and Byrds","floor":22,"turns":4},{"damage":18,"enemies":"Gremlin Leader","floor":24,"turns":5},{"damage":9,"enemies":"Centurion and Healer","floor":29,"turns":7},{"damage":12,"enemies":"Snecko","floor":30,"turns":4},{"damage":0,"enemies":"Cultist and Chosen","floor":31,"turns":3},{"damage":61,"enemies":"hubris:MusketHawk","floor":33,"turns":6}],"seed_played":"7626733563563646827","potions_obtained":[{"floor":1,"key":"champ:CounterPotion"},{"floor":2,"key":"Block Potion"},{"floor":2,"key":"Dexterity Potion"},{"floor":10,"key":"blueLaboratory:BiasPotion"},{"floor":16,"key":"Swift Potion"},{"floor":20,"key":"blueLaboratory:CorrosionFlask"},{"floor":22,"key":"blueLaboratory:PhilterOfMotion"},{"floor":24,"key":"Block Potion"},{"floor":29,"key":"DDmod:CleansePotion"}],"is_trial":false,"path_per_floor":["M","?","$","?","M","?","M","$","T","M","M","M","R","M","R","B",null,"M","$","M","M","M","R","E","$","T","?","$","M","M","M","R","B"],"character_chosen":"DEFECT","items_purchased":["Ball Lightning+1","halation:OrihimeAndHikoboshiSamaAndTears","PreservedInsect","ClockworkSouvenir","Echo Form"],"campfire_rested":1,"item_purchase_floors":[3,8,19,19,28],"current_hp_per_floor":[75,75,75,75,75,75,75,55,55,47,47,46,46,24,46,24,75,72,72,61,57,45,45,27,27,27,27,27,25,20,34,34,0,0],"gold":69,"neow_bonus":"UPGRADE_CARD","is_daily":false,"chose_seed":false,"campfire_upgraded":3,"win_rate":0.0,"timestamp":1610178399,"path_taken":["M","?","?","?","?","?","M","?","T","M","?","M","R","M","R","BOSS","M","$","M","M","M","R","E","$","T","?","$","?","M","M","R","BOSS"],"items_purchased_type":["Card","Relic","Relic","Relic","Card"],"build_version":"2020-12-22","purchased_purges":0,"victory":false,"max_hp_per_floor":[75,75,75,75,75,75,75,75,75,75,75,75,75,75,75,75,75,75,75,75,75,75,75,75,75,75,75,75,75,75,75,75,75,75],"relic_stats":{"counters":[17,69],"PreservedInsect":46,"obtain_stats":[{"halation:OrihimeAndHikoboshiSamaAndTears":8,"Matryoshka":26,"PreservedInsect":19,"Cracked Core":0,"halation:LettersToHer":6,"Abe\u0027s Treasure":17,"InkBottle":24,"ClockworkSouvenir":19},{"halation:OrihimeAndHikoboshiSamaAndTears":3,"Matryoshka":13,"PreservedInsect":9,"Cracked Core":0,"halation:LettersToHer":2,"Abe\u0027s Treasure":8,"InkBottle":13,"ClockworkSouvenir":9},{"halation:OrihimeAndHikoboshiSamaAndTears":6,"Matryoshka":49,"PreservedInsect":32,"Cracked Core":0,"halation:LettersToHer":4,"Abe\u0027s Treasure":28,"InkBottle":49,"ClockworkSouvenir":32}],"InkBottle":[12]},"card_choices":[{"not_picked":["ReplayTheSpireMod:GoodbyeWorld","Turbo","Genetic Algorithm"],"picked":"SKIP","floor":1},{"not_picked":["Streamline","Hologram"],"picked":"White Noise","floor":5},{"not_picked":["Sweeping Beam","Barrage"],"picked":"Capacitor","floor":7},{"not_picked":["ReplayTheSpireMod:Reroute Power","Panic Button"],"picked":"ReplayTheSpireMod:Calculation Training","floor":10},{"not_picked":["Undo","Recycle","Streamline"],"picked":"SKIP","floor":11},{"not_picked":["Turbo","Steam"],"picked":"Reboot","floor":12},{"not_picked":["Rebound","Beam Cell","Undo"],"picked":"SKIP","floor":14},{"not_picked":["Creative AI","hubris:DoWhile"],"picked":"Rainbow","floor":16},{"not_picked":["Rebound","BasicCrystalCard"],"picked":"Barrage","floor":18},{"not_picked":["Beam Cell+1","Gash","Go for the Eyes"],"picked":"SKIP","floor":20},{"not_picked":["Reinforced Body+1","Rebound"],"picked":"Conserve Battery+1","floor":21},{"not_picked":["Compile Driver","Hyperbeam","Heatsinks+1"],"picked":"SKIP","floor":22},{"not_picked":["Stack","Coolheaded"],"picked":"Self Repair","floor":24},{"not_picked":["Barrage","Cold Snap+1"],"picked":"Defragment","floor":29},{"not_picked":["ReplayTheSpireMod:System Scan+1","Reprogram"],"picked":"hubris:PowerSurge","floor":30},{"not_picked":["Conserve Battery","Streamline","FTL"],"picked":"SKIP","floor":31}],"player_experience":1172929,"relics_obtained":[{"floor":9,"key":"halation:LettersToHer"},{"floor":24,"key":"InkBottle"},{"floor":26,"key":"halation:LettersToHer"},{"floor":26,"key":"Matryoshka"}],"event_choices":[{"damage_healed":0,"gold_gain":0,"player_choice":"Bought 2 Potions","damage_taken":0,"max_hp_gain":0,"max_hp_loss":0,"event_name":"The Woman in Blue","floor":2,"gold_loss":0},{"cards_removed":["Defend_B"],"damage_healed":0,"gold_gain":0,"player_choice":"Offered Basic","damage_taken":0,"max_hp_gain":0,"max_hp_loss":0,"event_name":"Bonfire Elementals","floor":4,"gold_loss":0},{"damage_healed":0,"gold_gain":0,"player_choice":"Gave Potion","damage_taken":0,"relics_obtained":["halation:LettersToHer"],"max_hp_gain":0,"max_hp_loss":0,"event_name":"WeMeetAgain","floor":6,"gold_loss":0},{"damage_healed":0,"gold_gain":0,"player_choice":"Copied","damage_taken":0,"max_hp_gain":0,"max_hp_loss":0,"event_name":"Duplicator","floor":27,"gold_loss":0,"cards_obtained":["ReplayTheSpireMod:Calculation Training"]}],"is_beta":false,"boss_relics":[{"not_picked":["Replay:Ancient Bell","Fusion Hammer"],"picked":"Abe\u0027s Treasure"}],"items_purged_floors":[],"is_endless":false,"potions_floor_spawned":[1,10,16,20,22,24,29],"killed_by":"hubris:MusketHawk","ascension_level":0}}