{"host":"szp1d6dso4pv7ddl","time":1610161625,"event":{"mods":["AchievementEnabler","Alarm Clock","BaseMod","Bestiary","Block Reminder","Colored Map","Colored Powertips","Curses Come First","Displayed Cursed Tome","Highlight Path","Minty Spire (QoL Compilation)","Permanent Neow","Quick Restart","Relic Sorter","Relic Stats","StSLib","Synergy Search"],"gold_per_floor":[13,28,41,59,72,91,108,71,71,104,104,104,104,125,125,218,218,243,261,261,282,282,282,300,300,351,369,369,152,171,187,187,258,258,271,287,287,67,78,78,78],"floor_reached":40,"playtime":3079,"items_purged":["Strike_G","Strike_G"],"score":737,"play_id":"ce2922d0-3edc-4117-a023-a3e362c5cd40","local_time":"20210108190705","is_ascension_mode":true,"campfire_choices":[{"floor":13,"key":"REST"},{"data":"Cloak And Dagger","floor":15,"key":"SMITH"},{"floor":23,"key":"REST"},{"data":"Cloak And Dagger","floor":28,"key":"SMITH"},{"data":"Corpse Explosion","floor":32,"key":"SMITH"}],"circlet_count":0,"master_deck":["AscendersBane","Defend_G","Defend_G","Defend_G","Defend_G","Defend_G","Survivor","Neutralize","Endless Agony","Endless Agony","Blade Dance","Die Die Die","Cloak And Dagger+1","Cloak And Dagger","Crippling Poison+1","Cloak And Dagger+1","Corpse Explosion+1","Accuracy+1","Slice","Prepared","Infinite Blades+1","Acrobatics","Bullet Time","Prepared","Endless Agony","Venomology","Unload+1","Noxious Fumes+1","Sucker Punch+1","Accuracy+1","Neutralize","Accuracy+1","Leg Sweep"],"relics":["Ring of the Snake","Dead Branch","Frozen Egg 2","Torii","Bloody Idol","WristBlade","Regal Pillow","Astrolabe"],"acts_visited":["Exordium","TheCity","TheBeyond"],"potions_floor_usage":[10,16,18,24,35,36,39],"damage_taken":[{"damage":0,"enemies":"Cultist","floor":1,"turns":5},{"damage":0,"enemies":"Small Slimes","floor":2,"turns":4},{"damage":1,"enemies":"2 Louse","floor":3,"turns":3},{"damage":8,"enemies":"Red Slaver","floor":4,"turns":3},{"damage":0,"enemies":"2 Fungi Beasts","floor":5,"turns":3},{"damage":0,"enemies":"Looter","floor":6,"turns":2},{"damage":0,"enemies":"Red Slaver","floor":7,"turns":2},{"damage":10,"enemies":"3 Sentries","floor":10,"turns":4},{"damage":0,"enemies":"Blue Slaver","floor":14,"turns":2},{"damage":15,"enemies":"Slime Boss","floor":16,"turns":8},{"damage":1,"enemies":"Chosen","floor":18,"turns":5},{"damage":8,"enemies":"2 Thieves","floor":19,"turns":3},{"damage":19,"enemies":"Snake Plant","floor":21,"turns":5},{"damage":16,"enemies":"Centurion and Healer","floor":24,"turns":3},{"damage":0,"enemies":"3 Cultists","floor":27,"turns":2},{"damage":7,"enemies":"Chosen and Byrds","floor":30,"turns":3},{"damage":0,"enemies":"Shelled Parasite and Fungi","floor":31,"turns":3},{"damage":12,"enemies":"Collector","floor":33,"turns":5},{"damage":2,"enemies":"3 Darklings","floor":35,"turns":4},{"damage":0,"enemies":"3 Shapes","floor":36,"turns":1},{"damage":28,"enemies":"Spire Growth","floor":39,"turns":4},{"damage":49,"enemies":"Nemesis","floor":40,"turns":4}],"seed_played":"-4825519171722768108","potions_obtained":[{"floor":1,"key":"PowerPotion"},{"floor":3,"key":"SneckoOil"},{"floor":6,"key":"Regen Potion"},{"floor":14,"key":"EssenceOfSteel"},{"floor":16,"key":"DistilledChaos"},{"floor":18,"key":"Explosive Potion"},{"floor":20,"key":"CunningPotion"},{"floor":24,"key":"Energy Potion"},{"floor":35,"key":"Block Potion"}],"is_trial":false,"path_per_floor":["M","M","M","M","M","M","M","$","T","E","?","?","R","M","R","B",null,"M","M","?","M","?","R","M","?","T","M","R","$","M","M","R","B",null,"M","M","?","$","M","E"],"character_chosen":"THE_SILENT","items_purchased":["Crippling Poison","Bullet Time","Accuracy+1","Leg Sweep"],"campfire_rested":2,"item_purchase_floors":[8,29,38,38],"current_hp_per_floor":[59,59,58,50,50,50,50,50,50,52,29,29,48,48,48,33,58,57,49,49,30,30,49,38,38,43,48,48,48,46,51,51,44,61,64,66,66,66,43,0,0],"gold":78,"neow_bonus":"ONE_RARE_RELIC","is_daily":false,"chose_seed":false,"campfire_upgraded":3,"win_rate":0.0,"timestamp":1610161625,"path_taken":["M","?","?","M","M","M","M","$","T","E","?","?","R","M","R","BOSS","M","M","?","?","?","R","M","?","T","?","R","$","M","M","R","BOSS","M","M","?","?","M","E"],"items_purchased_type":["Card","Card","Card","Card"],"build_version":"2020-12-22","purchased_purges":2,"victory":false,"max_hp_per_floor":[66,66,66,66,66,66,66,66,66,66,66,66,66,66,66,66,66,66,66,66,66,66,66,66,66,66,66,66,66,66,66,66,66,66,66,66,66,66,66,66,66],"relic_stats":{"Regal Pillow":0,"Torii":11,"counters":[22,78],"Dead Branch":[215],"Bloody Idol":42,"Astrolabe":["Unload","Noxious Fumes","Sucker Punch"],"obtain_stats":[{"Regal Pillow":26,"Torii":10,"WristBlade":17,"Golden Idol":11,"Dead Branch":0,"Bloody Idol":22,"Astrolabe":34,"Frozen Egg 2":9,"Ring of the Snake":0},{"Regal Pillow":14,"Torii":8,"WristBlade":10,"Golden Idol":8,"Dead Branch":0,"Bloody Idol":13,"Astrolabe":18,"Frozen Egg 2":7,"Ring of the Snake":0},{"Regal Pillow":52,"Torii":26,"WristBlade":36,"Golden Idol":26,"Dead Branch":0,"Bloody Idol":49,"Astrolabe":65,"Frozen Egg 2":22,"Ring of the Snake":0}],"Ring of the Snake":[46]},"card_choices":[{"not_picked":["Prepared","Setup"],"picked":"Endless Agony","floor":1},{"not_picked":["Deflect","Well Laid Plans","Blade Dance"],"picked":"SKIP","floor":2},{"not_picked":["Cloak And Dagger","Outmaneuver"],"picked":"Endless Agony","floor":3},{"not_picked":["Underhanded Strike","Cloak And Dagger"],"picked":"Blade Dance","floor":4},{"not_picked":["Quick Slash","Bane"],"picked":"Die Die Die","floor":5},{"not_picked":["Underhanded Strike","Flying Knee"],"picked":"Cloak And Dagger","floor":6},{"not_picked":["Dagger Throw","Blur"],"picked":"Cloak And Dagger","floor":7},{"not_picked":["Masterful Stab","Dagger Throw","Riddle With Holes"],"picked":"SKIP","floor":10},{"not_picked":["Dagger Spray","PiercingWail"],"picked":"Cloak And Dagger","floor":14},{"not_picked":["Doppelganger","Glass Knife"],"picked":"Corpse Explosion","floor":16},{"not_picked":["Outmaneuver","Slice+1"],"picked":"Accuracy+1","floor":18},{"not_picked":["Outmaneuver","Dagger Throw"],"picked":"Slice","floor":19},{"not_picked":["Quick Slash","Poisoned Stab"],"picked":"Prepared","floor":21},{"not_picked":["Finisher+1","Underhanded Strike"],"picked":"Infinite Blades+1","floor":24},{"not_picked":["Bouncing Flask","Finisher"],"picked":"Acrobatics","floor":27},{"not_picked":["Concentrate","Masterful Stab"],"picked":"Prepared","floor":30},{"not_picked":["Prepared","Predator"],"picked":"Endless Agony","floor":31},{"not_picked":["Unload","Grand Finale"],"picked":"Venomology","floor":33},{"not_picked":["Poisoned Stab","Sucker Punch+1"],"picked":"Accuracy+1","floor":35},{"not_picked":["Masterful Stab","Dagger Spray","Heel Hook"],"picked":"SKIP","floor":36},{"not_picked":["Expertise","Quick Slash","Leg Sweep+1"],"picked":"SKIP","floor":39}],"player_experience":1147406,"relics_obtained":[{"floor":9,"key":"Frozen Egg 2"},{"floor":10,"key":"Torii"},{"floor":26,"key":"Regal Pillow"}],"event_choices":[{"damage_healed":0,"gold_gain":0,"player_choice":"Take Damage","damage_taken":23,"relics_obtained":["Golden Idol"],"max_hp_gain":0,"max_hp_loss":0,"event_name":"Golden Idol","floor":11,"gold_loss":0},{"damage_healed":0,"gold_gain":0,"player_choice":"Ignored","damage_taken":0,"max_hp_gain":0,"max_hp_loss":0,"event_name":"Liars Game","floor":12,"gold_loss":0},{"damage_healed":0,"gold_gain":0,"player_choice":"Got Potions","damage_taken":0,"max_hp_gain":0,"max_hp_loss":0,"event_name":"Lab","floor":20,"gold_loss":0},{"damage_healed":0,"gold_gain":0,"player_choice":"Gave Idol","damage_taken":0,"relics_obtained":["Bloody Idol"],"max_hp_gain":0,"max_hp_loss":0,"event_name":"Forgotten Altar","floor":22,"relics_lost":["Golden Idol"],"gold_loss":0},{"damage_healed":0,"gold_gain":0,"player_choice":"Upgraded","damage_taken":0,"max_hp_gain":0,"max_hp_loss":0,"event_name":"Upgrade Shrine","floor":25,"gold_loss":0,"cards_upgraded":["Crippling Poison"]},{"damage_healed":0,"gold_gain":0,"player_choice":"1 cards matched","damage_taken":0,"max_hp_gain":0,"max_hp_loss":0,"event_name":"Match and Keep!","floor":37,"gold_loss":0,"cards_obtained":["Neutralize"]}],"is_beta":false,"boss_relics":[{"not_picked":["Ring of the Serpent","Calling Bell"],"picked":"WristBlade"},{"not_picked":["Busted Crown","Coffee Dripper"],"picked":"Astrolabe"}],"items_purged_floors":[29,38],"is_endless":false,"potions_floor_spawned":[1,3,6,14,16,18,19,24,35],"killed_by":"Nemesis","ascension_level":15}}