{"host":"4rvakrj1idbgia3f","time":1610203223,"event":{"mods":["BaseMod","Colored Map","Colored Powertips","DeckTracker","Highlight Path","Minty Spire (QoL Compilation)","Random Character Button","StSLib"],"gold_per_floor":[116,116,133,58,58,58,89,89,136,136,150,176,192,211,211,285,285,304,315,346,346,83,83,83,83],"floor_reached":24,"playtime":744,"items_purged":["Defend_R","Strike_R"],"score":558,"play_id":"2732cc5e-5cd3-4298-b7f0-85a7aff57f21","local_time":"20210109234023","is_ascension_mode":true,"campfire_choices":[{"data":"Sword Boomerang","floor":6.0,"key":"SMITH"},{"data":"Sword Boomerang","floor":8.0,"key":"SMITH"},{"data":"Inflame","floor":10.0,"key":"SMITH"},{"data":"Cleave","floor":15.0,"key":"SMITH"},{"data":"Corruption","floor":23,"key":"SMITH"}],"circlet_count":0,"master_deck":["AscendersBane","Strike_R","Strike_R","Defend_R","Defend_R","Defend_R","Bash+1","Inflame+1","Sword Boomerang+1","Sword Boomerang+1","Battle Trance","Demon Form","Cleave+1","Reaper","Pummel","Corruption+1"],"relics":["Burning Blood","NeowsBlessing","Boot","Orichalcum","Thread and Needle","Empty Cage","Red Mask"],"acts_visited":["Exordium","TheCity"],"potions_floor_usage":[18,24,24],"damage_taken":[{"damage":0.0,"enemies":"Jaw Worm","floor":1.0,"turns":1.0},{"damage":0.0,"enemies":"Cultist","floor":3.0,"turns":1.0},{"damage":0.0,"enemies":"Lagavulin","floor":7.0,"turns":1.0},{"damage":0.0,"enemies":"2 Louse","floor":11.0,"turns":1.0},{"damage":4.0,"enemies":"Gremlin Nob","floor":12.0,"turns":3.0},{"damage":2.0,"enemies":"Exordium Thugs","floor":13.0,"turns":3.0},{"damage":1.0,"enemies":"Looter","floor":14.0,"turns":2.0},{"damage":0.0,"enemies":"Slime Boss","floor":16.0,"turns":4.0},{"damage":8,"enemies":"3 Byrds","floor":18,"turns":3},{"damage":26,"enemies":"2 Thieves","floor":19,"turns":3},{"damage":3,"enemies":"Masked Bandits","floor":20,"turns":3},{"damage":66,"enemies":"Slavers","floor":24,"turns":5}],"seed_played":"-3497344323270321201","potions_obtained":[{"floor":1.0,"key":"GamblersBrew"},{"floor":12.0,"key":"SpeedPotion"},{"floor":14.0,"key":"Swift Potion"},{"floor":19,"key":"LiquidMemories"}],"is_trial":false,"path_per_floor":["M","?","M","$","?","R","E","R","T","R","M","E","M","M","R","B",null,"M","M","?","?","$","R","E"],"character_chosen":"IRONCLAD","items_purchased":["Corruption"],"campfire_rested":0,"item_purchase_floors":[22],"current_hp_per_floor":[74,79,80,80,80,80,80,80,80,80,80,80,80,80,80,80,80,78,72,75,69,69,69,18,18],"gold":83,"neow_bonus":"THREE_ENEMY_KILL","is_daily":false,"chose_seed":false,"campfire_upgraded":5,"win_rate":0.0,"timestamp":1610203223,"path_taken":["M","?","M","$","?","R","E","R","T","R","M","E","M","?","R","BOSS","M","M","?","?","$","R","E"],"items_purchased_type":["Card"],"build_version":"2020-12-22","purchased_purges":2,"victory":false,"max_hp_per_floor":[75,80,80,80,80,80,80,80,80,80,80,80,80,80,80,80,80,80,80,80,80,80,80,80,80],"card_choices":[{"not_picked":["Seeing Red","Anger"],"picked":"Inflame","floor":1.0},{"not_picked":["Power Through","Wild Strike"],"picked":"Sword Boomerang","floor":3.0},{"not_picked":["Anger","Clothesline"],"picked":"Sword Boomerang","floor":7.0},{"not_picked":["Shrug It Off","Fire Breathing"],"picked":"Battle Trance","floor":11.0},{"not_picked":["Iron Wave","Inflame"],"picked":"Demon Form","floor":12.0},{"not_picked":["Rage","Rampage"],"picked":"Cleave","floor":13.0},{"not_picked":["Feel No Pain","Headbutt","Cleave"],"picked":"SKIP","floor":14.0},{"not_picked":["Demon Form","Exhume"],"picked":"Reaper","floor":16.0},{"not_picked":["True Grit","Anger","Sentinel"],"picked":"SKIP","floor":18},{"not_picked":["Headbutt","Cleave"],"picked":"Pummel","floor":19}],"player_experience":1985654,"relics_obtained":[{"floor":7.0,"key":"Boot"},{"floor":9.0,"key":"Orichalcum"},{"floor":12.0,"key":"Thread and Needle"},{"floor":20,"key":"Red Mask"}],"event_choices":[{"damage_healed":0.0,"max_hp_gain":5.0,"max_hp_loss":0.0,"gold_gain":0.0,"event_name":"Big Fish","player_choice":"Donut","floor":2.0,"gold_loss":0.0,"damage_taken":0.0},{"damage_healed":0.0,"max_hp_gain":0.0,"max_hp_loss":0.0,"gold_gain":0.0,"event_name":"Upgrade Shrine","player_choice":"Upgraded","floor":5.0,"gold_loss":0.0,"damage_taken":0.0,"cards_upgraded":["Bash"]},{"damage_healed":0,"gold_gain":0,"player_choice":"Fought Bandits","damage_taken":0,"max_hp_gain":0,"max_hp_loss":0,"event_name":"Masked Bandits","floor":20,"gold_loss":0},{"damage_healed":0,"gold_gain":0,"player_choice":"","damage_taken":6,"max_hp_gain":0,"max_hp_loss":0,"event_name":"Knowing Skull","floor":21,"potions_obtained":[],"gold_loss":0,"cards_obtained":[]}],"is_beta":false,"boss_relics":[{"not_picked":["Runic Cube","Runic Pyramid"],"picked":"Empty Cage"}],"items_purged_floors":[4,22],"is_endless":false,"potions_floor_spawned":[1,12,14,19],"killed_by":"Slavers","ascension_level":20}}