{"host":"kg3sujd0l7l0va61","time":1610204621,"event":{"mods":["ATMod(阿瑾Mod)","AchievementEnabler","Arknights The Spire","Aspiration","BaseMod","Challenge The Spire","Colored Powertips","Custom Start","Decade(王小明)","Displayed Cursed Tome","Downfall","GifTheSpireLib","Hermit","Infinite Spire","KinomotoSakuraMod(木之本樱)","Koishi","KomeijiMod","Marisa（F雨　魔理沙）","Marked Mod","Minty Spire (QoL Compilation)","MostiFishMod","Prisma Mod","Quick Restart","Replay The Spire","RumiaBox-露米娅的神秘盒子","StSLib","The Jungle","Waifu the Spire","Yakumo Yukari mod"],"gold_per_floor":[116,134,145,145,245,245,276,276,276,287,300,300,315,315,315,440,440,461,482,503,517,122,158,158,173,197,236,74,108,108,120,132,265,277,307,337,369,405,430,475,500,637,728,781,808,844,877,909,921,933],"floor_reached":51,"playtime":1952,"items_purged":[],"score":1127,"play_id":"58df8c87-25d6-4e07-990f-f35d389ebe4b","local_time":"20210109230341","is_ascension_mode":false,"campfire_choices":[{"data":"AT_KingSlayer","floor":6.0,"key":"SMITH"},{"floor":8.0,"key":"REST"},{"data":"ats:Demon Strength","floor":15.0,"key":"SMITH"},{"data":"Apotheosis","floor":32.0,"key":"SMITH"},{"floor":49,"key":"DIG"}],"circlet_count":0,"master_deck":["ats:Strike C","ats:Strike G","ats:Armor Crushing Shot","ats:Defend","ats:Defend","ats:Defend","ats:Emotion Absorption","AT_KingSlayer+1","ats:Demon Strength+1","ats:Apocalypse","ats:Explosion Area Strengthen","ats:Magnetic Hammer","ats:Assault Order","ats:Ignite","Endless Agony","Unload","MostiFishMod:FrostNova","ats:Ambush","ats:Overload","ats:Leaping Hammer+1","ats:Counter Healing Mode+1","ats:Burning Ground","ats:Burning Ground+1","ats:Burning Ground","Apotheosis+1","ats:Rat Pack","MostiFishMod:FrostNova","MostiFishMod:WinterMarkForm","ats:Flexible Camouflage","ats:Ignite+1","ats:Rapid Magazine","ats:Durian","ats:Consecutive Shot Auto+1","ReplayTheSpireMod:Echoes of Time","ats:Ignite+1","ats:Song Of Battle"],"relics":["ats:Sanity","AT_ATBox","DaveBox","ChiXiaoBlade","SynthV:TestCard","ats:Originium","aspiration:Lifesprig","infinitespire:EmpoweringShard","Golden Idol","PatriotShield","Membership Card","AT_SunfireAegis","Matryoshka","Question Card","ZombieArmy","SynthV:C4","Bronze Scales","ats:Attack","Bag of Marbles","MawBank","infinitespire:Eraser","FrostBlade","infinitespire:Beetle Shell","infinitespire:Joker Card","Replay:WaspNest","Replay:Wax Seal","Lantern"],"acts_visited":["Exordium","Exordium","TheBeyond"],"potions_floor_usage":[],"damage_taken":[{"damage":4.0,"enemies":"Small Slimes","floor":1.0,"turns":6.0},{"damage":15.0,"enemies":"Cultist","floor":2.0,"turns":4.0},{"damage":20.0,"enemies":"Jaw Worm","floor":3.0,"turns":6.0},{"damage":32.0,"enemies":"Lagavulin","floor":7.0,"turns":5.0},{"damage":0.0,"enemies":"2 Fungi Beasts","floor":10.0,"turns":2.0},{"damage":3.0,"enemies":"Exordium Wildlife","floor":11.0,"turns":3.0},{"damage":0.0,"enemies":"Exordium Thugs","floor":13.0,"turns":2.0},{"damage":23.0,"enemies":"The Guardian","floor":16.0,"turns":6.0},{"damage":0.0,"enemies":"theJungle:GiantWrat","floor":18.0,"turns":2.0},{"damage":0.0,"enemies":"Shell Parasite","floor":19.0,"turns":4.0},{"damage":0.0,"enemies":"theJungle:JungleHuntersEncounter","floor":20.0,"turns":2.0},{"damage":0.0,"enemies":"theJungle:2_Snecko_Cultists","floor":21.0,"turns":1.0},{"damage":0.0,"enemies":"theJungle:2_Phrogs","floor":23.0,"turns":2.0},{"damage":0.0,"enemies":"theJungle:SlimyTreeVines","floor":25.0,"turns":1.0},{"damage":0.0,"enemies":"theJungle:MamaSnecko","floor":27.0,"turns":2.0},{"damage":0.0,"enemies":"theJungle:2_Phrogs","floor":29.0,"turns":2.0},{"damage":0.0,"enemies":"theJungle:TotemBoss","floor":33.0,"turns":3.0},{"damage":0.0,"enemies":"3 Darklings","floor":35.0,"turns":1.0},{"damage":0.0,"enemies":"Orb Walker","floor":36.0,"turns":2.0},{"damage":0.0,"enemies":"Maw","floor":37.0,"turns":1.0},{"damage":0.0,"enemies":"Jaw Worm Horde","floor":38.0,"turns":2.0},{"damage":0.0,"enemies":"Spire Growth","floor":39.0,"turns":1.0},{"damage":0.0,"enemies":"Nemesis","floor":40.0,"turns":1.0},{"damage":0.0,"enemies":"Maw","floor":41.0,"turns":2.0},{"damage":0.0,"enemies":"infinitespire:Three Voidlings","floor":42.0,"turns":1.0},{"damage":0.0,"enemies":"Nightmare_Alpha","floor":42.0,"turns":3.0},{"damage":15,"enemies":"Nightmare","floor":44,"turns":6},{"damage":0,"enemies":"4 Shapes","floor":45,"turns":2},{"damage":0,"enemies":"Jaw Worm Horde","floor":46,"turns":1},{"damage":3,"enemies":"Sphere and 2 Shapes","floor":47,"turns":2},{"damage":15,"enemies":"Maw","floor":48,"turns":2},{"damage":0,"enemies":"Time Eater","floor":50,"turns":2}],"seed_played":"9059907532286120703","potions_obtained":[{"floor":2.0,"key":"DuplicationPotion"},{"floor":7.0,"key":"EssenceOfSteel"},{"floor":10.0,"key":"Block Potion"},{"floor":13.0,"key":"LiquidMemories"},{"floor":19.0,"key":"Guardian:BlockOnCardUsePotion"}],"is_trial":false,"path_per_floor":["M","M","M","?","?","R","E","R","T","M","M","?","M","?","R","B",null,"M","M","M","M","$","E","?","M","T","E","$","E","T","?","R","B",null,"M","M","M","M","M","E","M","?","T","NM","M","M","M","M","R","B",null],"character_chosen":"DOCTOR_CLASS","items_purchased":["Membership Card","AT_SunfireAegis","Matryoshka","ats:Burning Ground","ats:Attack","Apotheosis"],"campfire_rested":1,"item_purchase_floors":[22,22,22,22,28,28],"current_hp_per_floor":[75,60,52,52,52,52,28,51,51,55,56,37,37,37,37,14,79,79,79,79,79,79,79,79,79,79,79,79,79,79,79,79,79,79,79,79,79,79,79,79,79,79,79,64,64,64,61,50,50,50],"gold":945,"neow_bonus":"TEN_PERCENT_HP_BONUS","is_daily":false,"chose_seed":false,"campfire_upgraded":3,"win_rate":0.0,"timestamp":1610204621,"path_taken":["M","M","M","?","?","R","E","R","T","M","?","?","M","?","R","BOSS","M","M","M","M","$","E","?","M","T","E","?","E","?","?","R","BOSS","M","M","M","M","M","E","M","?","T","NM","M","M","M","M","R","BOSS"],"items_purchased_type":["Relic","Relic","Relic","Card","Relic","Card"],"build_version":"2020-12-22","purchased_purges":0,"victory":true,"max_hp_per_floor":[79,79,79,79,79,79,79,79,79,79,79,79,79,79,79,79,79,79,79,79,79,79,79,79,79,79,79,79,79,79,79,79,79,79,79,79,79,79,79,79,79,79,79,79,79,79,79,79,79,79],"card_choices":[{"not_picked":["ats:Encircling Forest","ats:Composite Medical Shells"],"picked":"ats:Demon Strength","floor":1.0},{"not_picked":["ats:Powerful Strike","ats:Assault Order","ats:Automatic Cover","ats:Childhood Dance"],"picked":"ats:Apocalypse","floor":2.0},{"not_picked":["ats:Childhood Dance","ats:Powerful Strike","ats:Leaping Hammer","ats:Cat Scratch"],"picked":"ats:Explosion Area Strengthen","floor":3.0},{"not_picked":["ats:Revitalization","ats:Poison Spread","ats:Support Order","ats:Flexible Camouflage","ats:Healing Strengthening"],"picked":"SKIP","floor":7.0},{"not_picked":["ats:Revitalization","ats:Leaping Hammer","ats:Rapid Magazine","ats:Flexible Camouflage"],"picked":"ats:Magnetic Hammer","floor":10.0},{"not_picked":["ats:Explosion Area Strengthen","ats:Defend Order","ats:Apocalypse","ats:Magnetic Hammer"],"picked":"ats:Assault Order","floor":11.0},{"not_picked":["ats:Revitalization","ats:Thermite Blade","ats:Encircling Forest","ats:Rapid Magazine"],"picked":"ats:Ignite","floor":13.0},{"not_picked":["ats:Fractured Body","ats:Soul Rend","ats:Nebulous Foxfire","ats:True Silver Slash"],"picked":"ats:Ambush","floor":16.0},{"not_picked":["ats:Consecutive Shot Auto","ats:Flame Of Heaven+1","ats:Leaping Hammer","ats:Chain Hook"],"picked":"ats:Overload","floor":18.0},{"not_picked":["ats:Red Shift","ats:Shell Defense+1","ats:Guardian Obelisk+1","ats:Flexible Camouflage"],"picked":"ats:Leaping Hammer+1","floor":19.0},{"not_picked":["ats:Part Time Job","ats:Shell Defense","ats:Soul Absorption","ats:Ambush"],"picked":"ats:Counter Healing Mode+1","floor":20.0},{"not_picked":["ats:Leaping Hammer","ats:Guardian Obelisk","ats:Powerful Strike+1","ats:Ignite","ats:Apocalypse+1"],"picked":"SKIP","floor":21.0},{"not_picked":["ats:Ignite","ats:Revitalization","ats:Cat Scratch","ats:Curse Doll"],"picked":"ats:Burning Ground+1","floor":23.0},{"not_picked":["ats:Poison Spread","ats:LN2 Cannon","ats:Leaping Hammer","ats:Composite Medical Shells+1","ats:Overload+1"],"picked":"ats:Burning Ground","floor":25.0},{"not_picked":["ats:Magnetic Hammer","ats:Apocalypse","ats:Revitalization","ats:Childhood Dance+1","ats:Shell Defense","ats:Powerful Strike"],"picked":"SKIP","floor":27.0},{"not_picked":["ats:Leaping Hammer+1","ats:Poison Spread","ats:Disruption Kick","ats:Curse Doll","ats:Shadow Raid","ats:Powerful Strike"],"picked":"SKIP","floor":29.0},{"not_picked":["ats:Fractured Body","ats:Wolf Pack","ats:Roar Of Ursus","ats:Dogmatic Field","ats:Calcification"],"picked":"ats:Rat Pack","floor":33.0},{"not_picked":["ats:Powerful Strike","ats:Cat Scratch+1","ats:Childhood Dance+1","ats:Shell Defense","ats:Sunburst"],"picked":"ats:Flexible Camouflage","floor":35.0},{"not_picked":["ats:Very Hot Blade","ats:Hammer On","ats:Childhood Dance+1","ats:Curse Doll","ats:Explosion Area Strengthen","ats:Assault Order"],"picked":"SKIP","floor":36.0},{"not_picked":["ats:Collapsing Strike+1","ats:Powerful Strike+1","ats:Apocalypse+1","ats:Revitalization+1","ats:Cat Scratch+1"],"picked":"ats:Ignite+1","floor":37.0},{"not_picked":["ats:Poison Spread","ats:Calcification","ats:Shell Defense+1","ats:Explosion Area Strengthen+1","ats:Childhood Dance","ats:Healing Drone+1"],"picked":"SKIP","floor":38.0},{"not_picked":["ats:Cat Scratch","ats:Revitalization","ats:Explosion Area Strengthen+1","ats:Hammer On","ats:Defend Order+1"],"picked":"ats:Rapid Magazine","floor":39.0},{"not_picked":["ats:LN2 Cannon","ats:Revitalization","ats:Defend Order+1","ats:Leaping Hammer","ats:Assault Order+1"],"picked":"ats:Durian","floor":40.0},{"not_picked":["ats:Healing Drone+1","ats:Powerful Strike+1","ats:Blood Oath+1","ats:Revitalization+1","ats:Very Hot Blade"],"picked":"ats:Consecutive Shot Auto+1","floor":41.0},{"not_picked":["infinitespire:FinalStrike","infinitespire:SealOfDarkness+"],"picked":"ReplayTheSpireMod:Echoes of Time","floor":42},{"not_picked":["ats:Apocalypse+1","ats:Consecutive Shot Auto","ats:Childhood Dance","ats:Powerful Strike+1","ats:LN2 Cannon"],"picked":"ats:Ignite+1","floor":42},{"not_picked":["ats:Sunburst","ats:Explosion Area Strengthen","ats:Poison Spread+1","ats:Support Order","ats:Spore Proliferation","ats:Assault Order+1"],"picked":"SKIP","floor":44},{"not_picked":["ats:Overload","ats:Rapid Magazine+1","ats:Chain Hook+1","ats:Neurotoxin","ats:Curse Doll+1"],"picked":"ats:Song Of Battle","floor":45},{"not_picked":["ats:Assault Order+1","ats:Childhood Dance+1","ats:Leaping Hammer+1","ats:Cat Scratch","ats:Poison Spread+1","ats:Apocalypse"],"picked":"SKIP","floor":46},{"not_picked":["ats:Rapid Magazine+1","ats:Apocalypse+1","ats:Soul Rend","ats:Healing Drone","ats:Explosion Area Strengthen","ats:Ignite+1"],"picked":"SKIP","floor":47},{"not_picked":["ats:Demon Strength","ats:Part Time Job","ats:Hammer On","ats:Shell Defense+1","ats:Collapsing Strike+1","ats:Automatic Cover+1"],"picked":"SKIP","floor":48}],"player_experience":50519,"relics_obtained":[{"floor":1.0,"key":"SynthV:TestCard"},{"floor":7.0,"key":"ats:Originium"},{"floor":7.0,"key":"aspiration:Lifesprig"},{"floor":9.0,"key":"infinitespire:EmpoweringShard"},{"floor":23.0,"key":"ats:Originium"},{"floor":23.0,"key":"Question Card"},{"floor":26.0,"key":"ZombieArmy"},{"floor":26.0,"key":"SynthV:C4"},{"floor":27.0,"key":"ats:Originium"},{"floor":27.0,"key":"Bronze Scales"},{"floor":29.0,"key":"Bag of Marbles"},{"floor":30.0,"key":"MawBank"},{"floor":30.0,"key":"infinitespire:Eraser"},{"floor":40.0,"key":"infinitespire:Beetle Shell"},{"floor":42,"key":"infinitespire:Joker Card"},{"floor":43,"key":"Replay:WaspNest"},{"floor":44,"key":"Replay:Wax Seal"},{"floor":49,"key":"Lantern"}],"event_choices":[{"damage_healed":0.0,"max_hp_gain":0.0,"max_hp_loss":0.0,"gold_gain":100.0,"event_name":"Golden Shrine","player_choice":"Pray","floor":5.0,"gold_loss":0.0,"damage_taken":0.0},{"damage_healed":0.0,"max_hp_gain":0.0,"max_hp_loss":0.0,"gold_gain":0.0,"event_name":"Golden Idol","player_choice":"Take Damage","floor":12.0,"gold_loss":0.0,"damage_taken":19.0,"relics_obtained":["Golden Idol"]},{"cards_removed":["Iron Wave"],"damage_healed":0.0,"max_hp_gain":0.0,"max_hp_loss":0.0,"gold_gain":0.0,"event_name":"NoteForYourself","player_choice":"Took Card","floor":24.0,"gold_loss":0.0,"damage_taken":0.0,"cards_obtained":["Iron Wave"]},{"damage_healed":0,"gold_gain":0,"player_choice":"Ignored","damage_taken":0,"max_hp_gain":0,"max_hp_loss":0,"event_name":"NoteForYourself","floor":42,"gold_loss":0}],"is_beta":false,"boss_relics":[{"not_picked":["NightmareShop","Honey Jar"],"picked":"PatriotShield"},{"not_picked":["Empty Cage","Philosopher\u0027s Stone"],"picked":"FrostBlade"}],"items_purged_floors":[],"is_endless":false,"potions_floor_spawned":[2,7,10,13,19,23,27,29,33,35,37,38,41,44,45,46],"ascension_level":0}}