{"host":"3asmp5aovk69ekg9","time":1610158104,"event":{"mods":["100% Spire Juice","BaseMod","BetterRewards","Colored Map","Colored Powertips","Dark Map","Hermit","Koishi","Magitek Elite","Minty Spire (QoL Compilation)","Permanent Neow","Remove Card Discount Mod","Shade Mod","StSLib","The Alterego","The Cursed","The Death Knight","The Fake Hero","The IronCluck","The Marked","The Senshi","The Wild Card"],"gold_per_floor":[115,188,188,112,127,175,175,229,229,264,264,110,152,196,196,295,295,338,37,105,105,115,150,184,219,219,219,219,287,267,284,284,381,381,395,351,351,351,311,344,344,377,377,59,75,75,75,128,128,128,128,128,126,155,155],"floor_reached":56,"playtime":5780,"items_purged":["Strike_G","Strike_G","Defend_G","Strike_G","Strike_G","Defend_G","Strike_G","Defend_G","HandOfGreed+1","Slice","Bane","Poisoned Stab","Defend_G"],"score":2297,"play_id":"54bdb219-b643-4b4b-98f0-ca92a6300295","local_time":"20210108180824","is_ascension_mode":true,"campfire_choices":[{"data":"HandOfGreed","floor":7.0,"key":"SMITH"},{"data":"Caltrops","floor":15.0,"key":"SMITH"},{"data":"Well Laid Plans","floor":28.0,"key":"SMITH"},{"data":"Neutralize","floor":32.0,"key":"SMITH"},{"floor":46.0,"key":"RECALL"},{"data":"Survivor","floor":49.0,"key":"SMITH"},{"data":"Defend_G","floor":52,"key":"PURGE"}],"circlet_count":0,"master_deck":["Survivor+1","Neutralize+1","Footwork+1","Bandage Up+1","Dodge and Roll+1","Deadly Poison+1","Footwork+1","Crippling Poison+1","Backflip+1","Backflip+1","Deadly Poison+1","Setup+1","Caltrops+1","Well Laid Plans+1","Escape Plan+1","Outmaneuver+1","Adrenaline+1","Deadly Poison+1","Malaise+1","Caltrops+1","Deflect+1","Night Terror+1","Catalyst+1","Corpse Explosion+1","Bouncing Flask+1","Caltrops+1","Deflect+1"],"relics":["Ring of the Snake","Mummified Hand","TwistedFunnel","Mango","Toxic Egg 2","Lee\u0027s Waffle","Juzu Bracelet","ClockworkSouvenir","Peace Pipe","War Paint","Mercury Hourglass","WingedGreaves","HornCleat","PreservedInsect","Golden_Hairpin","Chemical X","alterego_mod:SomeoneToFightFor","Smiling Mask","Calipers","Toy Ornithopter","Tiny Chest","Letter Opener","SlaversCollar","Singing Bowl","Pen Nib","Du-Vu Doll","Eternal Feather","Frozen Egg 2","Tough Bandages","Ribbon","Ginger"],"acts_visited":["Exordium","TheCity","TheBeyond","TheEnding"],"potions_floor_usage":[55,55,55],"damage_taken":[{"damage":0.0,"enemies":"2 Louse","floor":1.0,"turns":2.0},{"damage":0.0,"enemies":"Small Slimes","floor":5.0,"turns":3.0},{"damage":7.0,"enemies":"Lagavulin","floor":6.0,"turns":5.0},{"damage":6.0,"enemies":"3 Sentries","floor":8.0,"turns":5.0},{"damage":7.0,"enemies":"Gremlin Nob","floor":10.0,"turns":3.0},{"damage":0.0,"enemies":"Jaw Worm","floor":13.0,"turns":5.0},{"damage":0.0,"enemies":"2 Fungi Beasts","floor":14.0,"turns":4.0},{"damage":22.0,"enemies":"Hexaghost","floor":16.0,"turns":5.0},{"damage":0.0,"enemies":"Spheric Guardian","floor":18.0,"turns":4.0},{"damage":0.0,"enemies":"Shell Parasite","floor":22.0,"turns":4.0},{"damage":0.0,"enemies":"Book of Stabbing","floor":23.0,"turns":3.0},{"damage":4.0,"enemies":"Slavers","floor":24.0,"turns":3.0},{"damage":0.0,"enemies":"Gremlin Leader","floor":25.0,"turns":4.0},{"damage":0.0,"enemies":"Shelled Parasite and Fungi","floor":31.0,"turns":4.0},{"damage":0.0,"enemies":"Champ","floor":33.0,"turns":5.0},{"damage":0.0,"enemies":"3 Shapes","floor":35.0,"turns":1.0},{"damage":4.0,"enemies":"Giant Head","floor":40.0,"turns":5.0},{"damage":0.0,"enemies":"Reptomancer","floor":42.0,"turns":5.0},{"damage":19.0,"enemies":"3 Darklings","floor":45.0,"turns":3.0},{"damage":7.0,"enemies":"2 Orb Walkers","floor":48.0,"turns":3.0},{"damage":10,"enemies":"Time Eater","floor":50,"turns":5},{"damage":0,"enemies":"Shield and Spear","floor":54,"turns":2},{"damage":26,"enemies":"The Heart","floor":55,"turns":5}],"seed_played":"-1403452495391726388","potions_obtained":[{"floor":5.0,"key":"GamblersBrew"},{"floor":6.0,"key":"Regen Potion"},{"floor":11.0,"key":"Poison Potion"},{"floor":11.0,"key":"Dexterity Potion"},{"floor":11.0,"key":"PowerPotion"},{"floor":25.0,"key":"DeathKnight:BottledBloodEchoes"},{"floor":30.0,"key":"Weak Potion"},{"floor":33.0,"key":"Regen Potion"}],"is_trial":false,"path_per_floor":["M","?","?","$","M","E","R","E","T","E","?","$","M","M","R","B",null,"M","$","T","?","M","E","E","E","T","?","R","T","?","M","R","B",null,"M","$","T","?","?","E","?","E","T","$","M","R","T","?","R","B",null,"R","$","E","B",null],"character_chosen":"THE_SILENT","items_purchased":["Mummified Hand","TwistedFunnel","Mango","Footwork","Slice","Bandage Up","Dodge and Roll","Deadly Poison","HandOfGreed","Toxic Egg 2","Lee\u0027s Waffle","Juzu Bracelet","Footwork","Crippling Poison+1","Backflip+1","ClockworkSouvenir","Backflip+1","Deadly Poison+1","Bane","Energy Potion","Caltrops","PreservedInsect","Chemical X","Malaise+1","Caltrops","Bouncing Flask+1","Frozen Egg 2","Caltrops+1"],"campfire_rested":0,"item_purchase_floors":[0,0,0,0,0,0,0,0,0,0,0,0,0,0,0,0,0,0,0,0,4,12,19,19,19,36,44,44],"current_hp_per_floor":[91,91,88,88,91,88,88,85,85,82,82,82,86,90,90,69,86,90,90,90,90,91,91,91,91,91,64,64,64,64,82,82,86,90,90,90,90,90,90,93,93,95,95,95,81,95,95,90,97,94,96,97,97,99,95],"gold":155,"neow_bonus":"","is_daily":false,"chose_seed":false,"campfire_upgraded":5,"win_rate":0.0,"timestamp":1610158104,"path_taken":["M","?","?","?","M","E","R","E","T","E","?","$","M","M","R","BOSS","M","$","?","?","M","E","E","E","T","?","R","?","?","M","R","BOSS","M","$","?","?","?","E","?","E","T","$","M","R","?","?","R","BOSS","R","$","E","BOSS"],"items_purchased_type":["Relic","Relic","Relic","Card","Card","Card","Card","Card","Card","Relic","Relic","Relic","Card","Card","Card","Relic","Card","Card","Card","Potion","Card","Relic","Relic","Card","Card","Card","Relic","Card"],"build_version":"2020-12-22","purchased_purges":13,"victory":true,"max_hp_per_floor":[91,91,91,91,91,91,91,91,91,91,91,91,91,91,91,91,91,91,91,91,91,91,91,91,91,91,91,91,91,91,91,91,91,91,91,91,91,91,91,93,93,95,95,95,95,95,95,97,97,97,97,97,97,99,99],"card_choices":[{"not_picked":["Expertise+1","Bane"],"picked":"Setup+1","floor":1.0},{"not_picked":["Outmaneuver+1","Dash"],"picked":"Well Laid Plans","floor":5.0},{"not_picked":["Tactician+1","Setup+1"],"picked":"Escape Plan+1","floor":6.0},{"not_picked":["Acrobatics+1","Underhanded Strike"],"picked":"Outmaneuver+1","floor":8.0},{"not_picked":["Grand Finale","PiercingWail+1","Distraction+1"],"picked":"SKIP","floor":10.0},{"not_picked":["Cloak And Dagger+1","Setup+1","Predator"],"picked":"SKIP","floor":13.0},{"not_picked":["Flying Knee","Slice","PiercingWail+1"],"picked":"SKIP","floor":14.0},{"not_picked":["Grand Finale","Wraith Form v2"],"picked":"Adrenaline+1","floor":16.0},{"not_picked":["Flechettes+1","Outmaneuver+1"],"picked":"Deadly Poison+1","floor":18.0},{"not_picked":["Blade Dance+1","Acrobatics+1","Infinite Blades"],"picked":"SKIP","floor":22.0},{"not_picked":["Leg Sweep+1","Setup+1"],"picked":"Poisoned Stab","floor":23.0},{"not_picked":["Cloak And Dagger+1","Bouncing Flask+1"],"picked":"Deflect+1","floor":24.0},{"not_picked":["Blade Dance+1","PiercingWail+1"],"picked":"Night Terror+1","floor":25.0},{"not_picked":["Noxious Fumes","Sucker Punch+1"],"picked":"Catalyst+1","floor":31.0},{"not_picked":["Venomology+1","Bullet Time+1"],"picked":"Corpse Explosion+1","floor":33.0},{"not_picked":["Blade Dance+1","Dagger Spray+1","Dash"],"picked":"SKIP","floor":35.0},{"not_picked":["Accuracy","Deadly Poison+1","Poisoned Stab+1"],"picked":"Singing Bowl","floor":40.0},{"not_picked":["All Out Attack+1","Predator","Blade Dance+1"],"picked":"Singing Bowl","floor":42.0},{"not_picked":["Outmaneuver+1","Quick Slash"],"picked":"Deflect+1","floor":45.0},{"not_picked":["Flying Knee+1","Prepared+1","PiercingWail+1"],"picked":"Singing Bowl","floor":48.0},{"not_picked":["Predator","Blade Dance+1","Tactician+1"],"picked":"Singing Bowl","floor":54}],"player_experience":1175027,"relics_obtained":[{"floor":6.0,"key":"War Paint"},{"floor":8.0,"key":"Mercury Hourglass"},{"floor":9.0,"key":"WingedGreaves"},{"floor":10.0,"key":"HornCleat"},{"floor":23.0,"key":"Smiling Mask"},{"floor":24.0,"key":"Calipers"},{"floor":25.0,"key":"Toy Ornithopter"},{"floor":26.0,"key":"Tiny Chest"},{"floor":29.0,"key":"Letter Opener"},{"floor":37.0,"key":"Singing Bowl"},{"floor":40.0,"key":"Pen Nib"},{"floor":42.0,"key":"Du-Vu Doll"},{"floor":43.0,"key":"Eternal Feather"},{"floor":47.0,"key":"Tough Bandages"},{"floor":48.0,"key":"Ribbon"},{"floor":54,"key":"Ginger"}],"event_choices":[{"damage_healed":0.0,"max_hp_gain":0.0,"max_hp_loss":0.0,"gold_gain":73.0,"event_name":"Golden Wing","player_choice":"Gained Gold","floor":2.0,"gold_loss":0.0,"damage_taken":0.0},{"damage_healed":0.0,"max_hp_gain":0.0,"max_hp_loss":0.0,"gold_gain":0.0,"event_name":"Scrap Ooze","player_choice":"Success","floor":3.0,"gold_loss":0.0,"damage_taken":3.0,"relics_obtained":["Peace Pipe"]},{"damage_healed":0.0,"max_hp_gain":0.0,"max_hp_loss":0.0,"gold_gain":0.0,"event_name":"Lab","player_choice":"Got Potions","floor":11.0,"gold_loss":0.0,"damage_taken":0.0},{"damage_healed":0.0,"max_hp_gain":0.0,"max_hp_loss":0.0,"gold_gain":0.0,"event_name":"Secret Garden","player_choice":"Choice 2","floor":21.0,"gold_loss":0.0,"damage_taken":0.0,"relics_obtained":["alterego_mod:SomeoneToFightFor"]},{"damage_healed":0.0,"max_hp_gain":0.0,"max_hp_loss":0.0,"gold_gain":0.0,"event_name":"The Woman in Blue","player_choice":"Bought 1 Potion","floor":30.0,"gold_loss":0.0,"damage_taken":0.0},{"damage_healed":0.0,"max_hp_gain":0.0,"max_hp_loss":0.0,"gold_gain":0.0,"event_name":"Purifier","player_choice":"Ignored","floor":38.0,"gold_loss":0.0,"damage_taken":0.0},{"damage_healed":0.0,"max_hp_gain":0.0,"max_hp_loss":0.0,"gold_gain":0.0,"event_name":"Designer","player_choice":"Upgrade","floor":39.0,"gold_loss":40.0,"damage_taken":0.0,"cards_upgraded":["Bandage Up"]},{"damage_healed":0.0,"max_hp_gain":0.0,"max_hp_loss":0.0,"gold_gain":0.0,"event_name":"Tomb of Lord Red Mask","player_choice":"Ignored","floor":41.0,"gold_loss":0.0,"damage_taken":0.0},{"damage_healed":0.0,"max_hp_gain":0.0,"max_hp_loss":0.0,"gold_gain":0.0,"event_name":"Mysterious Sphere","player_choice":"Fight","floor":48.0,"gold_loss":0.0,"damage_taken":0.0}],"is_beta":false,"boss_relics":[{"not_picked":["Runic Pyramid","SacredBark"],"picked":"Golden_Hairpin"},{"not_picked":["Calling Bell","theSenshi:MoonKaleidoScopeRelic"],"picked":"SlaversCollar"}],"items_purged_floors":[0,0,0,0,0,0,0,0,19,36,36,36,53],"is_endless":false,"potions_floor_spawned":[5,6,13,22,25,33,45],"ascension_level":8}}