{"host":"s794kqxf2n1qz2yr","time":1610176977,"event":{"mods":["100% Spire Juice","2.2 Compatiblity","AchievementEnabler","Aspiration","BaseMod","ChefMod","Downfall","Friendly Minions","Hermit","HololiveMod","Melee Mod","Minty Spire (QoL Compilation)","Permanent Neow","StSLib","The Alterego","The Animator","The Disciple","The Marked"],"gold_per_floor":[112,125,55,55,66,66,66,66,115,115,125,136,150,165,165,269,269,289,289,306,306,51,51,66,84,84,84,84,84],"floor_reached":27,"playtime":1844,"items_purged":[],"score":207,"play_id":"d3ce0993-a734-40bc-99e8-f430a5e37259","local_time":"20210109072257","daily_mods":["SealedDeck"],"is_ascension_mode":false,"campfire_choices":[{"data":"champ:IronFortress","floor":6,"key":"SMITH"},{"data":"champ:ShieldWall","floor":8,"key":"SMITH"},{"data":"champ:ShieldWall","floor":10,"key":"SMITH"},{"data":"champ:Backstep","floor":15,"key":"SMITH"},{"data":"champ:ShieldWall","floor":23,"key":"SMITH"}],"circlet_count":0,"master_deck":["champ:FlashCut","champ:Backstep+1","champ:AdrenalArmor","champ:PreciseThrust","champ:Circumvent","champ:GladiatorStyle","champ:GladiatorStyle","champ:ShieldWall+1","champ:ShieldWall+1","champ:ShieldWall+1","champ:Balance","champ:IronFortress+1","champ:GladiatorStyle","champ:FalseCounter","champ:BringItOn+1"],"relics":["champ:ChampionCrown","Ancient Tea Set","Sozu","aspiration:RitualStick","Shuriken","The Courier"],"acts_visited":["Exordium","TheCity"],"potions_floor_usage":[12,12,12,24],"damage_taken":[{"damage":6,"enemies":"Jaw Worm","floor":1,"turns":5},{"damage":2,"enemies":"Cultist","floor":2,"turns":4},{"damage":2,"enemies":"Small Slimes","floor":5,"turns":4},{"damage":5,"enemies":"Red Slaver","floor":11,"turns":4},{"damage":24,"enemies":"Exordium Thugs","floor":12,"turns":6},{"damage":5,"enemies":"Blue Slaver","floor":13,"turns":5},{"damage":14,"enemies":"3 Louse","floor":14,"turns":4},{"damage":5,"enemies":"Hexaghost","floor":16,"turns":8},{"damage":2,"enemies":"3 Byrds","floor":18,"turns":4},{"damage":12,"enemies":"2 Thieves","floor":20,"turns":4},{"damage":28,"enemies":"Shelled Parasite and Fungi","floor":24,"turns":5},{"damage":10,"enemies":"Cultist and Chosen","floor":25,"turns":6},{"damage":24,"enemies":"Colosseum Slavers","floor":27,"turns":5},{"damage":35,"enemies":"Colosseum Nobs","floor":27,"turns":5}],"seed_played":"6699520452262073971","potions_obtained":[{"floor":1,"key":"Regen Potion"},{"floor":2,"key":"PowerPotion"},{"floor":11,"key":"Regen Potion"},{"floor":12,"key":"Strength Potion"},{"floor":16,"key":"Explosive Potion"}],"is_trial":true,"path_per_floor":["M","M","$","?","M","R","?","R","T","R","M","M","M","M","R","B",null,"M","?","M","?","$","R","M","M","T","?"],"character_chosen":"THE_CHAMP","items_purchased":["champ:IronFortress","Shuriken"],"campfire_rested":0,"item_purchase_floors":[3,22],"current_hp_per_floor":[88,88,88,53,53,53,53,53,53,53,52,68,67,55,55,52,90,88,70,60,69,69,69,45,42,42,0,0,0],"gold":84,"neow_bonus":"","is_daily":false,"chose_seed":false,"campfire_upgraded":5,"win_rate":0.0,"timestamp":1610176977,"path_taken":["M","M","$","?","?","R","?","R","T","R","M","M","?","M","R","BOSS","M","?","M","?","$","R","M","M","T","?"],"items_purchased_type":["Card","Relic"],"build_version":"2020-12-22","purchased_purges":0,"victory":false,"max_hp_per_floor":[90,90,90,90,90,90,90,90,90,90,90,90,90,90,90,90,90,90,90,90,90,90,90,90,90,90,90,90,90],"card_choices":[{"not_picked":["champ:Haymaker","champ:RisingSlash","champ:GutPunch"],"picked":"SKIP","floor":1},{"not_picked":["champ:FanOfKnives","champ:GutPunch"],"picked":"champ:Balance","floor":2},{"not_picked":["champ:BerserkerStyle","champ:Lariat"],"picked":"champ:GladiatorStyle","floor":5},{"not_picked":["champ:Backstep","champ:Circumvent"],"picked":"champ:FalseCounter","floor":11},{"not_picked":["champ:PerfectedStrike","champ:FanOfKnives","champ:TornadoPunch"],"picked":"SKIP","floor":12},{"not_picked":["champ:GladiatorsShout","champ:GutPunch","champ:CrookedStrike"],"picked":"SKIP","floor":13},{"not_picked":["champ:PerfectedStrike","champ:RecklessLeap","champ:TornadoPunch"],"picked":"SKIP","floor":14},{"not_picked":["champ:FaceSlap","champ:GladiatorsShout","champ:FlashCut"],"picked":"SKIP","floor":18},{"not_picked":["champ:FightOn","champ:AdrenalArmor","champ:Backstep"],"picked":"SKIP","floor":20},{"not_picked":["champ:BerserkerStyle","champ:RisingSlash"],"picked":"champ:BringItOn+1","floor":24},{"not_picked":["champ:Duel","champ:FalseCounter","champ:RecklessLeap"],"picked":"SKIP","floor":25}],"player_experience":370704,"relics_obtained":[{"floor":9,"key":"Ancient Tea Set"},{"floor":26,"key":"The Courier"}],"event_choices":[{"damage_healed":0,"gold_gain":0,"player_choice":"Ignored","damage_taken":0,"max_hp_gain":0,"max_hp_loss":0,"event_name":"Transmorgrifier","floor":7,"gold_loss":0},{"damage_healed":0,"gold_gain":0,"player_choice":"Fight","damage_taken":0,"max_hp_gain":0,"max_hp_loss":0,"event_name":"Colosseum","floor":27,"gold_loss":0},{"damage_healed":0,"gold_gain":0,"player_choice":"Fought Nobs","damage_taken":0,"max_hp_gain":0,"max_hp_loss":0,"event_name":"Colosseum","floor":27,"gold_loss":0}],"is_beta":false,"boss_relics":[{"not_picked":["Philosopher\u0027s Stone","Runic Dome"],"picked":"Sozu"}],"items_purged_floors":[],"is_endless":false,"potions_floor_spawned":[1,2,11,12,16,20,27],"killed_by":"Colosseum Nobs","ascension_level":0}}