{"host":"w7o06k3e8uel8euj","time":1610203149,"event":{"mods":["AchievementEnabler","BaseMod","Colored Powertips","Custom Start","DeckTracker","Keyboard Shortcuts","Minty Spire (QoL Compilation)","Quick Restart","Relic Stats","StSLib","SuperFastMode","everything is the same but u backflip on backflip"],"gold_per_floor":[109,127,127,77,95,95,95,95],"floor_reached":7,"playtime":103,"items_purged":["Strike_G"],"score":68,"play_id":"32481c46-3bc6-45cc-850a-96bc8019b35d","local_time":"20210109233909","is_ascension_mode":true,"campfire_choices":[{"data":"Prepared","floor":6,"key":"SMITH"}],"circlet_count":0,"master_deck":["AscendersBane","Strike_G","Strike_G","Strike_G","Defend_G","Defend_G","Defend_G","Defend_G","Defend_G","Survivor","Neutralize","Cloak And Dagger","Masterful Stab","Acrobatics","Prepared+1"],"relics":["Ring of the Snake","NeowsBlessing","Membership Card"],"acts_visited":["Exordium"],"potions_floor_usage":[],"damage_taken":[{"damage":0,"enemies":"Cultist","floor":1,"turns":1},{"damage":0,"enemies":"Small Slimes","floor":2,"turns":1},{"damage":0,"enemies":"Jaw Worm","floor":5,"turns":1},{"damage":24,"enemies":"3 Sentries","floor":7,"turns":7}],"seed_played":"-8137470314960294634","potions_obtained":[{"floor":1,"key":"Strength Potion"}],"is_trial":false,"path_per_floor":["M","M","?","$","M","R","E"],"character_chosen":"THE_SILENT","items_purchased":["Membership Card","Acrobatics"],"campfire_rested":0,"item_purchase_floors":[4,4],"current_hp_per_floor":[63,63,56,56,56,56,32,32],"gold":95,"neow_bonus":"THREE_ENEMY_KILL","is_daily":false,"chose_seed":false,"campfire_upgraded":1,"win_rate":0.0,"timestamp":1610203149,"path_taken":["M","?","?","$","M","R","E"],"items_purchased_type":["Relic","Card"],"build_version":"2020-12-22","purchased_purges":1,"victory":false,"max_hp_per_floor":[70,70,70,70,70,70,70,70],"relic_stats":{"counters":[4,10],"obtain_stats":[{"NeowsBlessing":0,"Membership Card":4,"Ring of the Snake":0},{"NeowsBlessing":0,"Membership Card":2,"Ring of the Snake":0},{"NeowsBlessing":0,"Membership Card":2,"Ring of the Snake":0}],"Ring of the Snake":[8]},"card_choices":[{"not_picked":["Dagger Throw","Quick Slash"],"picked":"Cloak And Dagger","floor":1},{"not_picked":["Well Laid Plans","Riddle With Holes"],"picked":"Masterful Stab","floor":2},{"not_picked":["Quick Slash","Outmaneuver"],"picked":"Prepared","floor":5}],"player_experience":582199,"relics_obtained":[],"event_choices":[{"cards_removed":["Strike_G"],"damage_healed":0,"gold_gain":0,"player_choice":"Card Removal","damage_taken":7,"max_hp_gain":0,"max_hp_loss":0,"event_name":"Golden Wing","floor":3,"gold_loss":0}],"is_beta":false,"boss_relics":[],"items_purged_floors":[4],"is_endless":false,"potions_floor_spawned":[1],"killed_by":"3 Sentries","ascension_level":13}}