{"host":"3jjxuhjpio8e4zkv","time":1610157863,"event":{"mods":["BaseMod","Colored Map","Highlight Path","Minty Spire (QoL Compilation)","Permanent Neow","Relic Stats","StSLib"],"gold_per_floor":[114,133,146,163,183,183,208,218,218,248,273,273,273,262,262,361,361,383,31,31,31],"floor_reached":20,"playtime":905,"items_purged":["Strike_G"],"score":576,"play_id":"a0a6d925-f669-49f8-8444-dab8d1d23dc0","local_time":"20210108210423","daily_mods":["Terminal"],"is_ascension_mode":true,"campfire_choices":[{"data":"Footwork","floor":6.0,"key":"SMITH"},{"data":"Caltrops","floor":12.0,"key":"SMITH"},{"data":"Deadly Poison","floor":15.0,"key":"SMITH"}],"circlet_count":0,"master_deck":["AscendersBane","Strike_G","Strike_G","Strike_G","Strike_G","Defend_G+1","Defend_G","Defend_G","Defend_G+1","Defend_G","Survivor","Neutralize","Footwork+1","Dash","Quick Slash","Poisoned Stab","Dagger Spray","Deadly Poison+1","Blur","Caltrops+1","Acrobatics","Bullet Time","Backflip"],"relics":["Ring of the Snake","War Paint","CeramicFish","Ninja Scroll","Golden Idol","Runic Dome","HornCleat"],"acts_visited":["Exordium","TheCity"],"potions_floor_usage":[20],"damage_taken":[{"damage":0.0,"enemies":"Small Slimes","floor":1.0,"turns":4.0},{"damage":0.0,"enemies":"Jaw Worm","floor":2.0,"turns":5.0},{"damage":0.0,"enemies":"Cultist","floor":3.0,"turns":4.0},{"damage":0.0,"enemies":"2 Fungi Beasts","floor":4.0,"turns":5.0},{"damage":0.0,"enemies":"3 Louse","floor":5.0,"turns":4.0},{"damage":0.0,"enemies":"Lagavulin","floor":7.0,"turns":8.0},{"damage":0.0,"enemies":"Blue Slaver","floor":8.0,"turns":4.0},{"damage":0.0,"enemies":"3 Sentries","floor":10.0,"turns":8.0},{"damage":0.0,"enemies":"Looter","floor":11.0,"turns":2.0},{"damage":0.0,"enemies":"Exordium Thugs","floor":14.0,"turns":4.0},{"damage":0.0,"enemies":"Hexaghost","floor":16.0,"turns":9.0},{"damage":0.0,"enemies":"3 Byrds","floor":18.0,"turns":2.0},{"damage":2,"enemies":"Spheric Guardian","floor":20,"turns":3}],"seed_played":"3815877213659283321","potions_obtained":[{"floor":1.0,"key":"PowerPotion"},{"floor":2.0,"key":"SteroidPotion"},{"floor":8.0,"key":"Strength Potion"},{"floor":14.0,"key":"Weak Potion"},{"floor":16.0,"key":"Strength Potion"},{"floor":18.0,"key":"FearPotion"}],"is_trial":true,"path_per_floor":["M","M","M","M","M","R","E","M","T","E","M","R","?","M","R","B",null,"M","$","M"],"character_chosen":"THE_SILENT","items_purchased":["HornCleat"],"campfire_rested":0,"item_purchase_floors":[19],"current_hp_per_floor":[1,1,1,1,1,1,1,1,1,1,1,1,1,1,1,1,1,1,1,0,0],"gold":31,"neow_bonus":"","is_daily":false,"chose_seed":false,"campfire_upgraded":3,"win_rate":0.0,"timestamp":1610157863,"path_taken":["M","M","M","M","M","R","E","M","T","E","M","R","?","M","R","BOSS","M","$","M"],"items_purchased_type":["Relic"],"build_version":"2020-12-22","purchased_purges":1,"victory":false,"max_hp_per_floor":[1,1,1,1,1,1,1,1,1,1,1,1,1,1,1,1,1,1,1,1,1],"relic_stats":{"counters":[13,62],"Golden Idol":25,"CeramicFish":36,"War Paint":["Defend_G","Defend_G"],"obtain_stats":[{"Runic Dome":17,"HornCleat":19,"Ninja Scroll":10,"Golden Idol":13,"CeramicFish":9,"War Paint":7,"Ring of the Snake":0},{"Runic Dome":11,"HornCleat":12,"Ninja Scroll":8,"Golden Idol":9,"CeramicFish":7,"War Paint":6,"Ring of the Snake":0},{"Runic Dome":57,"HornCleat":59,"Ninja Scroll":42,"Golden Idol":44,"CeramicFish":34,"War Paint":30,"Ring of the Snake":0}],"Ring of the Snake":[26]},"card_choices":[{"not_picked":["Reflex","Dash"],"picked":"Footwork","floor":1.0},{"not_picked":["Backflip","Prepared"],"picked":"Dash","floor":2.0},{"not_picked":["Flying Knee","Reflex"],"picked":"Quick Slash","floor":3.0},{"not_picked":["Skewer","Backflip"],"picked":"Poisoned Stab","floor":4.0},{"not_picked":["Sucker Punch","Poisoned Stab"],"picked":"Dagger Spray","floor":5.0},{"not_picked":["Flying Knee","Flechettes"],"picked":"Deadly Poison","floor":7.0},{"not_picked":["Infinite Blades","Acrobatics"],"picked":"Blur","floor":8.0},{"not_picked":["Dagger Throw","Blade Dance","Outmaneuver"],"picked":"SKIP","floor":10.0},{"not_picked":["Deflect","Backstab"],"picked":"Caltrops","floor":11.0},{"not_picked":["Choke","Storm of Steel"],"picked":"Acrobatics","floor":14.0},{"not_picked":["Phantasmal Killer","Malaise"],"picked":"Bullet Time","floor":16.0},{"not_picked":["Poisoned Stab","Quick Slash"],"picked":"Backflip","floor":18.0}],"player_experience":1200019,"relics_obtained":[{"floor":7.0,"key":"War Paint"},{"floor":9.0,"key":"CeramicFish"},{"floor":10.0,"key":"Ninja Scroll"}],"event_choices":[{"damage_healed":0.0,"max_hp_gain":0.0,"max_hp_loss":0.0,"gold_gain":0.0,"event_name":"Golden Idol","player_choice":"Take Damage","floor":13.0,"gold_loss":0.0,"damage_taken":0.0,"relics_obtained":["Golden Idol"]}],"is_beta":false,"boss_relics":[{"not_picked":["HoveringKite","Cursed Key"],"picked":"Runic Dome"}],"items_purged_floors":[19],"is_endless":false,"potions_floor_spawned":[1,2,8,14,16,18],"killed_by":"Spheric Guardian","ascension_level":20}}