{"host":"pqs17sqrgflf4eqa","time":1610228974,"event":{"mods":["AchievementEnabler","BaseMod","Bestiary","Better Altar","Colored Map","Colored Powertips","Emptier Cage","Googly Eyes","Highlight Path","Minty Spire (QoL Compilation)","Quick Restart","StSLib","SuperFastMode","Transform Curses","slay the spire mod where everything is the same but ironclad has a cowboy hat"],"gold_per_floor":[117,134,147,163,163,174,174,204,204,204,235,235,266,276,276,372,372,390,407,407,32,32,68,88,117,141,141,175,197,197,223,223,223,223],"floor_reached":33,"playtime":722,"items_purged":["Pain"],"score":371,"play_id":"9f7364e5-b176-490f-adb5-9dd060af47bb","local_time":"20210109164934","is_ascension_mode":true,"campfire_choices":[{"data":"Zap","floor":7.0,"key":"SMITH"},{"data":"Dualcast","floor":10.0,"key":"SMITH"},{"floor":12.0,"key":"REST"},{"floor":15.0,"key":"REST"},{"floor":27,"key":"REST"},{"floor":32,"key":"REST"}],"circlet_count":0,"master_deck":["Strike_B+1","Strike_B+1","Strike_B+1","Strike_B+1","Defend_B+1","Defend_B+1","Defend_B+1","Defend_B+1","Zap+1","Dualcast+1","Beam Cell","Gash","Lockon","Go for the Eyes","Hologram","Loop","Biased Cognition","Rebound","Sweeping Beam","Electrodynamics","Genetic Algorithm","Hologram+1","Turbo","Steam+1","BootSequence+1","Doom and Gloom+1","Reboot","Leap","Compile Driver+1"],"relics":["Cracked Core","NeowsBlessing","WarpedTongs","StoneCalendar","Pear","Matryoshka","Bottled Lightning","Philosopher\u0027s Stone","Ginger","Molten Egg 2","Symbiotic Virus","CeramicFish","Kunai","Regal Pillow","Letter Opener"],"acts_visited":["Exordium","TheCity"],"potions_floor_usage":[25,28,33],"damage_taken":[{"damage":0.0,"enemies":"Jaw Worm","floor":1.0,"turns":1.0},{"damage":0.0,"enemies":"Cultist","floor":2.0,"turns":1.0},{"damage":0.0,"enemies":"Small Slimes","floor":3.0,"turns":1.0},{"damage":25.0,"enemies":"Exordium Thugs","floor":4.0,"turns":4.0},{"damage":4.0,"enemies":"Exordium Wildlife","floor":6.0,"turns":3.0},{"damage":20.0,"enemies":"Lagavulin","floor":8.0,"turns":5.0},{"damage":26.0,"enemies":"3 Sentries","floor":11.0,"turns":6.0},{"damage":11.0,"enemies":"Lagavulin","floor":13.0,"turns":5.0},{"damage":6.0,"enemies":"Blue Slaver","floor":14.0,"turns":2.0},{"damage":16.0,"enemies":"The Guardian","floor":16.0,"turns":8.0},{"damage":13.0,"enemies":"Shell Parasite","floor":18.0,"turns":4.0},{"damage":12.0,"enemies":"2 Thieves","floor":19.0,"turns":2.0},{"damage":25.0,"enemies":"Book of Stabbing","floor":23.0,"turns":4.0},{"damage":22,"enemies":"Shelled Parasite and Fungi","floor":24,"turns":4},{"damage":8,"enemies":"Snecko","floor":25,"turns":4},{"damage":24,"enemies":"Slavers","floor":28,"turns":3},{"damage":15,"enemies":"Centurion and Healer","floor":29,"turns":5},{"damage":3,"enemies":"Shelled Parasite and Fungi","floor":31,"turns":3},{"damage":58,"enemies":"Automaton","floor":33,"turns":6}],"seed_played":"-3800821823782515167","potions_obtained":[{"floor":2.0,"key":"PotionOfCapacity"},{"floor":3.0,"key":"LiquidBronze"},{"floor":11.0,"key":"Block Potion"},{"floor":13.0,"key":"FocusPotion"},{"floor":14.0,"key":"Block Potion"},{"floor":23.0,"key":"Explosive Potion"},{"floor":24,"key":"SpeedPotion"},{"floor":31,"key":"PotionOfCapacity"}],"is_trial":false,"path_per_floor":["M","M","M","M","?","M","R","E","T","R","E","R","E","M","R","B",null,"M","M","?","$","T","E","M","M","T","R","E","M","?","M","R","B"],"character_chosen":"DEFECT","items_purchased":["Ginger"],"campfire_rested":4,"item_purchase_floors":[21],"current_hp_per_floor":[75,75,75,50,50,46,46,26,36,36,10,35,24,18,43,27,85,72,60,60,60,60,35,13,5,5,45,21,6,6,3,43,0,0],"gold":223,"neow_bonus":"THREE_ENEMY_KILL","is_daily":false,"chose_seed":false,"campfire_upgraded":2,"win_rate":0.0,"timestamp":1610228974,"path_taken":["M","M","M","M","?","M","R","E","T","R","E","R","E","M","R","BOSS","M","?","?","$","?","E","M","?","T","R","E","M","?","M","R","BOSS"],"items_purchased_type":["Relic"],"build_version":"2020-12-22","purchased_purges":1,"victory":false,"max_hp_per_floor":[75,75,75,75,75,75,75,75,85,85,85,85,85,85,85,85,85,85,85,85,85,85,85,85,85,85,85,85,85,85,85,85,85,85],"card_choices":[{"not_picked":["Barrage","Static Discharge"],"picked":"Beam Cell","floor":1.0},{"not_picked":["Doom and Gloom","Coolheaded"],"picked":"Gash","floor":2.0},{"not_picked":["Scrape","Heatsinks"],"picked":"Lockon","floor":3.0},{"not_picked":["Steam","Turbo"],"picked":"Go for the Eyes","floor":4.0},{"not_picked":["Consume","Thunder Strike"],"picked":"Hologram","floor":6.0},{"not_picked":["Hologram","Darkness"],"picked":"Loop","floor":8.0},{"not_picked":["Force Field","Hologram"],"picked":"Biased Cognition","floor":11.0},{"not_picked":["Go for the Eyes","Consume"],"picked":"Rebound","floor":13.0},{"not_picked":["Reprogram","Hologram"],"picked":"Sweeping Beam","floor":14.0},{"not_picked":["Rainbow","Seek"],"picked":"Electrodynamics","floor":16.0},{"not_picked":["Turbo","Redo"],"picked":"Genetic Algorithm","floor":18.0},{"not_picked":["Streamline","Compile Driver"],"picked":"Hologram+1","floor":19.0},{"not_picked":["Ball Lightning+1","Coolheaded"],"picked":"Steam+1","floor":23.0},{"not_picked":["Doom and Gloom+1","Rebound+1"],"picked":"BootSequence+1","floor":24},{"not_picked":["Consume+1","Ball Lightning+1"],"picked":"Doom and Gloom+1","floor":25},{"not_picked":["Doom and Gloom+1","Steam Power"],"picked":"Reboot","floor":28},{"not_picked":["Stack","Sweeping Beam+1"],"picked":"Leap","floor":29},{"not_picked":["Conserve Battery","Heatsinks+1"],"picked":"Compile Driver+1","floor":31}],"player_experience":145530,"relics_obtained":[{"floor":8.0,"key":"StoneCalendar"},{"floor":9.0,"key":"Pear"},{"floor":11.0,"key":"Matryoshka"},{"floor":13.0,"key":"Bottled Lightning"},{"floor":22.0,"key":"Molten Egg 2"},{"floor":22.0,"key":"Symbiotic Virus"},{"floor":23.0,"key":"CeramicFish"},{"floor":26,"key":"Kunai"},{"floor":26,"key":"Regal Pillow"},{"floor":28,"key":"Letter Opener"}],"event_choices":[{"damage_healed":0.0,"max_hp_gain":0.0,"max_hp_loss":0.0,"gold_gain":0.0,"event_name":"Accursed Blacksmith","player_choice":"Rummage","floor":5.0,"gold_loss":0.0,"damage_taken":0.0,"relics_obtained":["WarpedTongs"],"cards_obtained":["Pain"]},{"damage_healed":0.0,"max_hp_gain":0.0,"max_hp_loss":0.0,"gold_gain":0.0,"event_name":"Match and Keep!","player_choice":"1 cards matched","floor":20.0,"gold_loss":0.0,"damage_taken":0.0,"cards_obtained":["Turbo"]},{"damage_healed":0,"gold_gain":0,"player_choice":"Simplicity","damage_taken":0,"max_hp_gain":0,"max_hp_loss":0,"event_name":"Back to Basics","floor":30,"gold_loss":0,"cards_upgraded":["Strike_B","Strike_B","Strike_B","Strike_B","Defend_B","Defend_B","Defend_B","Defend_B"]}],"is_beta":false,"boss_relics":[{"not_picked":["Runic Pyramid","Velvet Choker"],"picked":"Philosopher\u0027s Stone"}],"items_purged_floors":[21],"is_endless":false,"potions_floor_spawned":[2,3,11,13,14,23,24,31],"killed_by":"Automaton","ascension_level":4}}