{"host":"stofebsc3rdp6a1j","time":1610204011,"event":{"mods":["BaseMod","Colored Map","Grow up Mod","Minty Spire (QoL Compilation)","Quick Restart","Relic Stats","Remove Card Discount Mod","Replay The Spire","StSLib"],"gold_per_floor":[114,78,93,93,93,131,131,150,200,238,266,291,72,110,110,235,235,254,273,292,292,292,330,349,45,95,133,152,152,152,171,171,296,296,315,334,397,95,114,114,133,133,133,133,152,2,2,102,102,102],"floor_reached":51,"playtime":3282,"items_purged":["Bullet Time","ReplayTheSpireMod:Necrosis","Die Die Die","ReplayTheSpireMod:From All Sides","Adrenaline","Envenom","Doppelganger+1","Burst","Wraith Form v2","Tools of the Trade","Poison Darts","Venomology","Replay:Bag of Tricks","Malaise","Night Terror","Unload","Storm of Steel","Glass Knife","ReplayTheSpireMod:Splinters","ReplayTheSpireMod:Splinters","Injury","Atom Bomb","Grand Finale","Indignation","FlurryOfBlows","Envenom","A Thousand Cuts","Replay:BluntJabs"],"score":828,"play_id":"8a7a02a4-dbb3-4e18-ba5a-5587800817af","local_time":"20210109225331","daily_mods":["Shiny","Green Cards","Terminal"],"is_ascension_mode":false,"campfire_choices":[{"data":"DevaForm","floor":7.0,"key":"SMITH"},{"data":"Devotion","floor":15.0,"key":"SMITH"},{"data":"LessonLearned","floor":30,"key":"SMITH"},{"data":"Vault","floor":32,"key":"SMITH"},{"data":"DeusExMachina","floor":40,"key":"SMITH"},{"data":"Establishment","floor":42,"key":"SMITH"},{"data":"SpiritShield","floor":47,"key":"SMITH"},{"data":"Ragnarok","floor":49,"key":"SMITH"}],"circlet_count":0,"master_deck":["Corpse Explosion","After Image","Phantasmal Killer","Brilliance+1","Devotion+1","Replay:AllIn","LessonLearned+1","Vault+1","Alpha","Establishment+1","Replay:LoomingThreat","DeusExMachina+1","Judgement","ConjureBlade+1","MasterReality+1","Blasphemy+1","Ragnarok+1","Scrawl+1","Wish+1","Omniscience+1","SpiritShield+1","DevaForm+1","InnerPeace","Footwork+1","Replay:ManipulateFuture+1","Ghostly","Ghostly","Ghostly","Ghostly","Ghostly","SandsOfTime+1","Ragnarok+1","Replay:DivineShield+1","Noxious Fumes+1"],"relics":["PureWater","Golden Idol","Lizard Tail","Pet Ghost","Bottled Lightning","Omamori","Tiny Chest","Orichalcum","Ring of Chaos","CloakClasp","Ice Cream","Turnip","Replay:Mystery Machine","Golden Egg","Replay:Kaleidoscope","Philosopher\u0027s Stone","Calipers","Guide Book","Juzu Bracelet","Peace Pipe","ClockworkSouvenir"],"acts_visited":["Exordium","TheCity","TheBeyond"],"potions_floor_usage":[33],"damage_taken":[{"damage":0.0,"enemies":"Small Slimes","floor":1.0,"turns":1.0},{"damage":1.0,"enemies":"2 Louse","floor":3.0,"turns":2.0},{"damage":46.0,"enemies":"3 Sentries","floor":6.0,"turns":6.0},{"damage":4.0,"enemies":"Jaw Worm","floor":8.0,"turns":2.0},{"damage":9.0,"enemies":"Replay:BlueRogue","floor":10.0,"turns":7.0},{"damage":24.0,"enemies":"3 Sentries","floor":14.0,"turns":6.0},{"damage":21.0,"enemies":"The Guardian","floor":16.0,"turns":8.0},{"damage":13.0,"enemies":"Spheric Guardian","floor":18.0,"turns":5.0},{"damage":18.0,"enemies":"3 Byrds","floor":19.0,"turns":5.0},{"damage":3.0,"enemies":"Centurion and Healer","floor":20.0,"turns":5.0},{"damage":0.0,"enemies":"Book of Stabbing","floor":23.0,"turns":6.0},{"damage":0.0,"enemies":"Sentry and Sphere","floor":24.0,"turns":3.0},{"damage":47.0,"enemies":"Slavers","floor":27.0,"turns":6.0},{"damage":0,"enemies":"Shelled Parasite and Fungi","floor":28,"turns":5},{"damage":0,"enemies":"3 Cultists","floor":31,"turns":7},{"damage":12,"enemies":"Champ","floor":33,"turns":9},{"damage":7,"enemies":"Orb Walker","floor":35,"turns":5},{"damage":14,"enemies":"3 Darklings","floor":36,"turns":6},{"damage":56,"enemies":"2 Orb Walkers","floor":37,"turns":5},{"damage":18,"enemies":"Spire Growth","floor":39,"turns":6},{"damage":0,"enemies":"Transient","floor":41,"turns":6},{"damage":0,"enemies":"4 Shapes","floor":45,"turns":5},{"damage":17,"enemies":"Time Eater","floor":50,"turns":9}],"seed_played":"579003938715623652","potions_obtained":[{"floor":11.0,"key":"SkillPotion"},{"floor":11.0,"key":"AttackPotion"},{"floor":11.0,"key":"FearPotion"},{"floor":16.0,"key":"Swift Potion"},{"floor":18.0,"key":"BlessingOfTheForge"},{"floor":23.0,"key":"Languid Potion"},{"floor":24.0,"key":"SpeedPotion"},{"floor":35,"key":"Elixir"}],"is_trial":false,"path_per_floor":["M","$","M","?","?","E","R","M","T","E","?","T","$","E","R","B",null,"M","M","M","?","T","E","M","$","T","E","M","T","R","M","R","B",null,"M","M","?","$","M","R","M","R","T","?","M","$","R","?","R","B",null],"character_chosen":"WATCHER","items_purchased":["Tiny Chest","Footwork+1","Turnip","Guide Book","Juzu Bracelet","ClockworkSouvenir"],"campfire_rested":0,"item_purchase_floors":[13,13,25,38,38,46],"current_hp_per_floor":[90,99,108,117,126,90,100,106,116,117,127,137,147,133,143,132,234,231,223,230,139,148,157,166,175,184,147,157,167,177,187,197,195,256,259,255,209,219,211,221,231,241,251,261,271,281,291,301,311,304],"gold":102,"neow_bonus":"","is_daily":true,"chose_seed":false,"campfire_upgraded":8,"win_rate":0.0,"timestamp":1610204011,"path_taken":["M","$","M","?","?","E","R","M","T","E","?","?","$","E","R","BOSS","M","?","M","?","?","E","M","$","T","E","M","?","R","M","R","BOSS","M","M","?","$","M","R","M","R","T","?","M","$","R","?","R","BOSS"],"items_purchased_type":["Relic","Card","Relic","Relic","Relic","Relic"],"build_version":"2020-12-22","purchased_purges":28,"victory":true,"max_hp_per_floor":[90,99,108,117,126,135,144,153,162,171,180,189,198,207,216,225,234,243,252,261,139,148,157,166,175,184,193,202,211,220,229,238,247,256,265,274,283,292,301,310,319,328,337,346,355,364,373,382,391,400],"relic_stats":{"Peace Pipe":0,"Lizard Tail":0,"counters":[23,125],"Golden Idol":182,"Tiny Chest":1,"Turnip":[2],"CloakClasp":[292],"Juzu Bracelet":1,"Orichalcum":[222],"obtain_stats":[{"Ice Cream":23,"Golden Egg":27,"Calipers":37,"Golden Idol":4,"Guide Book":38,"Ring of Chaos":17,"Omamori":12,"CloakClasp":22,"Juzu Bracelet":38,"Replay:Kaleidoscope":29,"Orichalcum":14,"Replay:Mystery Machine":26,"Pet Ghost":9,"ClockworkSouvenir":46,"Peace Pipe":43,"Lizard Tail":6,"Tiny Chest":13,"Philosopher\u0027s Stone":34,"Turnip":25,"Bottled Lightning":10,"PureWater":0},{"Ice Cream":11,"Golden Egg":13,"Calipers":19,"Golden Idol":2,"Guide Book":19,"Ring of Chaos":7,"Omamori":5,"CloakClasp":10,"Juzu Bracelet":19,"Replay:Kaleidoscope":14,"Orichalcum":6,"Replay:Mystery Machine":12,"Pet Ghost":4,"ClockworkSouvenir":22,"Peace Pipe":21,"Lizard Tail":3,"Tiny Chest":5,"Philosopher\u0027s Stone":16,"Turnip":12,"Bottled Lightning":5,"PureWater":0},{"Ice Cream":53,"Golden Egg":62,"Calipers":99,"Golden Idol":3,"Guide Book":99,"Ring of Chaos":32,"Omamori":18,"CloakClasp":47,"Juzu Bracelet":99,"Replay:Kaleidoscope":67,"Orichalcum":24,"Replay:Mystery Machine":56,"Pet Ghost":11,"ClockworkSouvenir":116,"Peace Pipe":111,"Lizard Tail":9,"Tiny Chest":18,"Philosopher\u0027s Stone":83,"Turnip":56,"Bottled Lightning":18,"PureWater":0}]},"card_choices":[{"not_picked":["LikeWater","Outmaneuver"],"picked":"FlurryOfBlows","floor":1.0},{"not_picked":["Leg Sweep","Quick Slash"],"picked":"Indignation","floor":3.0},{"not_picked":["Wallop","Expertise","EmptyBody"],"picked":"SKIP","floor":6.0},{"not_picked":["Eviscerate","CutThroughFate","Well Laid Plans"],"picked":"SKIP","floor":8.0},{"not_picked":["PiercingWail","Poisoned Stab","JustLucky"],"picked":"SKIP","floor":10.0},{"not_picked":["Crescendo","Blur"],"picked":"InnerPeace","floor":11.0},{"not_picked":["Halt","Study","Prepared"],"picked":"SKIP","floor":14.0},{"not_picked":["Corpse Explosion","A Thousand Cuts"],"picked":"Envenom","floor":16.0},{"not_picked":["Eviscerate","DeceiveReality"],"picked":"Replay:ManipulateFuture+1","floor":18.0},{"not_picked":["Endless Agony","Cloak And Dagger","Slice+1"],"picked":"SKIP","floor":19.0},{"not_picked":["Flechettes","FollowUp","Dodge and Roll+1"],"picked":"SKIP","floor":20.0},{"not_picked":["Flechettes","FollowUp","Dodge and Roll+1"],"picked":"SKIP","floor":20.0},{"not_picked":["Distraction","SandsOfTime","ClearTheMind"],"picked":"SKIP","floor":23.0},{"not_picked":["Adaptation","Footwork"],"picked":"Replay:BluntJabs","floor":24.0},{"not_picked":["DeceiveReality","Hidden Blade+1","Well Laid Plans"],"picked":"SKIP","floor":27.0},{"not_picked":["WheelKick","Acrobatics+1","BowlingBash"],"picked":"SKIP","floor":28},{"not_picked":["Flying Knee","Vengeance+1"],"picked":"SandsOfTime+1","floor":31},{"not_picked":["Vault","ReplayTheSpireMod:Necrosis"],"picked":"Ragnarok","floor":33},{"not_picked":["Fluid Movement","Hidden Blade+1"],"picked":"Replay:DivineShield+1","floor":35},{"not_picked":["Quick Slash+1","InnerPeace"],"picked":"Noxious Fumes+1","floor":36},{"not_picked":["Poison Darts","Evaluate+1","ThirdEye+1"],"picked":"SKIP","floor":39},{"not_picked":["Deflect","Halt","Hidden Blade+1"],"picked":"SKIP","floor":41},{"not_picked":["MentalFortress","PathToVictory","Dagger Spray"],"picked":"SKIP","floor":45}],"player_experience":157824,"relics_obtained":[{"floor":6.0,"key":"Lizard Tail"},{"floor":9.0,"key":"Pet Ghost"},{"floor":10.0,"key":"Bottled Lightning"},{"floor":12.0,"key":"Omamori"},{"floor":14.0,"key":"Orichalcum"},{"floor":22.0,"key":"CloakClasp"},{"floor":23.0,"key":"Ice Cream"},{"floor":26.0,"key":"Replay:Mystery Machine"},{"floor":27.0,"key":"Golden Egg"},{"floor":29,"key":"Replay:Kaleidoscope"},{"floor":37,"key":"Calipers"},{"floor":43,"key":"Peace Pipe"}],"event_choices":[{"damage_healed":0.0,"max_hp_gain":0.0,"max_hp_loss":0.0,"gold_gain":0.0,"event_name":"Golden Idol","player_choice":"Take Wound","floor":4.0,"gold_loss":0.0,"damage_taken":0.0,"relics_obtained":["Golden Idol"],"cards_obtained":["Injury"]},{"damage_healed":0.0,"max_hp_gain":0.0,"max_hp_loss":131.0,"gold_gain":0.0,"event_name":"Ghosts","player_choice":"Became a Ghost","floor":21.0,"gold_loss":0.0,"damage_taken":0.0,"cards_obtained":["Ghostly","Ghostly","Ghostly","Ghostly","Ghostly"]},{"damage_healed":0,"gold_gain":0,"player_choice":"Fight","damage_taken":0,"max_hp_gain":0,"max_hp_loss":0,"event_name":"Mysterious Sphere","floor":37,"gold_loss":0},{"damage_healed":0,"gold_gain":0,"player_choice":"Forge","damage_taken":0,"max_hp_gain":0,"max_hp_loss":0,"event_name":"Accursed Blacksmith","floor":44,"gold_loss":0,"cards_upgraded":["Scrawl"]},{"damage_healed":0,"gold_gain":100,"player_choice":"Pray","damage_taken":0,"max_hp_gain":0,"max_hp_loss":0,"event_name":"Golden Shrine","floor":48,"gold_loss":0}],"is_beta":false,"boss_relics":[{"not_picked":["Busted Crown","Replay:Drink Me"],"picked":"Ring of Chaos"},{"not_picked":["Empty Cage","Snecko Heart"],"picked":"Philosopher\u0027s Stone"}],"items_purged_floors":[2,2,2,2,2,2,2,2,2,2,2,2,2,2,2,2,2,2,13,13,13,13,13,13,13,25,25,38],"is_endless":false,"potions_floor_spawned":[14,16,18,23,24,28,35,39,41],"ascension_level":0}}