{"host":"enpah696raxjhbxd","time":1610176362,"event":{"mods":["BaseMod","Challenge The Spire","Chen","Colored Powertips","Friendly Minions","Minty Spire (QoL Compilation)","Replay The Spire","StSLib","TestMod","The Bladedancer","The Poker Player","UnlockEverythingMod","vexMod"],"gold_per_floor":[114,129,129,129,529,559,559,559,609,639,657,657,32,62,62,162,162,181,196,211,226,245,279,279,129,154,199,238,238,276,295,295,404,404,440,463,373,223,244,295,295,331,331,365,365,365,365,397,397,444,444],"floor_reached":50,"playtime":1840,"items_purged":["Wraith Form v2"],"score":776,"play_id":"610b663a-c480-46f7-b5e8-a980717fd62d","local_time":"20210109151242","daily_mods":["Shiny","Flight","Terminal"],"is_ascension_mode":false,"campfire_choices":[{"data":"After Image","floor":7,"key":"SMITH"},{"data":"Envenom","floor":8,"key":"SMITH"},{"data":"Storm of Steel","floor":12,"key":"SMITH"},{"data":"Cloak And Dagger","floor":15,"key":"SMITH"},{"data":"Concentrate","floor":24,"key":"SMITH"},{"data":"ReplayTheSpireMod:Scrap Shanks","floor":29,"key":"SMITH"},{"data":"Tools of the Trade","floor":32,"key":"SMITH"},{"floor":41,"key":"DIG"},{"data":"1","floor":45,"key":"LIFT"},{"data":"2","floor":46,"key":"LIFT"},{"data":"3","floor":47,"key":"LIFT"},{"floor":49,"key":"DIG"}],"circlet_count":0,"master_deck":["Corpse Explosion","Adrenaline","Venomology+1","Malaise","Phantasmal Killer","Unload+1","Bullet Time+1","Die Die Die","Atom Bomb+1","Envenom+1","Doppelganger","Burst","Tools of the Trade+1","After Image+1","Poison Darts+1","A Thousand Cuts","Night Terror+1","Storm of Steel+1","Glass Knife+1","Poisoned Stab+1","Dagger Throw","Poisoned Stab","Cloak And Dagger+1","Blade Dance","Poison Darts+1","Poisoned Stab+1","ReplayTheSpireMod:Scrap Shanks+1","Bane+1","Concentrate+1","Cloak And Dagger+1","Terror","Well Laid Plans+1","Riddle With Holes"],"relics":["Ring of the Snake","testmod-ConstraintPeriapt","testmod-BlackFramedGlasses","War Paint","vexMod:ConsolationPrize","vexMod:InvisibilityCloak","Bird Faced Urn","Whetstone","Painkiller Herb","testmod-IntensifyImprint","testmod-Acrobat","testmod-IndustrialRevolution","testmod-Hope","Torii","Shovel","vexMod:BigBerry","Guide Book","Ornamental Fan","Dream Catcher","Pear","Girya","Juzu Bracelet","Vajra"],"acts_visited":["Exordium","TheCity","TheBeyond"],"potions_floor_usage":[1,6,10,14,16,18,23,27,30,33,33,33,40,42,44],"damage_taken":[{"damage":0,"enemies":"Small Slimes","floor":1,"turns":3},{"damage":0,"enemies":"2 Louse","floor":2,"turns":2},{"damage":4,"enemies":"3 Sentries","floor":6,"turns":3},{"damage":18,"enemies":"Replay:BlueRogue","floor":10,"turns":4},{"damage":3,"enemies":"Jaw Worm","floor":11,"turns":3},{"damage":0,"enemies":"3 Sentries","floor":14,"turns":3},{"damage":0,"enemies":"Slime Boss","floor":16,"turns":6},{"damage":4,"enemies":"2 Thieves","floor":18,"turns":2},{"damage":0,"enemies":"Spheric Guardian","floor":19,"turns":1},{"damage":0,"enemies":"Shelled Parasite and Fungi","floor":20,"turns":1},{"damage":0,"enemies":"3 Cultists","floor":21,"turns":2},{"damage":4,"enemies":"Centurion and Healer","floor":22,"turns":3},{"damage":4,"enemies":"Book of Stabbing","floor":23,"turns":3},{"damage":8,"enemies":"Replay:Snechameleon","floor":27,"turns":4},{"damage":1,"enemies":"Book of Stabbing","floor":28,"turns":3},{"damage":0,"enemies":"Slavers","floor":30,"turns":3},{"damage":1,"enemies":"Sentry and Sphere","floor":31,"turns":3},{"damage":1,"enemies":"Collector","floor":33,"turns":5},{"damage":15,"enemies":"3 Darklings","floor":35,"turns":3},{"damage":3,"enemies":"3 Shapes","floor":36,"turns":3},{"damage":0,"enemies":"Transient","floor":39,"turns":3},{"damage":18,"enemies":"Reptomancer","floor":40,"turns":3},{"damage":3,"enemies":"Nemesis","floor":42,"turns":3},{"damage":0,"enemies":"Reptomancer","floor":44,"turns":2},{"damage":16,"enemies":"4 Shapes","floor":48,"turns":2},{"damage":64,"enemies":"Time Eater","floor":50,"turns":5}],"seed_played":"579003938715623652","potions_obtained":[{"floor":1,"key":"testmod-TimePotion"},{"floor":10,"key":"EssenceOfSteel"},{"floor":14,"key":"Dexterity Potion"},{"floor":16,"key":"DistilledChaos"},{"floor":19,"key":"Languid Potion"},{"floor":21,"key":"Elixir"},{"floor":35,"key":"DistilledChaos"},{"floor":40,"key":"Explosive Potion"}],"is_trial":false,"path_per_floor":["M","M","?","?","?","E","R","R","T","E","M","R","$","E","R","B",null,"?","?","?","?","?","E","T","T","T","E","E","T","E","?","T","B",null,"?","?","?","T","?","E","T","E","T","E","T","T","T","?","T","B"],"character_chosen":"THE_SILENT","items_purchased":["vexMod:InvisibilityCloak","Bird Faced Urn","testmod-Acrobat","Guide Book"],"campfire_rested":0,"item_purchase_floors":[13,13,25,38],"current_hp_per_floor":[68,67,66,53,53,50,50,50,50,37,38,38,38,48,48,53,52,51,50,49,48,47,46,45,44,43,36,41,40,39,38,37,36,65,51,56,56,56,60,43,43,65,65,65,64,63,62,47,47,0,0],"gold":444,"neow_bonus":"","is_daily":true,"chose_seed":false,"campfire_upgraded":7,"win_rate":0.0,"timestamp":1610176362,"path_taken":["M","M","?","?","?","E","R","R","T","E","?","R","$","E","R","BOSS","?","?","?","?","?","E","T","T","T","E","E","T","E","?","T","BOSS","?","?","?","T","?","E","T","E","T","E","T","T","T","?","T","BOSS"],"items_purchased_type":["Relic","Relic","Relic","Relic"],"build_version":"2020-12-22","purchased_purges":1,"victory":false,"max_hp_per_floor":[68,67,66,65,64,63,62,61,60,59,58,57,56,55,54,53,52,51,50,49,48,47,46,45,44,43,42,41,40,39,38,37,36,65,64,63,62,61,60,59,58,67,66,65,64,63,62,61,60,60,60],"card_choices":[{"not_picked":["Catalyst","Deflect"],"picked":"Poisoned Stab","floor":1},{"not_picked":["Underhanded Strike","Caltrops"],"picked":"Dagger Throw","floor":2},{"not_picked":["Deflect","Outmaneuver"],"picked":"Poisoned Stab","floor":6},{"not_picked":["Well Laid Plans","Envenom"],"picked":"Cloak And Dagger","floor":10},{"not_picked":["Bane","PiercingWail"],"picked":"Blade Dance","floor":11},{"not_picked":["Setup","Footwork","Acrobatics"],"picked":"SKIP","floor":14},{"not_picked":["Doppelganger","Tools of the Trade"],"picked":"Poison Darts","floor":16},{"not_picked":["Catalyst","ReplayTheSpireMod:Exploit Weakness"],"picked":"Poisoned Stab+1","floor":18},{"not_picked":["Flying Knee","Deadly Poison+1"],"picked":"ReplayTheSpireMod:Scrap Shanks","floor":19},{"not_picked":["Eviscerate","Outmaneuver"],"picked":"Bane+1","floor":20},{"not_picked":["Skewer","Acrobatics"],"picked":"Concentrate","floor":21},{"not_picked":["Footwork","Bane","Eviscerate"],"picked":"SKIP","floor":22},{"not_picked":["Envenom","Tactician"],"picked":"Cloak And Dagger+1","floor":23},{"not_picked":["All Out Attack","Deflect+1"],"picked":"Terror","floor":27},{"not_picked":["Malaise","Choke","Skewer"],"picked":"SKIP","floor":28},{"not_picked":["Bullet Time","Flechettes","Poison Darts"],"picked":"SKIP","floor":30},{"not_picked":["Skewer","Flying Knee+1","Infinite Blades"],"picked":"SKIP","floor":31},{"not_picked":["Eviscerate+1","All Out Attack","Backflip+1"],"picked":"SKIP","floor":35},{"not_picked":["Slice+1","Tactician"],"picked":"Well Laid Plans+1","floor":36},{"not_picked":["Backstab","Crippling Poison","Quick Slash"],"picked":"SKIP","floor":39},{"not_picked":["Unload","Sucker Punch+1","Backflip+1"],"picked":"SKIP","floor":40},{"not_picked":["Underhanded Strike","Finisher","Leg Sweep"],"picked":"SKIP","floor":42},{"not_picked":["Flying Knee","Dodge and Roll","Heel Hook"],"picked":"SKIP","floor":44},{"not_picked":["Dagger Spray","Backflip+1"],"picked":"Riddle With Holes","floor":48}],"player_experience":213798,"relics_obtained":[{"floor":6,"key":"testmod-BlackFramedGlasses"},{"floor":9,"key":"War Paint"},{"floor":10,"key":"vexMod:ConsolationPrize"},{"floor":14,"key":"Whetstone"},{"floor":23,"key":"testmod-IntensifyImprint"},{"floor":26,"key":"testmod-IndustrialRevolution"},{"floor":27,"key":"testmod-Hope"},{"floor":28,"key":"Torii"},{"floor":30,"key":"Shovel"},{"floor":40,"key":"Ornamental Fan"},{"floor":41,"key":"Dream Catcher"},{"floor":42,"key":"Pear"},{"floor":43,"key":"Girya"},{"floor":44,"key":"Juzu Bracelet"},{"floor":49,"key":"Vajra"}],"event_choices":[{"damage_healed":0,"gold_gain":0,"player_choice":"Leave","damage_taken":0,"max_hp_gain":0,"max_hp_loss":0,"event_name":"The Cleric","floor":3,"gold_loss":0},{"damage_healed":0,"gold_gain":0,"player_choice":"Entered Light","damage_taken":13,"max_hp_gain":0,"max_hp_loss":0,"event_name":"Shining Light","floor":4,"gold_loss":0,"cards_upgraded":["Poison Darts","Poisoned Stab"]},{"damage_healed":0,"gold_gain":400,"player_choice":"Sell","damage_taken":0,"max_hp_gain":0,"max_hp_loss":0,"event_name":"¶÷ÂåË¹µÄÅÌ×Ó","floor":5,"relics_lost":["testmod-TestBox"],"gold_loss":0},{"cards_removed":["Grand Finale"],"damage_healed":0,"gold_gain":0,"player_choice":"Upgrade and Remove","damage_taken":0,"max_hp_gain":0,"max_hp_loss":0,"event_name":"Designer","floor":37,"gold_loss":90,"cards_upgraded":["Poison Darts"]}],"is_beta":false,"boss_relics":[{"not_picked":["testmod-KeyOfTheVoid","Kintsugi"],"picked":"Painkiller Herb"},{"not_picked":["Black Star","Velvet Choker"],"picked":"vexMod:BigBerry"}],"items_purged_floors":[13],"is_endless":false,"potions_floor_spawned":[1,10,14,16,19,21,22,31,35,40],"killed_by":"Time Eater","ascension_level":0}}