{"host":"9ndbo4kgsfoemf7y","time":1610193466,"event":{"mods":["AchievementEnabler","BaseMod","Colored Map","DeckTracker","Keyboard Shortcuts","Minty Spire (QoL Compilation)","Permanent Neow","Quick Restart","Relic Stats","StSLib","SuperFastMode"],"gold_per_floor":[113,125,142,161,161,161,161],"floor_reached":6,"playtime":124,"items_purged":[],"score":76,"play_id":"548dbcce-5bf4-498a-ae48-1189043709b0","local_time":"20210109205746","is_ascension_mode":true,"campfire_choices":[],"circlet_count":0,"master_deck":["AscendersBane","Strike_R","Strike_R","Strike_R","Strike_R","Strike_R","Defend_R","Defend_R","Defend_R","Defend_R","Bash","Pommel Strike","Feel No Pain","Warcry","Rampage"],"relics":["Burning Blood","Du-Vu Doll"],"acts_visited":["Exordium"],"potions_floor_usage":[],"damage_taken":[{"damage":10.0,"enemies":"2 Louse","floor":1.0,"turns":3.0},{"damage":14.0,"enemies":"Jaw Worm","floor":2.0,"turns":4.0},{"damage":21.0,"enemies":"Small Slimes","floor":3.0,"turns":4.0},{"damage":21,"enemies":"Looter","floor":4,"turns":4},{"damage":39,"enemies":"Gremlin Nob","floor":6,"turns":3}],"seed_played":"-9123773926416732953","potions_obtained":[{"floor":3,"key":"Strength Potion"}],"is_trial":false,"path_per_floor":["M","M","M","M","?","E"],"character_chosen":"IRONCLAD","items_purchased":[],"campfire_rested":0,"item_purchase_floors":[],"current_hp_per_floor":[46,38,23,8,13,0,0],"gold":161,"neow_bonus":"ONE_RARE_RELIC","is_daily":false,"chose_seed":false,"campfire_upgraded":0,"win_rate":0.0,"timestamp":1610193466,"path_taken":["M","M","M","M","?","E"],"items_purchased_type":[],"build_version":"2020-12-22","purchased_purges":0,"victory":false,"max_hp_per_floor":[75,75,75,75,80,80,80],"relic_stats":{"counters":[5,18],"obtain_stats":[{"Du-Vu Doll":0,"Burning Blood":0},{"Du-Vu Doll":0,"Burning Blood":0},{"Du-Vu Doll":0,"Burning Blood":0}],"Burning Blood":24},"card_choices":[{"not_picked":["Iron Wave","Armaments"],"picked":"Pommel Strike","floor":1.0},{"not_picked":["Wild Strike","True Grit"],"picked":"Feel No Pain","floor":2.0},{"not_picked":["Reckless Charge","Headbutt"],"picked":"Warcry","floor":3},{"not_picked":["Warcry","Pommel Strike"],"picked":"Rampage","floor":4}],"player_experience":799533,"relics_obtained":[],"event_choices":[{"damage_healed":0,"gold_gain":0,"player_choice":"Donut","damage_taken":0,"max_hp_gain":5,"max_hp_loss":0,"event_name":"Big Fish","floor":5,"gold_loss":0}],"is_beta":false,"boss_relics":[],"items_purged_floors":[],"is_endless":false,"potions_floor_spawned":[3],"killed_by":"Gremlin Nob","ascension_level":20}}