{"host":"vhvm1b4sel61ztfv","time":1610185593,"event":{"mods":["BaseMod","BetterRewards","Displayed Cursed Tome","Minty Spire (QoL Compilation)","Replay The Spire","StSLib"],"gold_per_floor":[109,124,139,166,180,180,213,213,236,236,236,255,270,48,248,329,329,433,433,445,545,565,465,1,12,12,12,12,46,99,134,134,149,149,254,254,264,43,53,73,99,99,99,99,123,140,140,151,151,4,4,4],"floor_reached":53,"playtime":3091,"items_purged":["Regret","Regret"],"score":1070,"play_id":"2da6c37a-f0d5-4628-8c3e-d9ff305561ac","local_time":"20210109044633","is_ascension_mode":false,"campfire_choices":[{"data":"Backstab","floor":6,"key":"SMITH"},{"data":"Noxious Fumes","floor":8,"key":"SMITH"},{"floor":17,"key":"REST"},{"data":"Blade Dance","floor":26,"key":"SMITH"},{"data":"Bite","floor":32,"key":"SMITH"},{"floor":34,"key":"REST"},{"data":"Accuracy","floor":42,"key":"SMITH"},{"data":"Adrenaline","floor":44,"key":"SMITH"},{"data":"Dash","floor":47,"key":"SMITH"},{"data":"Leg Sweep","floor":49,"key":"SMITH"},{"data":"Infinite Blades","floor":51,"key":"SMITH"}],"circlet_count":0,"master_deck":["Defend_G","Defend_G","Defend_G","Survivor","Neutralize","Backstab+1","Leg Sweep+1","Cloak And Dagger","Adrenaline+1","Finisher+1","Dash+1","Noxious Fumes+1","Poisoned Stab","Poisoned Stab","Infinite Blades+1","Blade Dance+1","Bite+1","Bite","Bite","Bite","Bite","Accuracy+1","Backstab+1","Accuracy+1"],"relics":["Ring of the Snake","Orrery","Replay:Wax Seal","Replay:Rubber Ducky","The Specimen","Frozen Eye","Eternal Feather","Ninja Scroll","HandDrill","ReplayTheSpireMod:CursedCoin","Tiny Chest","Snake Skull","Lizard Tail","Anchor","White Beast Statue","Pen Nib","PreservedInsect","Gremlin Horn","SlaversCollar","Singing Bowl","Toolbox","Chameleon Ring","HornCleat","Dream Catcher","StrikeDummy","Empty Cage","Akabeko","Ancient Tea Set","Bronze Scales","DollysMirror"],"acts_visited":["Exordium","TheCity","TheBeyond"],"potions_floor_usage":[18,18,20,25,25,29,29,35,35,35,39,40,40,48,52,52],"damage_taken":[{"damage":4,"enemies":"Cultist","floor":1,"turns":3},{"damage":0,"enemies":"Jaw Worm","floor":2,"turns":1},{"damage":0,"enemies":"2 Louse","floor":3,"turns":1},{"damage":4,"enemies":"2 Fungi Beasts","floor":5,"turns":2},{"damage":4,"enemies":"Replay:BlueRogue","floor":7,"turns":2},{"damage":6,"enemies":"Exordium Thugs","floor":12,"turns":2},{"damage":3,"enemies":"Looter","floor":13,"turns":2},{"damage":35,"enemies":"Fading Forest","floor":18,"turns":11},{"damage":0,"enemies":"2 Thieves","floor":20,"turns":3},{"damage":0,"enemies":"Chosen","floor":22,"turns":3},{"damage":0,"enemies":"Snake Plant","floor":25,"turns":2},{"damage":0,"enemies":"Slavers","floor":29,"turns":4},{"damage":0,"enemies":"Gremlin Leader","floor":31,"turns":4},{"damage":0,"enemies":"Snecko","floor":33,"turns":1},{"damage":43,"enemies":"Collector","floor":35,"turns":8},{"damage":5,"enemies":"3 Shapes","floor":37,"turns":4},{"damage":0,"enemies":"3 Darklings","floor":39,"turns":3},{"damage":6,"enemies":"4 Shapes","floor":40,"turns":3},{"damage":0,"enemies":"Jaw Worm Horde","floor":46,"turns":2},{"damage":0,"enemies":"Transient","floor":48,"turns":5},{"damage":20,"enemies":"Awakened One","floor":52,"turns":6}],"seed_played":"4914747972526801773","potions_obtained":[{"floor":2,"key":"Weak Potion"},{"floor":5,"key":"SpeedPotion"},{"floor":12,"key":"SkillPotion"},{"floor":13,"key":"DistilledChaos"},{"floor":18,"key":"Fire Potion"},{"floor":20,"key":"Explosive Potion"},{"floor":22,"key":"SkillPotion"},{"floor":25,"key":"Energy Potion"},{"floor":29,"key":"Doom Potion"},{"floor":31,"key":"Poison Potion"},{"floor":33,"key":"Dexterity Potion"},{"floor":35,"key":"Energy Potion"},{"floor":37,"key":"Toxic Potion"},{"floor":39,"key":"Languid Potion"},{"floor":40,"key":"FearPotion"},{"floor":46,"key":"CultistPotion"},{"floor":48,"key":"CultistPotion"}],"is_trial":false,"path_per_floor":["M","M","M","T","M","R","E","R","T","PTL","PTL","M","M","$","?","T","R","B",null,"M","?","M","$","$","M","R","?","T","E","T","E","R","M","R","B",null,"M","$","M","M","T","R","?","R","T","M","R","M","R","$","R","B",null],"character_chosen":"THE_SILENT","items_purchased":["Orrery","Replay:Wax Seal","Replay:Rubber Ducky","Frozen Eye","Eternal Feather","Ninja Scroll","HandDrill","Finisher+1","ReplayTheSpireMod:CursedCoin","Tiny Chest","Dash","Noxious Fumes","Poisoned Stab","Snake Skull","PreservedInsect","Singing Bowl","Blade Dance","Toolbox","Accuracy","Akabeko","DollysMirror"],"campfire_rested":2,"item_purchase_floors":[0,0,0,0,0,0,0,0,0,0,0,0,0,0,14,24,24,24,38,38,50],"current_hp_per_floor":[45,45,45,45,41,53,49,61,61,61,61,55,52,52,35,35,68,52,70,70,70,70,70,70,72,72,50,50,52,52,54,54,56,58,27,60,57,57,64,62,62,66,68,68,68,70,70,70,70,70,70,50],"gold":4,"neow_bonus":"","is_daily":false,"chose_seed":false,"campfire_upgraded":9,"win_rate":0.0,"timestamp":1610185593,"path_taken":["M","M","M","?","?","R","E","R","T","PTL","PTL","M","M","$","?","?","R","BOSS","M","?","M","?","$","M","R","?","T","E","?","E","R","?","R","BOSS","M","?","M","?","?","R","?","R","T","M","R","M","R","$","R","BOSS"],"items_purchased_type":["Relic","Relic","Relic","Relic","Relic","Relic","Relic","Card","Relic","Relic","Card","Card","Card","Relic","Relic","Relic","Card","Relic","Card","Relic","Relic"],"build_version":"2020-12-22","purchased_purges":2,"victory":true,"max_hp_per_floor":[70,70,70,70,70,70,70,70,70,70,70,70,70,70,70,70,70,70,70,70,70,70,70,70,72,72,50,50,52,52,54,54,56,58,60,60,62,62,64,66,66,66,68,68,68,70,70,70,70,70,70,70],"card_choices":[{"not_picked":["ReplayTheSpireMod:Speed Training","Eviscerate"],"picked":"Backstab","floor":0},{"not_picked":["Slice","Infinite Blades"],"picked":"Leg Sweep","floor":0},{"not_picked":["Flechettes","Poisoned Stab"],"picked":"Cloak And Dagger","floor":0},{"not_picked":["Draining Mist","Replay:Bag of Tricks"],"picked":"Adrenaline","floor":0},{"not_picked":["Hidden Blade","Prepared","Calculated Gamble"],"picked":"SKIP","floor":1},{"not_picked":["Hidden Blade","PiercingWail","Masterful Stab"],"picked":"SKIP","floor":2},{"not_picked":["Skewer","Flying Knee","Calculated Gamble"],"picked":"SKIP","floor":3},{"not_picked":["Acrobatics","Underhanded Strike","Flying Knee"],"picked":"SKIP","floor":5},{"not_picked":["Leg Sweep","Phantasmal Killer","Dagger Spray"],"picked":"SKIP","floor":7},{"not_picked":["PiercingWail","Acrobatics","Underhanded Strike"],"picked":"SKIP","floor":12},{"not_picked":["Hidden Blade","PiercingWail"],"picked":"Poisoned Stab","floor":13},{"not_picked":["Well Laid Plans","PiercingWail"],"picked":"Infinite Blades","floor":15},{"not_picked":["Hidden Blade","Fluid Movement","ReplayTheSpireMod:Exploit Weakness"],"picked":"SKIP","floor":20},{"not_picked":["Skewer","Leg Sweep","Sucker Punch"],"picked":"SKIP","floor":22},{"not_picked":["ReplayTheSpireMod:Exploit Weakness","ReplayTheSpireMod:Scrap Shanks+1","Finisher"],"picked":"Singing Bowl","floor":25},{"not_picked":["Expertise","Finisher","Replay:Poison Smokescreen"],"picked":"Singing Bowl","floor":29},{"not_picked":["Escape Plan","Dagger Throw","ReplayTheSpireMod:Tripwire"],"picked":"Singing Bowl","floor":31},{"not_picked":["Draining Mist+1","Dodge and Roll","Sucker Punch+1"],"picked":"Singing Bowl","floor":33},{"not_picked":["Dodge and Roll","Deadly Poison","Underhanded Strike+1"],"picked":"Singing Bowl","floor":34},{"not_picked":["Atom Bomb","Storm of Steel","Wraith Form v2"],"picked":"Singing Bowl","floor":35},{"not_picked":["Hidden Blade+1","Sucker Punch","Underhanded Strike+1"],"picked":"Singing Bowl","floor":37},{"not_picked":["Poisoned Stab","Draining Mist+1","Quick Slash"],"picked":"Singing Bowl","floor":39},{"not_picked":["Quick Slash+1","Replay:Bag of Tricks","Eviscerate+1"],"picked":"Singing Bowl","floor":40},{"not_picked":["Madness","Transmutation","Mayhem"],"picked":"Singing Bowl","floor":43},{"not_picked":["Flying Knee+1","Quick Slash+1","Prepared"],"picked":"Singing Bowl","floor":46},{"not_picked":["PiercingWail+1","Bane+1"],"picked":"Backstab+1","floor":48}],"player_experience":124250,"relics_obtained":[{"floor":4,"key":"Anchor"},{"floor":7,"key":"White Beast Statue"},{"floor":9,"key":"Pen Nib"},{"floor":16,"key":"Gremlin Horn"},{"floor":28,"key":"Chameleon Ring"},{"floor":29,"key":"HornCleat"},{"floor":30,"key":"Dream Catcher"},{"floor":31,"key":"StrikeDummy"},{"floor":41,"key":"Ancient Tea Set"},{"floor":45,"key":"Bronze Scales"}],"event_choices":[{"damage_healed":0,"gold_gain":100,"player_choice":"Pray","damage_taken":0,"max_hp_gain":0,"max_hp_loss":0,"event_name":"Golden Shrine","floor":21,"gold_loss":0},{"damage_healed":0,"gold_gain":0,"player_choice":"Became a vampire","damage_taken":0,"max_hp_gain":0,"max_hp_loss":22,"event_name":"Vampires","floor":27,"gold_loss":0,"cards_obtained":["Bite","Bite","Bite","Bite","Bite"]},{"damage_healed":0,"gold_gain":0,"player_choice":"Memory 1","damage_taken":0,"max_hp_gain":0,"max_hp_loss":0,"event_name":"SensoryStone","floor":43,"gold_loss":0}],"is_beta":false,"boss_relics":[{"not_picked":["Painkiller Herb","Astrolabe"],"picked":"SlaversCollar"},{"not_picked":["Replay:Ancient Bell","Kintsugi"],"picked":"Empty Cage"}],"items_purged_floors":[14,23],"is_endless":false,"potions_floor_spawned":[2,5,12,13,18,20,22,25,29,31,33,35,37,39,40,46,48],"ascension_level":0}}