{"host":"ha6p5pdchuduffeg","time":1610195069,"event":{"mods":["Act Like it!","BaseMod","Gensokyo","KinomotoSakuraMod(ƒæ÷Æ±æ”£)","Koishi","Marisa£®ÏF”Í°°ƒß¿Ì…≥£©","Minty Spire (QoL Compilation)","Reimu£®≤©¿ˆ¡È√Œ£©","Remilia£®¿Ÿ√◊¿Ú—«£©","Replay The Spire","StSLib","The Servant 0.9.4","Youmu£®ªÍ∆«—˝√Œ£©"],"gold_per_floor":[114,32,32,32,207,226,256,102,152,163,163,177,203,218,218,322,322,334,51,65,77,106,106,138,138,161,161,161,176,176,209,209,312,312,326,226,226,239,286,286,286,286,286,286,286,305,58,76,76,76,76],"floor_reached":50,"playtime":1328,"items_purged":["Doubt","Writhe","Wraith"],"score":846,"play_id":"4a9ea218-10e6-497d-8370-7000c5144ecc","local_time":"20210109202429","is_ascension_mode":true,"campfire_choices":[{"data":"Demon Form","floor":11.0,"key":"SMITH"},{"floor":15.0,"key":"REST"},{"data":"Demon Form","floor":23.0,"key":"SMITH"},{"floor":25.0,"key":"REST"},{"data":"Heavy Blade","floor":28.0,"key":"SMITH"},{"data":"Seeing Red","floor":30.0,"key":"SMITH"},{"data":"Inflame","floor":32.0,"key":"SMITH"},{"floor":40.0,"key":"REST"},{"data":"Double Tap","floor":42,"key":"SMITH"},{"data":"Spot Weakness","floor":45,"key":"SMITH"},{"floor":49,"key":"REST"}],"circlet_count":0,"master_deck":["Strike_R","Strike_R","Strike_R","Strike_R","Strike_R","Defend_R","Defend_R","Defend_R","Bash","Demon Form+1","Replay:Undeath\u0027s Touch","Spot Weakness+1","Demon Form+1","Pommel Strike+1","ReplayTheSpireMod:Stacked+1","Heavy Blade+1","Uppercut+1","Seeing Red+1","Inflame+1","Double Tap+1","Blood for Blood","Master of Strategy","Parasite"],"relics":["Burning Blood","NeowsBlessing","Replay:Wax Seal","Ring of Fury","ReplayTheSpireMod:Ring of Addiction","SacredBark","Potion Belt","ReplayTheSpireMod:Shallot","Vajra","Regal Pillow","Mark of Pain","ReplayTheSpireMod:Lightbulb","Red Mask","PreservedInsect","ScarletDevilRocket","MutagenicStrength","Ornamental Fan","Durian","Garlic"],"acts_visited":["Exordium","TheCity","TheBeyond"],"potions_floor_usage":[46,48,50,50],"damage_taken":[{"damage":0.0,"enemies":"Jaw Worm","floor":1.0,"turns":1.0},{"damage":0.0,"enemies":"Small Slimes","floor":6.0,"turns":2.0},{"damage":0.0,"enemies":"2 Louse","floor":10.0,"turns":1.0},{"damage":1.0,"enemies":"Looter","floor":12.0,"turns":2.0},{"damage":37.0,"enemies":"Lagavulin","floor":13.0,"turns":5.0},{"damage":1.0,"enemies":"2 Fungi Beasts","floor":14.0,"turns":3.0},{"damage":53.0,"enemies":"Hexaghost","floor":16.0,"turns":6.0},{"damage":3.0,"enemies":"3 Byrds","floor":18.0,"turns":2.0},{"damage":11.0,"enemies":"Shell Parasite","floor":20.0,"turns":4.0},{"damage":12.0,"enemies":"Centurion and Healer","floor":21.0,"turns":5.0},{"damage":0.0,"enemies":"Masked Bandits","floor":22.0,"turns":3.0},{"damage":41.0,"enemies":"Book of Stabbing","floor":24.0,"turns":7.0},{"damage":12.0,"enemies":"3 Cultists","floor":29.0,"turns":5.0},{"damage":2.0,"enemies":"Slavers","floor":31.0,"turns":3.0},{"damage":53.0,"enemies":"Pondfish","floor":33.0,"turns":6.0},{"damage":15.0,"enemies":"3 Darklings","floor":35.0,"turns":7.0},{"damage":1.0,"enemies":"Orb Walker","floor":38.0,"turns":2.0},{"damage":41.0,"enemies":"2 Orb Walkers","floor":39.0,"turns":5.0},{"damage":8,"enemies":"Writhing Mass","floor":46,"turns":5},{"damage":51,"enemies":"Transient","floor":48,"turns":5},{"damage":48,"enemies":"Donu and Deca","floor":50,"turns":5}],"seed_played":"-820846777636534755","potions_obtained":[{"floor":3.0,"key":"SkillPotion"},{"floor":3.0,"key":"SpeedPotion"},{"floor":3.0,"key":"Toxic Potion"},{"floor":6.0,"key":"Explosive Potion"},{"floor":10.0,"key":"EntropicBrew"},{"floor":12.0,"key":"Dexterity Potion"},{"floor":14.0,"key":"AttackPotion"},{"floor":18.0,"key":"Dexterity Potion"},{"floor":21.0,"key":"SkillPotion"},{"floor":29.0,"key":"LifebloodPotion"},{"floor":33.0,"key":"SkillPotion"},{"floor":38.0,"key":"Venom Potion"},{"floor":48,"key":"GamblersBrew"}],"is_trial":false,"path_per_floor":["M","$","?","?","?","M","?","$","T","M","R","M","E","M","R","B",null,"M","$","M","M","?","R","E","R","T","?","R","M","R","E","R","B",null,"M","$","?","M","?","R","?","R","T","?","R","M","$","M","R","B"],"character_chosen":"IRONCLAD","items_purchased":["Replay:Wax Seal","Demon Form","ReplayTheSpireMod:Lightbulb","AttackPotion","Venom Potion"],"campfire_rested":4,"item_purchase_floors":[2,8,19,47,47],"current_hp_per_floor":[78,78,78,83,83,85,85,85,85,83,83,83,52,57,83,36,71,74,74,69,63,69,69,34,73,73,73,73,67,67,71,71,24,67,58,58,58,63,33,72,72,72,72,72,72,70,70,25,64,16,16],"gold":76,"neow_bonus":"THREE_ENEMY_KILL","is_daily":false,"chose_seed":false,"campfire_upgraded":7,"win_rate":0.0,"timestamp":1610195069,"path_taken":["M","$","?","?","?","M","?","?","T","M","R","M","E","M","R","BOSS","M","$","M","M","?","R","E","R","T","?","R","M","R","E","R","BOSS","M","$","?","M","?","R","?","R","T","?","R","M","$","?","R","BOSS"],"items_purchased_type":["Relic","Card","Relic","Potion","Potion"],"build_version":"2020-12-22","purchased_purges":3,"victory":false,"max_hp_per_floor":[80,80,80,85,85,85,85,85,85,83,83,83,83,83,83,83,83,83,83,83,83,83,83,83,83,83,83,81,81,81,81,81,81,81,79,79,79,77,82,82,82,82,82,80,80,80,80,80,80,80,80],"card_choices":[{"not_picked":["Iron Wave","Perfected Strike","Massacre"],"picked":"SKIP","floor":1.0},{"not_picked":["Sword Boomerang","Replay:Undeath\u0027s Touch","Warcry"],"picked":"SKIP","floor":6.0},{"not_picked":["True Grit","Run Through"],"picked":"Replay:Undeath\u0027s Touch","floor":10.0},{"not_picked":["Power Through","Burning Pact","Feel No Pain"],"picked":"SKIP","floor":12.0},{"not_picked":["ReplayReversal","Headbutt","Ghostly Armor"],"picked":"SKIP","floor":13.0},{"not_picked":["Sword Boomerang","Anger"],"picked":"Spot Weakness","floor":14.0},{"not_picked":["Fiend Fire","Corruption"],"picked":"Demon Form","floor":16.0},{"not_picked":["Iron Wave","Seeing Red"],"picked":"Pommel Strike+1","floor":18.0},{"not_picked":["Twin Strike","Replay:Undeath\u0027s Touch"],"picked":"ReplayTheSpireMod:Stacked+1","floor":20.0},{"not_picked":["ReplayReversal","Clash+1"],"picked":"Heavy Blade","floor":21.0},{"not_picked":["Cleave","Headbutt+1"],"picked":"Uppercut+1","floor":22.0},{"not_picked":["Heavy Blade","Fire Breathing+1","ReplayTheSpireMod:Stacked"],"picked":"SKIP","floor":24.0},{"not_picked":["True Grit","Dropkick"],"picked":"Seeing Red","floor":29.0},{"not_picked":["Exhume","Run Through"],"picked":"Inflame","floor":31.0},{"not_picked":["Demon Form","Feed"],"picked":"Double Tap","floor":33.0},{"not_picked":["True Grit","Dual Wield"],"picked":"Blood for Blood","floor":35.0},{"not_picked":["Life Link","Armaments","True Grit"],"picked":"SKIP","floor":38.0},{"not_picked":["Discovery","Mind Blast"],"picked":"Master of Strategy","floor":44},{"not_picked":["Abandon","Sword Boomerang","ReplayTheSpireMod:Muscle Training"],"picked":"SKIP","floor":46},{"not_picked":["Entrench","Inflame","Uppercut"],"picked":"SKIP","floor":48}],"player_experience":33823,"relics_obtained":[{"floor":3.0,"key":"Ring of Fury"},{"floor":3.0,"key":"ReplayTheSpireMod:Ring of Addiction"},{"floor":3.0,"key":"SacredBark"},{"floor":3.0,"key":"Potion Belt"},{"floor":9.0,"key":"Vajra"},{"floor":13.0,"key":"Regal Pillow"},{"floor":22.0,"key":"Red Mask"},{"floor":24.0,"key":"PreservedInsect"},{"floor":26.0,"key":"ScarletDevilRocket"},{"floor":31.0,"key":"Ornamental Fan"},{"floor":39.0,"key":"Durian"},{"floor":43,"key":"Garlic"}],"event_choices":[{"damage_healed":0.0,"max_hp_gain":5.0,"max_hp_loss":0.0,"gold_gain":0.0,"event_name":"Big Fish","player_choice":"Donut","floor":4.0,"gold_loss":0.0,"damage_taken":0.0},{"damage_healed":0.0,"max_hp_gain":0.0,"max_hp_loss":0.0,"gold_gain":175.0,"event_name":"Liars Game","player_choice":"AGREE","floor":5.0,"gold_loss":0.0,"damage_taken":0.0,"cards_obtained":["Doubt"]},{"damage_healed":0.0,"max_hp_gain":0.0,"max_hp_loss":0.0,"gold_gain":30.0,"event_name":"Dead Adventurer","player_choice":"Searched \u00272\u0027 times","floor":7.0,"gold_loss":0.0,"damage_taken":0.0,"relics_obtained":["ReplayTheSpireMod:Shallot"]},{"damage_healed":0.0,"max_hp_gain":0.0,"max_hp_loss":0.0,"gold_gain":0.0,"event_name":"Masked Bandits","player_choice":"Fought Bandits","floor":22.0,"gold_loss":0.0,"damage_taken":0.0},{"damage_healed":0.0,"max_hp_gain":0.0,"max_hp_loss":0.0,"gold_gain":0.0,"event_name":"Drug Dealer","player_choice":"Inject Mutagens","floor":27.0,"gold_loss":0.0,"damage_taken":0.0,"relics_obtained":["MutagenicStrength"]},{"cards_removed":["Defend_R"],"damage_healed":0.0,"max_hp_gain":0.0,"max_hp_loss":0.0,"gold_gain":0.0,"event_name":"Falling","player_choice":"Removed Skill","floor":37.0,"gold_loss":0.0,"damage_taken":0.0},{"damage_healed":0.0,"max_hp_gain":0.0,"max_hp_loss":0.0,"gold_gain":0.0,"event_name":"Mysterious Sphere","player_choice":"Fight","floor":39.0,"gold_loss":0.0,"damage_taken":0.0},{"damage_healed":0,"gold_gain":0,"player_choice":"Ignored","damage_taken":0,"max_hp_gain":0,"max_hp_loss":0,"event_name":"OrinTheCat","floor":41,"gold_loss":0},{"damage_healed":0,"gold_gain":0,"player_choice":"Memory 1","damage_taken":0,"max_hp_gain":0,"max_hp_loss":0,"event_name":"SensoryStone","floor":44,"gold_loss":0}],"is_beta":false,"boss_relics":[{"not_picked":["Tiny House","Abe\u0027s Treasure"],"picked":"Mark of Pain"},{"not_picked":["Replay:Wanted Poster","Replay:Drink Me","Replay:Bronze Core"]}],"items_purged_floors":[19,36,47],"is_endless":false,"potions_floor_spawned":[6,10,12,14,18,21,29,33,38,48],"killed_by":"Donu and Deca","ascension_level":6}}