{"host":"minbhrtlkaoly5f0","time":1610185425,"event":{"mods":["Act Like it!","BaseMod","Colored Map","Colored Powertips","Lobotomy","LobotomyExtend","Luminous","Minty Spire (QoL Compilation)","Quick Restart","StSLib"],"gold_per_floor":[117,117,132,34,34,48,48,148,164,183,183,203,215,215,242,142,142,175,187,187,289,289,303,178,178,28,39,39,66,66,66,66,116,133,133,133,133],"floor_reached":36,"playtime":1722,"items_purged":["SpecialBullet","SpecialBullet","SpecialBullet","Horn"],"score":392,"play_id":"4c8590af-a340-42c8-8ace-b22e918a55fa","local_time":"20210109174345","is_ascension_mode":false,"campfire_choices":[],"circlet_count":0,"master_deck":["SpecialBullet","SpecialBullet","SecurityCode","ExtractionCode","DisciplinaryCode","Adoration","OldLady","Spore","RapturousDream","GalaxyChild","RedEyes","Lantern","Adoration","OSAHOGD","Lamp+4","Alriune","InformationCode","RedShoes","CherryBlossom","SolemnVow","SpiderBud","LongBird","GoldRush","ParadiseLost+1","LifeForTheDareDevil+1","Tough+1","Hornet+1","ControlCode","Regret_ego+1","BigBird"],"relics":["CogitoBucket","RabbitCall","MagicBullet_r","Gaze_r","LetterFromLob","AspirationHeart","Matryoshka","Bottled Tornado","Anchor","PreservedInsect","Astrolabe","SkinProphecy","Bottled Flame","Blood Vial","Prayer Wheel"],"acts_visited":["Exordium","TheBeyond"],"potions_floor_usage":[12,14,21,34,36],"damage_taken":[{"damage":11.0,"enemies":"Jaw Worm","floor":1.0,"turns":2.0},{"damage":15.0,"enemies":"Cultist","floor":3.0,"turns":4.0},{"damage":25.0,"enemies":"Small Slimes","floor":5.0,"turns":3.0},{"damage":3,"enemies":"Cultist","floor":6,"turns":2},{"damage":10,"enemies":"Small Slimes","floor":9,"turns":2},{"damage":0,"enemies":"2 Louse","floor":10,"turns":1},{"damage":29,"enemies":"Large Slime","floor":12,"turns":6},{"damage":24,"enemies":"Lots of Slimes","floor":13,"turns":5},{"damage":36,"enemies":"Lagavulin","floor":18,"turns":5},{"damage":0,"enemies":"Looter","floor":19,"turns":2},{"damage":0,"enemies":"Slime Boss","floor":21,"turns":3},{"damage":3,"enemies":"Orb Walker","floor":23,"turns":4},{"damage":5,"enemies":"3 Darklings","floor":27,"turns":2},{"damage":28,"enemies":"Nemesis","floor":29,"turns":5},{"damage":0,"enemies":"Mind Bloom Boss Battle","floor":33,"turns":2},{"damage":1,"enemies":"4 Shapes","floor":34,"turns":2},{"damage":81,"enemies":"Sphere and 2 Shapes","floor":36,"turns":4}],"seed_played":"2359350564224347447","potions_obtained":[{"floor":1.0,"key":"ColorlessPotion"},{"floor":9,"key":"Weak Potion"},{"floor":12,"key":"SneckoOil"},{"floor":13,"key":"Fruit Juice"},{"floor":18,"key":"Fire Potion"},{"floor":29,"key":"Regen Potion"},{"floor":33,"key":"FearPotion"}],"is_trial":false,"path_per_floor":["M","?","M","$","M","M","?","?","M","M","R","M","M","T","T","$","R","E","M","R","B",null,"M","$","?","$","M","R","E","M","T","?","?","M","?","M"],"character_chosen":"Angela","items_purchased":["Lantern"],"campfire_rested":0,"item_purchase_floors":[4],"current_hp_per_floor":[67,67,60,60,70,70,70,70,70,70,70,80,70,75,75,75,75,39,39,39,59,89,86,86,86,86,77,77,49,79,79,79,77,79,79,0,0],"gold":133,"neow_bonus":"ONE_RANDOM_RARE_CARD","is_daily":false,"chose_seed":false,"campfire_upgraded":0,"win_rate":0.0,"timestamp":1610185425,"path_taken":["M","?","M","$","?","M","?","?","M","M","R","M","?","T","?","?","R","E","M","R","BOSS","M","$","?","?","M","R","E","?","T","?","?","M","?","?"],"items_purchased_type":["Card"],"build_version":"2020-12-22","purchased_purges":4,"victory":false,"max_hp_per_floor":[70,70,70,70,70,70,70,70,70,70,70,80,80,85,85,85,85,85,85,85,89,89,89,89,89,89,91,91,97,97,97,92,94,96,96,100,100],"card_choices":[{"not_picked":["WallGazer","FairyFestival"],"picked":"OldLady","floor":1.0},{"not_picked":["Lantern"],"picked":"Spore","floor":1.0},{"not_picked":["Penitence"],"picked":"RapturousDream","floor":3.0},{"not_picked":["BeautyBeast","CherryBlossoms"],"picked":"GalaxyChild","floor":3.0},{"not_picked":["FrostShard"],"picked":"RedEyes","floor":3.0},{"not_picked":["SnowQueen","UniverseFragment"],"picked":"OSAHOGD","floor":6},{"not_picked":["RapturousDream"],"picked":"Lamp","floor":6},{"not_picked":["Heaven","TodaysExpression"],"picked":"SKIP","floor":6},{"not_picked":["LaLuna","HeroicMonk"],"picked":"Alriune","floor":9},{"not_picked":["FeatherOfHonor","RapturousDream"],"picked":"SKIP","floor":9},{"not_picked":["Wingbeat","Lamp"],"picked":"SKIP","floor":10},{"not_picked":["QueenOfHatred","Bloodbath"],"picked":"RedShoes","floor":12},{"not_picked":["Noise"],"picked":"CherryBlossom","floor":12},{"not_picked":["Noise","TodaysExpression"],"picked":"SKIP","floor":12},{"not_picked":["Noise","TodaysExpression"],"picked":"SKIP","floor":12},{"not_picked":["FeatherOfHonor"],"picked":"SolemnVow","floor":13},{"not_picked":["CherryBlossom","Soda"],"picked":"SKIP","floor":18},{"not_picked":["QueenOfHatred","Murderer"],"picked":"SpiderBud","floor":19},{"not_picked":["RapturousDream"],"picked":"Horn","floor":19},{"not_picked":["SnowQueen","Freischutz"],"picked":"LongBird","floor":21},{"not_picked":["Justitia"],"picked":"GoldRush","floor":21},{"not_picked":["Pinks"],"picked":"ParadiseLost","floor":21},{"not_picked":["RedEyes"],"picked":"Regret_ego+1","floor":23},{"not_picked":["Pleasure","Wingbeat+1"],"picked":"SKIP","floor":27},{"not_picked":["Bloodbath","CrumblingArmor"],"picked":"BigBird","floor":29},{"not_picked":["WristCuter+1","Lamp"],"picked":"SKIP","floor":29},{"not_picked":["Tough+1","Noise+1"],"picked":"SKIP","floor":34},{"not_picked":["RedEyes","CrimsonScar+1"],"picked":"SKIP","floor":34}],"player_experience":27882,"relics_obtained":[{"floor":1.0,"key":"LetterFromLob"},{"floor":6,"key":"LetterFromLob"},{"floor":14,"key":"Matryoshka"},{"floor":15,"key":"Bottled Tornado"},{"floor":15,"key":"Anchor"},{"floor":18,"key":"PreservedInsect"},{"floor":29,"key":"Bottled Flame"},{"floor":31,"key":"Blood Vial"},{"floor":33,"key":"Prayer Wheel"}],"event_choices":[{"damage_healed":0.0,"max_hp_gain":0.0,"max_hp_loss":0.0,"gold_gain":0.0,"event_name":"NoteForYourself","player_choice":"Ignored","floor":2.0,"gold_loss":0.0,"damage_taken":0.0},{"damage_healed":0,"gold_gain":0,"player_choice":"Leave","damage_taken":0,"max_hp_gain":0,"max_hp_loss":0,"event_name":"The Cleric","floor":7,"gold_loss":0},{"damage_healed":0,"gold_gain":100,"player_choice":"Pray","damage_taken":0,"max_hp_gain":0,"max_hp_loss":0,"event_name":"Golden Shrine","floor":8,"gold_loss":0},{"damage_healed":0,"gold_gain":0,"player_choice":"Ignored","damage_taken":0,"max_hp_gain":0,"max_hp_loss":0,"event_name":"NoteForYourself","floor":25,"gold_loss":0},{"damage_healed":0,"gold_gain":0,"player_choice":"Max HP","damage_taken":0,"max_hp_gain":0,"max_hp_loss":5,"event_name":"Winding Halls","floor":32,"gold_loss":0},{"damage_healed":0,"gold_gain":0,"player_choice":"Fight","damage_taken":0,"max_hp_gain":0,"max_hp_loss":0,"event_name":"MindBloom","floor":33,"gold_loss":0},{"damage_healed":0,"gold_gain":0,"player_choice":"Forge","damage_taken":0,"max_hp_gain":0,"max_hp_loss":0,"event_name":"Accursed Blacksmith","floor":35,"gold_loss":0,"cards_upgraded":["ParadiseLost"]}],"is_beta":false,"boss_relics":[{"not_picked":["Tiny House","SacredBark"],"picked":"Astrolabe"}],"items_purged_floors":[4,16,24,26],"is_endless":false,"potions_floor_spawned":[1,5,9,12,13,18,29,33],"killed_by":"Sphere and 2 Shapes","ascension_level":0}}