{"host":"0v07cr0k93jhgkpm","time":1610229461,"event":{"mods":["BaseMod","Colored Map","DeckTracker","Minty Spire (QoL Compilation)","Quick Restart","SuperFastMode"],"gold_per_floor":[117,133,133,152,172,172,206,206,206,223,239,239,239,257,257,257,257],"floor_reached":16,"playtime":544,"items_purged":[],"score":208,"play_id":"cbadea13-edd1-45b4-908f-daeaffd6e193","local_time":"20210110065741","is_ascension_mode":true,"campfire_choices":[{"floor":6.0,"key":"REST"},{"floor":8.0,"key":"REST"},{"data":"Eruption","floor":12.0,"key":"SMITH"},{"floor":15,"key":"REST"}],"circlet_count":0,"master_deck":["AscendersBane","Strike_P","Strike_P","Strike_P","Strike_P","Defend_P","Defend_P","Defend_P","Defend_P","Eruption+1","Vigilance","FollowUp","Indignation","EmptyFist","Adaptation","InnerPeace","WaveOfTheHand","Adaptation","ClearTheMind","BowlingBash"],"relics":["PureWater","NeowsBlessing","Dream Catcher","Pantograph","Art of War"],"acts_visited":["Exordium"],"potions_floor_usage":[14,14],"damage_taken":[{"damage":0.0,"enemies":"2 Louse","floor":1.0,"turns":1.0},{"damage":0.0,"enemies":"Cultist","floor":2.0,"turns":1.0},{"damage":0.0,"enemies":"Small Slimes","floor":4.0,"turns":1.0},{"damage":14.0,"enemies":"3 Louse","floor":5.0,"turns":3.0},{"damage":41.0,"enemies":"3 Sentries","floor":7.0,"turns":10.0},{"damage":0.0,"enemies":"2 Fungi Beasts","floor":10.0,"turns":2.0},{"damage":7.0,"enemies":"Blue Slaver","floor":11.0,"turns":5.0},{"damage":11,"enemies":"Lots of Slimes","floor":14,"turns":3},{"damage":58,"enemies":"Slime Boss","floor":16,"turns":9}],"seed_played":"-8881381210739975478","potions_obtained":[{"floor":2.0,"key":"FairyPotion"},{"floor":7.0,"key":"LiquidBronze"},{"floor":11.0,"key":"Fire Potion"}],"is_trial":false,"path_per_floor":["M","M","?","M","M","R","E","R","T","M","M","R","?","M","R","B"],"character_chosen":"WATCHER","items_purchased":[],"campfire_rested":3,"item_purchase_floors":[],"current_hp_per_floor":[61,61,16,16,2,22,1,21,21,21,14,14,14,3,23,0,0],"gold":257,"neow_bonus":"THREE_ENEMY_KILL","is_daily":false,"chose_seed":false,"campfire_upgraded":1,"win_rate":0.0,"timestamp":1610229461,"path_taken":["M","M","?","M","M","R","E","R","T","M","M","R","?","?","R","BOSS"],"items_purchased_type":[],"build_version":"2020-12-22","purchased_purges":0,"victory":false,"max_hp_per_floor":[68,68,68,68,68,68,68,68,68,68,68,68,68,68,68,68,68],"card_choices":[{"not_picked":["Prostrate","JustLucky","WreathOfFlame"],"picked":"SKIP","floor":1.0},{"not_picked":["FlyingSleeves","Protect"],"picked":"FollowUp","floor":2.0},{"not_picked":["Halt","FlyingSleeves"],"picked":"Indignation","floor":4.0},{"not_picked":["CutThroughFate","FlyingSleeves"],"picked":"EmptyFist","floor":5.0},{"not_picked":["SashWhip","Brilliance"],"picked":"Adaptation","floor":6.0},{"not_picked":["Halt","WheelKick"],"picked":"InnerPeace","floor":7.0},{"not_picked":["ThirdEye","Consecrate"],"picked":"WaveOfTheHand","floor":8.0},{"not_picked":["ClearTheMind","Collect"],"picked":"Adaptation","floor":10.0},{"not_picked":["Evaluate","Halt"],"picked":"ClearTheMind","floor":11.0},{"not_picked":["Study","JustLucky","Nirvana"],"picked":"SKIP","floor":14},{"not_picked":["JustLucky","ClearTheMind"],"picked":"BowlingBash","floor":15}],"player_experience":2484088,"relics_obtained":[{"floor":7.0,"key":"Pantograph"},{"floor":9.0,"key":"Art of War"}],"event_choices":[{"damage_healed":0.0,"max_hp_gain":0.0,"max_hp_loss":0.0,"gold_gain":0.0,"event_name":"Scrap Ooze","player_choice":"Success","floor":3.0,"gold_loss":0.0,"damage_taken":45.0,"relics_obtained":["Dream Catcher"]},{"damage_healed":0.0,"max_hp_gain":0.0,"max_hp_loss":0.0,"gold_gain":0.0,"event_name":"Match and Keep!","player_choice":"0 cards matched","floor":13.0,"gold_loss":0.0,"damage_taken":0.0,"cards_obtained":[]}],"is_beta":false,"boss_relics":[],"items_purged_floors":[],"is_endless":false,"potions_floor_spawned":[2,7,11],"killed_by":"Slime Boss","ascension_level":20}}