{"host":"ha6p5pdchuduffeg","time":1610171017,"event":{"mods":["Act Like it!","BaseMod","Gensokyo","KinomotoSakuraMod(ƒæ÷Æ±æ”£)","Koishi","Marisa£®ÏF”Í°°ƒß¿Ì…≥£©","Minty Spire (QoL Compilation)","Reimu£®≤©¿ˆ¡È√Œ£©","Remilia£®¿Ÿ√◊¿Ú—«£©","Replay The Spire","StSLib","The Servant 0.9.4","Youmu£®ªÍ∆«—˝√Œ£©"],"gold_per_floor":[369,384,117,117,128,128,161,178,178,191,221,221,241,266,266,364,364,377,377,476,476,476],"floor_reached":21,"playtime":825,"items_purged":["Hallucinations"],"score":239,"play_id":"c0efa3c3-402f-4be8-883d-fc7ee0e6aed8","local_time":"20210109134337","is_ascension_mode":true,"campfire_choices":[{"data":"ReplayTheSpireMod:Muscle Training","floor":6,"key":"SMITH"},{"floor":12,"key":"REST"},{"floor":15,"key":"REST"}],"circlet_count":0,"master_deck":["Strike_R","Strike_R","Strike_R","Strike_R","Strike_R","Defend_R","Defend_R","Defend_R","Defend_R","Bash","ReplayTheSpireMod:Muscle Training+1","Apotheosis","Dropkick","Cleave","ReplayTheSpireMod:Stacked","Bloodletting","Berserk","Double Tap","Replay:Undeath\u0027s Touch","Infernal Blade"],"relics":["Burning Blood","Replay:Wax Seal","Pear","Peace Pipe","Meat on the Bone","Ooze Armor"],"acts_visited":["Exordium","TheCity"],"potions_floor_usage":[14,14,16,18],"damage_taken":[{"damage":5.0,"enemies":"Small Slimes","floor":1.0,"turns":4.0},{"damage":13.0,"enemies":"Jaw Worm","floor":2.0,"turns":4.0},{"damage":6,"enemies":"2 Louse","floor":5,"turns":3},{"damage":15,"enemies":"Replay:BlueRogue","floor":7,"turns":5},{"damage":13,"enemies":"Looter","floor":8,"turns":3},{"damage":22,"enemies":"Gremlin Gang","floor":10,"turns":4},{"damage":18,"enemies":"Lagavulin","floor":11,"turns":7},{"damage":0,"enemies":"Blue Slaver","floor":13,"turns":5},{"damage":21,"enemies":"3 Sentries","floor":14,"turns":6},{"damage":63,"enemies":"The Guardian","floor":16,"turns":9},{"damage":25,"enemies":"3 Byrds","floor":18,"turns":7},{"damage":71,"enemies":"Shell Parasite","floor":21,"turns":7}],"seed_played":"-8940071029758406046","potions_obtained":[{"floor":8,"key":"ZuzhouPotion:ReiMu"},{"floor":11,"key":"DistilledChaos"},{"floor":13,"key":"Block Potion"},{"floor":16,"key":"ColorlessPotion"},{"floor":18,"key":"LifebloodPotion"}],"is_trial":false,"path_per_floor":["M","M","$","?","M","R","E","M","T","M","E","R","M","E","R","B",null,"M","?","?","M"],"character_chosen":"IRONCLAD","items_purchased":["Apotheosis"],"campfire_rested":2,"item_purchase_floors":[3],"current_hp_per_floor":[80,73,73,73,73,73,64,57,67,51,39,66,72,57,84,39,90,71,71,71,0,0],"gold":476,"neow_bonus":"TWO_FIFTY_GOLD","is_daily":false,"chose_seed":false,"campfire_upgraded":1,"win_rate":0.0,"timestamp":1610171017,"path_taken":["M","M","$","?","M","R","E","M","T","M","E","R","M","E","R","BOSS","M","?","?","M"],"items_purchased_type":["Card"],"build_version":"2020-12-22","purchased_purges":1,"victory":false,"max_hp_per_floor":[80,80,80,80,80,80,80,80,90,90,90,90,90,90,90,90,90,90,90,90,90,90],"card_choices":[{"not_picked":["Warcry","Body Slam","Thunderclap"],"picked":"SKIP","floor":1.0},{"not_picked":["Havoc","Run Through"],"picked":"ReplayTheSpireMod:Muscle Training","floor":2.0},{"not_picked":["Intimidate","Anger"],"picked":"Dropkick","floor":5},{"not_picked":["Abandon","ReplayTheSpireMod:Stacked"],"picked":"Cleave","floor":7},{"not_picked":["Body Slam","Metallicize"],"picked":"ReplayTheSpireMod:Stacked","floor":8},{"not_picked":["Searing Blow","Sword Boomerang","Clash"],"picked":"SKIP","floor":10},{"not_picked":["Thunderclap","Headbutt","Sever Soul"],"picked":"SKIP","floor":11},{"not_picked":["Sentinel","ReplayReversal"],"picked":"Bloodletting","floor":13},{"not_picked":["True Grit","Clothesline"],"picked":"Berserk","floor":14},{"not_picked":["Exhume","Hemogenesis"],"picked":"Double Tap","floor":16},{"not_picked":["Warcry","Iron Wave"],"picked":"Replay:Undeath\u0027s Touch","floor":18}],"player_experience":25328,"relics_obtained":[{"floor":7,"key":"Replay:Wax Seal"},{"floor":9,"key":"Pear"},{"floor":11,"key":"Peace Pipe"},{"floor":14,"key":"Meat on the Bone"}],"event_choices":[{"damage_healed":0.0,"max_hp_gain":0.0,"max_hp_loss":0.0,"gold_gain":0.0,"event_name":"The Cleric","player_choice":"Leave","floor":4.0,"gold_loss":0.0,"damage_taken":0.0},{"damage_healed":0,"gold_gain":0,"player_choice":"Read","damage_taken":0,"max_hp_gain":0,"max_hp_loss":0,"event_name":"The Library","floor":19,"gold_loss":0,"cards_obtained":["Infernal Blade"]},{"damage_healed":0,"gold_gain":99,"player_choice":"Stole From Cult","damage_taken":0,"max_hp_gain":0,"max_hp_loss":0,"event_name":"Nest","floor":20,"gold_loss":0}],"is_beta":false,"boss_relics":[{"not_picked":["Coffee Dripper","Abe\u0027s Treasure"],"picked":"Ooze Armor"}],"items_purged_floors":[3],"is_endless":false,"potions_floor_spawned":[8,11,13,16,18],"killed_by":"Shell Parasite","ascension_level":4}}