{"host":"dn6kke80v5f7isus","time":1610165588,"event":{"mods":["AchievementEnabler","Act Like it!","BaseMod","Colored Powertips","Custom Start","Defuse TimeMaze Blight","Downfall","Duelist Mod","Gremlin Skip","Highlight Path","Hubris","Infinite Spire","Minty Spire (QoL Compilation)","Rare Cards Sparkle","Replay The Spire","StSLib","Uncapped"],"gold_per_floor":[138,138,156,176,188,188,188,188,215,226,279,279,306,44,44,144,144,144,144],"floor_reached":18,"playtime":722,"items_purged":[],"score":200,"play_id":"9e26a683-9164-4d02-a99b-6614f949196c","local_time":"20210108231308","is_ascension_mode":true,"campfire_choices":[{"data":"theDuelist:GishkiAriel","floor":6,"key":"SMITH"},{"data":"theDuelist:AquaSpirit","floor":12,"key":"SMITH"},{"data":"theDuelist:SevenColoredFish","floor":15,"key":"SMITH"}],"circlet_count":0,"master_deck":["theDuelist:SevenColoredFish","theDuelist:SevenColoredFish+1","theDuelist:AquaSpirit+1","theDuelist:CastleWalls","theDuelist:CastleWalls","theDuelist:IslandTurtle","theDuelist:IslandTurtle","theDuelist:RevivalJam+1","theDuelist:Sparks","theDuelist:Sparks","theDuelist:GishkiAriel+1","theDuelist:GamecieltheSeaTurtleKaiju"],"relics":["theDuelist:MillenniumPuzzle","theDuelist:CardPoolRelic","theDuelist:CardPoolBasicRelic","theDuelist:BoosterPackPoolRelic","theDuelist:CardPoolAddRelic","theDuelist:CardPoolMinusRelic","theDuelist:CardPoolSaveRelic","theDuelist:CardPoolOptionsRelic","hubris:Icosahedron","theDuelist:DuelistOrichalcum","theDuelist:MillenniumPeriapt","infinitespire:Broken Mirror"],"acts_visited":["Exordium","TheCity"],"potions_floor_usage":[13,16],"damage_taken":[{"damage":0,"enemies":"Jaw Worm","floor":1,"turns":5},{"damage":0,"enemies":"Cultist","floor":3,"turns":3},{"damage":3,"enemies":"Small Slimes","floor":4,"turns":4},{"damage":5,"enemies":"Looter","floor":5,"turns":3},{"damage":10,"enemies":"Large Slime","floor":10,"turns":5},{"damage":2,"enemies":"Gremlin Nob","floor":13,"turns":3},{"damage":59,"enemies":"The Guardian","floor":16,"turns":13},{"damage":0,"enemies":"Chosen","floor":18,"turns":1}],"seed_played":"6305214760122869097","potions_obtained":[{"floor":1,"key":"LifebloodPotion"},{"floor":5,"key":"theDuelist:SummonArmorPotion"},{"floor":10,"key":"Toxic Potion"},{"floor":16,"key":"theDuelist:WaterBottle"}],"is_trial":false,"path_per_floor":["M","?","M","M","M","R","?","?","T","M","?","R","E","$","R","B",null,"M"],"character_chosen":"THE_DUELIST","items_purchased":["infinitespire:Broken Mirror"],"campfire_rested":0,"item_purchase_floors":[14],"current_hp_per_floor":[88,88,88,85,80,80,80,80,80,70,70,70,68,68,68,9,68,68,68],"gold":144,"neow_bonus":"TEN_PERCENT_HP_BONUS","is_daily":false,"chose_seed":false,"campfire_upgraded":3,"win_rate":0.0,"timestamp":1610165588,"path_taken":["M","?","?","M","M","R","?","?","T","M","?","R","E","$","R","BOSS","M"],"items_purchased_type":["Relic"],"build_version":"2020-12-22","purchased_purges":0,"victory":false,"max_hp_per_floor":[88,88,88,88,88,88,88,88,88,88,88,88,88,88,88,88,88,88,88],"card_choices":[{"not_picked":["theDuelist:AbyssWarrior","theDuelist:GraydleSlime","theDuelist:SpearfishSoldier","theDuelist:Dewdark","theDuelist:Uminotaurus"],"picked":"SKIP","floor":1},{"not_picked":["theDuelist:BoulderTortoise","theDuelist:BlizzardThunderbird","theDuelist:RageDeepSea","theDuelist:KoakiMeiruIce","theDuelist:UnshavenAngler"],"picked":"SKIP","floor":3},{"not_picked":["theDuelist:GishkiReliever","theDuelist:GishkiEmilia","theDuelist:GishkiShadow","theDuelist:GishkiBeast"],"picked":"theDuelist:GishkiAriel","floor":4},{"not_picked":["theDuelist:AquaactressTetra","theDuelist:KoakiMeiruIce","theDuelist:Boneheimer","theDuelist:Wetlands","theDuelist:Akihiron"],"picked":"SKIP","floor":5},{"not_picked":["theDuelist:WhiteAuraWhale","theDuelist:GishkiEmilia","theDuelist:DrillBarnacle"],"picked":"SKIP","floor":10},{"not_picked":["theDuelist:RageDeepSea","theDuelist:FishRain","theDuelist:BoulderTortoise","theDuelist:AbyssWarrior","theDuelist:FishKicks"],"picked":"SKIP","floor":13},{"not_picked":["theDuelist:TripodFish","theDuelist:SplashCapture","theDuelist:LostBlueBreaker","theDuelist:AtlanteanAttackSquad"],"picked":"theDuelist:GamecieltheSeaTurtleKaiju","floor":16}],"player_experience":560753,"relics_obtained":[{"floor":9,"key":"theDuelist:DuelistOrichalcum"},{"floor":13,"key":"theDuelist:MillenniumPeriapt"}],"event_choices":[{"damage_healed":0,"gold_gain":0,"player_choice":"Forge","damage_taken":0,"max_hp_gain":0,"max_hp_loss":0,"event_name":"Accursed Blacksmith","floor":2,"gold_loss":0,"cards_upgraded":["theDuelist:RevivalJam"]},{"damage_healed":0,"gold_gain":0,"player_choice":"Ignored","damage_taken":0,"max_hp_gain":0,"max_hp_loss":0,"event_name":"Liars Game","floor":8,"gold_loss":0},{"damage_healed":0,"gold_gain":53,"player_choice":"Gained Gold","damage_taken":0,"max_hp_gain":0,"max_hp_loss":0,"event_name":"Golden Wing","floor":11,"gold_loss":0}],"is_beta":false,"boss_relics":[{"not_picked":["hubris:RunicObelisk","ReplayTheSpireMod:SealedPack","hubris:VirtuousBlindfold"]}],"items_purged_floors":[],"is_endless":false,"potions_floor_spawned":[1,5,10,16],"killed_by":"Chosen","ascension_level":5}}