{"host":"ve5hox67eka4rdnb","time":1610196442,"event":{"mods":["ATMod(∞¢Ë™Mod)","Act Like it!","BaseMod","Downfall","Gensokyo","Hermit","Lobotomy","Marisa£®ÏF”Í°°ƒß¿Ì…≥£©","Minty Spire (QoL Compilation)","Remilia£®¿Ÿ√◊¿Ú—«£©","Replay The Spire","StSLib","The Cursed","The Servant 0.9.4"],"gold_per_floor":[112,54,67,83,93,93,125,142,142,67,84,84,84,100,100,100,100],"floor_reached":16,"playtime":875,"items_purged":["Defend_S"],"score":104,"play_id":"a221ade9-a9ca-4877-9e62-3e9e8ae94249","local_time":"20210109204722","is_ascension_mode":false,"campfire_choices":[{"data":"Exchange","floor":6,"key":"SMITH"},{"floor":12,"key":"REST"},{"floor":15,"key":"DIG"}],"circlet_count":0,"master_deck":["Strike_S","Strike_S","Strike_S","Strike_S","Defend_S","Defend_S","Defend_S","KidneyShot","Exchange+1","SurpressingFire","Luminosity","Luminosity","Starlight","Comet","Rearm","Solidify"],"relics":["Uniform","AT_ATBox","Bronze Scales","Strawberry","Du-Vu Doll"],"acts_visited":["Exordium"],"potions_floor_usage":[5,11,14],"damage_taken":[{"damage":8,"enemies":"Jaw Worm","floor":1,"turns":5},{"damage":10,"enemies":"Small Slimes","floor":3,"turns":4},{"damage":0,"enemies":"Cultist","floor":4,"turns":3},{"damage":5,"enemies":"Gremlin Gang","floor":5,"turns":8},{"damage":12,"enemies":"Lagavulin","floor":7,"turns":7},{"damage":14,"enemies":"Looter","floor":8,"turns":2},{"damage":0,"enemies":"2 Fungi Beasts","floor":11,"turns":3},{"damage":9,"enemies":"Exordium Thugs","floor":14,"turns":4},{"damage":26,"enemies":"Slime Boss","floor":16,"turns":6}],"seed_played":"-9136109588152752742","potions_obtained":[{"floor":1,"key":"LifebloodPotion"},{"floor":3,"key":"Block Potion"},{"floor":8,"key":"Doom Potion"},{"floor":11,"key":"FearPotion"}],"is_trial":false,"path_per_floor":["M","$","M","M","M","R","E","M","T","$","M","R","?","M","R","B"],"character_chosen":"THE_SERVANT","items_purchased":["Luminosity"],"campfire_rested":1,"item_purchase_floors":[2],"current_hp_per_floor":[57,57,47,47,42,42,30,16,16,16,16,35,42,33,33,7,7],"gold":100,"neow_bonus":"THREE_CARDS","is_daily":false,"chose_seed":false,"campfire_upgraded":1,"win_rate":0.0,"timestamp":1610196442,"path_taken":["M","$","M","M","M","R","E","M","T","$","M","R","?","M","R","BOSS"],"items_purchased_type":["Card"],"build_version":"2020-12-22","purchased_purges":1,"victory":false,"max_hp_per_floor":[65,65,65,65,65,65,65,65,65,65,65,65,72,72,72,72,72],"card_choices":[{"not_picked":["Starlight","Rearm"],"picked":"SurpressingFire","floor":0},{"not_picked":["MoonPhase","DoubleEdge","Alleviate"],"picked":"SKIP","floor":1},{"not_picked":["FastForward","Spin"],"picked":"Starlight","floor":3},{"not_picked":["Advance","TimeWarp","Alleviate"],"picked":"SKIP","floor":4},{"not_picked":["KillingDoll","Rewind"],"picked":"Comet","floor":5},{"not_picked":["Shuttle","FastForward","Rewind"],"picked":"SKIP","floor":7},{"not_picked":["WasteNot","RealityMarble"],"picked":"Rearm","floor":8},{"not_picked":["ShatteredReality","Contraction","Potential"],"picked":"SKIP","floor":11},{"not_picked":["Rewind","Unruled"],"picked":"Solidify","floor":14}],"player_experience":140695,"relics_obtained":[{"floor":7,"key":"Bronze Scales"},{"floor":15,"key":"Du-Vu Doll"}],"event_choices":[{"damage_healed":0,"gold_gain":0,"player_choice":"Searched \u00271\u0027 times","damage_taken":0,"relics_obtained":["Strawberry"],"max_hp_gain":0,"max_hp_loss":0,"event_name":"Dead Adventurer","floor":13,"gold_loss":0}],"is_beta":false,"boss_relics":[],"items_purged_floors":[10],"is_endless":false,"potions_floor_spawned":[1,3,8,11],"killed_by":"Slime Boss","ascension_level":0}}