{"host":"xqy2zcdkw56uhhws","time":1610206302,"event":{"mods":["Arknights The Spire","Ascension Reborn","BaseMod","GungeonMod","Hermit","KOR Keyword Fix","Koishi","Minty Spire (QoL Compilation)","Replay The Spire","StSLib","The Bug Knight","The Cursed","The Dragon Tamer","The Hierophant","The Runesmith"],"gold_per_floor":[116,116,81,102,102,102,102,102],"floor_reached":6,"playtime":529,"items_purged":[],"score":44,"play_id":"b04b78f6-2a7c-4732-8024-0b3a9da492b1","local_time":"20210110003142","is_ascension_mode":true,"metric_token":991,"campfire_choices":[],"dtmod_dragon_data":[15,50,-1,-1,0,0],"circlet_count":0,"master_deck":["DTMod:Strike","DTMod:Strike","DTMod:Strike","DTMod:Strike","DTMod:DoubleHit","DTMod:TargetDefense","DTMod:TargetDefense","DTMod:TargetDefense","DTMod:TargetDefense","DTMod:SwitchingTactic","DTMod:FlameSlash","DTMod:ForkedFire","CommonCold"],"relics":["DTMod:PactStone","Golden Idol","ReplayTheSpireMod:Ring of Addiction","ReplayTheSpireMod:Ring of Collecting","Chameleon Ring","Toy Ornithopter"],"acts_visited":["Exordium"],"potions_floor_usage":[],"damage_taken":[{"damage":0,"enemies":"2 Louse","floor":1,"turns":3},{"damage":0,"enemies":"Small Slimes","floor":4,"turns":3},{"damage":1,"enemies":"Replay:BlueRogue","floor":6,"turns":6}],"seed_played":"3957806712087644101","potions_obtained":[{"floor":4,"key":"Block Potion"},{"floor":5,"key":"Explosive Potion"}],"is_trial":false,"path_per_floor":["M","?","?","M","?","E"],"character_chosen":"THE_DT","items_purchased":[],"campfire_rested":0,"item_purchase_floors":[],"current_hp_per_floor":[49,37,49,49,49,48,48,48],"gold":102,"neow_bonus":"TEN_PERCENT_HP_BONUS","is_daily":false,"chose_seed":false,"campfire_upgraded":0,"win_rate":0.0,"timestamp":1610206302,"path_taken":["M","?","?","M","?","E"],"items_purchased_type":[],"build_version":"2020-12-22","purchased_purges":0,"victory":false,"max_hp_per_floor":[49,49,49,49,49,49,49,49],"card_choices":[{"not_picked":["DTMod:CleansingStrike","DTMod:Training"],"picked":"DTMod:FlameSlash","floor":1},{"not_picked":["DTMod:MagiciansMark","DTMod:Adaptation"],"picked":"DTMod:ForkedFire","floor":4}],"player_experience":19088,"relics_obtained":[{"floor":5,"key":"ReplayTheSpireMod:Ring of Addiction"},{"floor":5,"key":"ReplayTheSpireMod:Ring of Collecting"},{"floor":5,"key":"Chameleon Ring"},{"floor":5,"key":"Toy Ornithopter"}],"event_choices":[{"damage_healed":0,"gold_gain":0,"player_choice":"Take Damage","damage_taken":12,"relics_obtained":["Golden Idol"],"max_hp_gain":0,"max_hp_loss":0,"event_name":"Golden Idol","floor":2,"gold_loss":0},{"damage_healed":12,"gold_gain":0,"player_choice":"Healed","damage_taken":0,"max_hp_gain":0,"max_hp_loss":0,"event_name":"The Cleric","floor":3,"gold_loss":35}],"is_beta":false,"boss_relics":[],"items_purged_floors":[],"is_endless":false,"potions_floor_spawned":[4,6],"killed_by":"Replay:BlueRogue","ascension_level":0}}