{"host":"vlqejv0notyktumz","time":1610222234,"event":{"mods":["AchievementEnabler","BaseMod","Googly Eyes","Minty Spire (QoL Compilation)"],"gold_per_floor":[119,119,131,147,165,165,165,182,182,229,229,242,270,280,280,383,383,399,419,419,419,435,435,451,451,451,451,550,568,568,581,581,684,684,699,78,78,78,98,98,114,14,14,14,30,30,44,59,59,59,59],"floor_reached":50,"playtime":1167,"items_purged":["Strike_B+1","Reprogram+1"],"score":607,"play_id":"db4062d8-08f5-4b5e-a4bb-addb3d035ba8","local_time":"20210109135714","is_ascension_mode":true,"campfire_choices":[{"data":"Zap","floor":6,"key":"SMITH"},{"floor":11,"key":"REST"},{"floor":15,"key":"REST"},{"floor":23,"key":"REST"},{"data":"Auto Shields","floor":25,"key":"SMITH"},{"data":"Leap","floor":27,"key":"SMITH"},{"data":"Thunder Strike","floor":30,"key":"SMITH"},{"data":"Reinforced Body","floor":32,"key":"SMITH"},{"data":"Zap","floor":40,"key":"SMITH"},{"floor":44,"key":"REST"},{"floor":46,"key":"REST"},{"floor":49,"key":"REST"}],"circlet_count":0,"master_deck":["Defend_B","Defend_B","Defend_B","Zap+1","Dualcast","Electrodynamics+1","Ball Lightning","Ball Lightning+1","Ball Lightning+1","Reinforced Body+1","Leap+1","Auto Shields+1","Thunder Strike+1","Fission+1","Multi-Cast+1","Defragment+1","Leap+1","Lockon","All For One","FTL","Zap+1","Parasite","Hologram+1"],"relics":["Cracked Core","Singing Bowl","Whetstone","White Beast Statue","Astrolabe","Darkstone Periapt","Inserter","Thread and Needle","Happy Flower","Bag of Marbles"],"acts_visited":["Exordium","TheCity","TheBeyond"],"potions_floor_usage":[13,19,29,33,33,33,39,41,48,48,50,50,50],"damage_taken":[{"damage":1,"enemies":"Cultist","floor":1,"turns":4},{"damage":0,"enemies":"2 Louse","floor":3,"turns":1},{"damage":7,"enemies":"Jaw Worm","floor":4,"turns":3},{"damage":20,"enemies":"Lots of Slimes","floor":5,"turns":3},{"damage":7,"enemies":"Large Slime","floor":8,"turns":3},{"damage":0,"enemies":"3 Louse","floor":12,"turns":2},{"damage":15,"enemies":"Lagavulin","floor":13,"turns":4},{"damage":1,"enemies":"2 Fungi Beasts","floor":14,"turns":2},{"damage":10,"enemies":"Hexaghost","floor":16,"turns":9},{"damage":1,"enemies":"Spheric Guardian","floor":18,"turns":3},{"damage":0,"enemies":"3 Byrds","floor":19,"turns":1},{"damage":27,"enemies":"Snake Plant","floor":22,"turns":4},{"damage":0,"enemies":"Centurion and Healer","floor":24,"turns":5},{"damage":0,"enemies":"Chosen and Byrds","floor":29,"turns":4},{"damage":4,"enemies":"Snake Plant","floor":31,"turns":3},{"damage":58,"enemies":"Automaton","floor":33,"turns":10},{"damage":1,"enemies":"Orb Walker","floor":35,"turns":4},{"damage":12,"enemies":"3 Darklings","floor":39,"turns":2},{"damage":26,"enemies":"Spire Growth","floor":41,"turns":4},{"damage":24,"enemies":"Writhing Mass","floor":45,"turns":6},{"damage":23,"enemies":"3 Darklings","floor":47,"turns":4},{"damage":4,"enemies":"Transient","floor":48,"turns":5},{"damage":91,"enemies":"Time Eater","floor":50,"turns":6}],"seed_played":"6608621287425660422","potions_obtained":[{"floor":3,"key":"SkillPotion"},{"floor":8,"key":"GamblersBrew"},{"floor":12,"key":"LiquidMemories"},{"floor":13,"key":"SteroidPotion"},{"floor":14,"key":"Energy Potion"},{"floor":19,"key":"SteroidPotion"},{"floor":24,"key":"Block Potion"},{"floor":29,"key":"AttackPotion"},{"floor":31,"key":"Block Potion"},{"floor":33,"key":"FocusPotion"},{"floor":35,"key":"ColorlessPotion"},{"floor":39,"key":"SpeedPotion"},{"floor":41,"key":"GamblersBrew"},{"floor":45,"key":"SkillPotion"},{"floor":47,"key":"EntropicBrew"},{"floor":48,"key":"AttackPotion"}],"is_trial":false,"path_per_floor":["M","?","M","M","M","R","?","M","T","T","R","M","E","M","R","B",null,"M","M","?","?","M","R","M","R","T","R","?","M","R","M","R","B",null,"M","$","?","?","M","R","M","$","T","R","M","R","M","M","R","B"],"character_chosen":"DEFECT","items_purchased":["Thread and Needle","Happy Flower","Static Discharge","FTL"],"campfire_rested":6,"item_purchase_floors":[36,36,36,36],"current_hp_per_floor":[67,60,60,53,33,33,18,11,11,11,33,35,20,19,42,32,66,65,65,65,65,40,63,65,65,65,65,65,67,67,63,63,5,64,65,65,65,65,55,55,31,31,31,57,41,70,47,45,74,0,0],"gold":59,"neow_bonus":"ONE_RANDOM_RARE_CARD","is_daily":false,"chose_seed":false,"campfire_upgraded":6,"win_rate":0.0,"timestamp":1610222234,"path_taken":["M","?","M","M","M","R","?","M","T","?","R","M","E","?","R","BOSS","M","M","?","?","M","R","M","R","T","R","?","M","R","M","R","BOSS","M","$","?","?","M","R","?","$","T","R","M","R","M","M","R","BOSS"],"items_purchased_type":["Relic","Relic","Card","Card"],"build_version":"2020-12-22","purchased_purges":2,"victory":false,"max_hp_per_floor":[75,75,75,75,75,75,75,75,75,75,75,77,77,77,77,77,77,77,77,77,77,79,79,81,81,81,81,81,83,83,83,83,83,83,85,85,85,85,87,87,89,89,89,89,97,97,97,99,99,99,99],"card_choices":[{"not_picked":["Hologram","Hello World"],"picked":"Ball Lightning","floor":1},{"not_picked":["Steam","Aggregate"],"picked":"Ball Lightning","floor":3},{"not_picked":["Fusion","Barrage"],"picked":"Ball Lightning","floor":4},{"not_picked":["Capacitor","Reprogram","Darkness"],"picked":"SKIP","floor":5},{"not_picked":["Sweeping Beam","Consume"],"picked":"Reinforced Body","floor":8},{"not_picked":["Barrage","Loop","Compile Driver"],"picked":"Singing Bowl","floor":12},{"not_picked":["Chaos","Sunder"],"picked":"Leap","floor":13},{"not_picked":["Beam Cell","Skim"],"picked":"Auto Shields","floor":14},{"not_picked":["Hyperbeam","Creative AI"],"picked":"Thunder Strike","floor":16},{"not_picked":["Chaos+1","Cold Snap"],"picked":"Defragment+1","floor":18},{"not_picked":["Turbo","Hologram"],"picked":"Leap+1","floor":19},{"not_picked":["Double Energy+1","Rebound+1","Redo"],"picked":"Singing Bowl","floor":22},{"not_picked":["Steam","Glacier","Leap"],"picked":"Singing Bowl","floor":24},{"not_picked":["Hyperbeam","White Noise","Sweeping Beam"],"picked":"Singing Bowl","floor":29},{"not_picked":["Leap","Hologram"],"picked":"Lockon","floor":31},{"not_picked":["Reboot","Hyperbeam"],"picked":"All For One","floor":33},{"not_picked":["Turbo","Sweeping Beam+1","Stack"],"picked":"Singing Bowl","floor":35},{"not_picked":["Fusion","Stack","Streamline"],"picked":"Singing Bowl","floor":39},{"not_picked":["Go for the Eyes","Barrage","Ball Lightning+1"],"picked":"Singing Bowl","floor":41},{"not_picked":["Core Surge","White Noise","Storm"],"picked":"Singing Bowl","floor":45},{"not_picked":["Reinforced Body","Sweeping Beam+1"],"picked":"Hologram+1","floor":47},{"not_picked":["Sweeping Beam+1","Aggregate+1","Tempest"],"picked":"Singing Bowl","floor":48}],"player_experience":312577,"relics_obtained":[{"floor":9,"key":"Singing Bowl"},{"floor":10,"key":"Whetstone"},{"floor":13,"key":"White Beast Statue"},{"floor":26,"key":"Darkstone Periapt"},{"floor":43,"key":"Bag of Marbles"}],"event_choices":[{"cards_removed":["Strike_B"],"damage_healed":0,"gold_gain":0,"player_choice":"Card Removal","damage_taken":7,"max_hp_gain":0,"max_hp_loss":0,"event_name":"Golden Wing","floor":2,"gold_loss":0},{"damage_healed":0,"gold_gain":0,"player_choice":"Entered Light","damage_taken":15,"max_hp_gain":0,"max_hp_loss":0,"event_name":"Shining Light","floor":7,"gold_loss":0,"cards_upgraded":["Ball Lightning","Electrodynamics"]},{"damage_healed":0,"gold_gain":0,"player_choice":"Ignored","damage_taken":0,"max_hp_gain":0,"max_hp_loss":0,"event_name":"Ghosts","floor":20,"gold_loss":0},{"damage_healed":0,"gold_gain":0,"player_choice":"Ignored","damage_taken":0,"max_hp_gain":0,"max_hp_loss":0,"event_name":"Cursed Tome","floor":21,"gold_loss":0},{"damage_healed":0,"gold_gain":99,"player_choice":"Stole From Cult","damage_taken":0,"max_hp_gain":0,"max_hp_loss":0,"event_name":"Nest","floor":28,"gold_loss":0},{"cards_removed":["Static Discharge"],"damage_healed":0,"gold_gain":0,"player_choice":"Removed Power","damage_taken":0,"max_hp_gain":0,"max_hp_loss":0,"event_name":"Falling","floor":37,"gold_loss":0},{"damage_healed":0,"gold_gain":0,"player_choice":"1 cards matched","damage_taken":0,"max_hp_gain":0,"max_hp_loss":0,"event_name":"Match and Keep!","floor":38,"gold_loss":0,"cards_obtained":["Zap"]}],"is_beta":false,"boss_relics":[{"not_picked":["Busted Crown","FrozenCore"],"picked":"Astrolabe"},{"not_picked":["Nuclear Battery","Philosopher\u0027s Stone"],"picked":"Inserter"}],"items_purged_floors":[36,42],"is_endless":false,"potions_floor_spawned":[3,8,12,13,14,16,18,19,22,24,29,31,33,35,39,41,45,47,48],"killed_by":"Time Eater","ascension_level":6}}