{"host":"vjkx177ju3wjmzef","time":1610233976,"event":{"mods":["BaseMod","Block Reminder","Colored Map","Colored Powertips","DeckTracker","Googly Eyes","Highlight Path","Minty Spire (QoL Compilation)","Quick Restart","Random Character Button","Relic Stats","Replay The Spire","StSLib"],"gold_per_floor":[117,6,6,24,38,38,72,72,97,47,67,80,80,80,80,80,80],"floor_reached":16,"playtime":1278,"items_purged":["Regret"],"score":100,"play_id":"e7686c59-1971-46e4-992e-8887ee56cb14","local_time":"20210109171256","is_ascension_mode":false,"campfire_choices":[{"data":"FlyingSleeves","floor":6,"key":"SMITH"},{"floor":8,"key":"REST"},{"data":"Defend_P","floor":13,"key":"PURGE"},{"data":"Eruption","floor":15,"key":"SMITH"}],"circlet_count":0,"master_deck":["Strike_P","Strike_P","Strike_P","Defend_P","Defend_P","Defend_P","Eruption+1","Vigilance","Prostrate","Meditate","DeceiveReality","FlyingSleeves+1","Halt","EmptyBody","SashWhip"],"relics":["PureWater","Orichalcum","Peace Pipe","Simple Rune","Unceasing Top"],"acts_visited":["Exordium"],"potions_floor_usage":[16],"damage_taken":[{"damage":7,"enemies":"Cultist","floor":1,"turns":4},{"damage":5,"enemies":"Small Slimes","floor":4,"turns":4},{"damage":1,"enemies":"Jaw Worm","floor":5,"turns":8},{"damage":48,"enemies":"Gremlin Nob","floor":7,"turns":7},{"damage":0,"enemies":"Large Slime","floor":11,"turns":4},{"damage":1,"enemies":"Blue Slaver","floor":12,"turns":5},{"damage":61,"enemies":"Fading Forest","floor":16,"turns":9}],"seed_played":"-8644148135212693335","potions_obtained":[{"floor":11,"key":"BottledMiracle"},{"floor":12,"key":"Death Potion"}],"is_trial":false,"path_per_floor":["M","$","?","M","M","R","E","R","T","?","M","M","R","T","R","B"],"character_chosen":"WATCHER","items_purchased":["Meditate"],"campfire_rested":1,"item_purchase_floors":[2],"current_hp_per_floor":[65,65,65,60,59,59,11,32,32,32,32,31,31,31,31,0,0],"gold":80,"neow_bonus":"RANDOM_EVENT","is_daily":false,"chose_seed":false,"campfire_upgraded":2,"win_rate":0.0,"timestamp":1610233976,"path_taken":["M","$","?","?","M","R","E","R","T","?","M","M","R","?","R","BOSS"],"items_purchased_type":["Card"],"build_version":"2020-12-22","purchased_purges":1,"victory":false,"max_hp_per_floor":[72,72,72,72,72,72,72,72,72,72,72,72,72,72,72,72,72],"relic_stats":{"Peace Pipe":3,"counters":[7,41],"Orichalcum":[42],"obtain_stats":[{"Peace Pipe":7,"Simple Rune":9,"PureWater":0,"Orichalcum":0,"Unceasing Top":14},{"Peace Pipe":4,"Simple Rune":4,"PureWater":0,"Orichalcum":0,"Unceasing Top":6},{"Peace Pipe":23,"Simple Rune":23,"PureWater":0,"Orichalcum":0,"Unceasing Top":32}],"Unceasing Top":[0]},"card_choices":[{"not_picked":["Replay:BluntJabs","SignatureMove"],"picked":"Prostrate","floor":1},{"not_picked":["Replay:Anticipation","SignatureMove"],"picked":"DeceiveReality","floor":4},{"not_picked":["ClearTheMind","CarveReality"],"picked":"FlyingSleeves","floor":5},{"not_picked":["Protect","Replay:ManipulateFuture"],"picked":"Halt","floor":7},{"not_picked":["Replay:AtTheReady","Protect"],"picked":"EmptyBody","floor":11},{"not_picked":["EmptyMind","Sanctity"],"picked":"SashWhip","floor":12}],"player_experience":158279,"relics_obtained":[{"floor":7,"key":"Peace Pipe"},{"floor":9,"key":"Simple Rune"},{"floor":14,"key":"Unceasing Top"}],"event_choices":[{"damage_healed":0,"gold_gain":0,"player_choice":"Box","damage_taken":0,"relics_obtained":["Orichalcum"],"max_hp_gain":0,"max_hp_loss":0,"event_name":"Big Fish","floor":0,"gold_loss":0,"cards_obtained":["Regret"]},{"damage_healed":0,"gold_gain":0,"player_choice":"Ignored","damage_taken":0,"max_hp_gain":0,"max_hp_loss":0,"event_name":"NoteForYourself","floor":3,"gold_loss":0},{"cards_removed":["Strike_P"],"damage_healed":0,"gold_gain":0,"player_choice":"Card Removal","damage_taken":0,"max_hp_gain":0,"max_hp_loss":0,"event_name":"The Cleric","floor":10,"gold_loss":50}],"is_beta":false,"boss_relics":[],"items_purged_floors":[2],"is_endless":false,"potions_floor_spawned":[11,12],"killed_by":"Fading Forest","ascension_level":0}}