{"host":"Bilverbakes","time":1610224915,"event":{"mods":["2.2 Compatiblity","AchievementEnabler","BaseMod","Bestiary","Colored Map","Minty Spire (QoL Compilation)","Relic Stats","StSLib","ojb\u0027s Info Mod"],"gold_per_floor":[118,143,158,158,182,182,223,223,223,223,223,71,86,121,121,219,219,237,237,258,258,258],"floor_reached":21,"playtime":936,"items_purged":[],"score":474,"play_id":"933f88b2-67fd-4b38-8225-c7d9a9ac8529","local_time":"20210109144155","is_ascension_mode":true,"campfire_choices":[{"data":"Feel No Pain","floor":6.0,"key":"SMITH"},{"floor":8.0,"key":"REST"},{"data":"Bash","floor":11.0,"key":"SMITH"},{"floor":15.0,"key":"REST"}],"circlet_count":0,"master_deck":["AscendersBane","Bash+1","Metallicize","Feel No Pain+1","Anger","Sword Boomerang","Fiend Fire","Demon Form+1","Berserk+1","Immolate","Intimidate","Flame Barrier","Exhume","Armaments","Sever Soul","Warcry","Pummel","Pummel","Bloodletting","Pain","Thunderclap"],"relics":["Burning Blood","Unceasing Top","Vajra","Golden Idol","Darkstone Periapt","Frozen Egg 2","War Paint","Pandora\u0027s Box","WarpedTongs"],"acts_visited":["Exordium","TheCity"],"potions_floor_usage":[],"damage_taken":[{"damage":12.0,"enemies":"Cultist","floor":1.0,"turns":4.0},{"damage":7.0,"enemies":"Small Slimes","floor":3.0,"turns":3.0},{"damage":0.0,"enemies":"2 Louse","floor":5.0,"turns":1.0},{"damage":46.0,"enemies":"Lagavulin","floor":7.0,"turns":7.0},{"damage":6.0,"enemies":"Exordium Thugs","floor":13.0,"turns":5.0},{"damage":8.0,"enemies":"Gremlin Nob","floor":14.0,"turns":3.0},{"damage":0.0,"enemies":"Slime Boss","floor":16.0,"turns":7.0},{"damage":19.0,"enemies":"2 Thieves","floor":18.0,"turns":4.0},{"damage":29.0,"enemies":"Shell Parasite","floor":20.0,"turns":5.0},{"damage":34,"enemies":"Snecko","floor":21,"turns":3}],"seed_played":"6274054933118616998","potions_obtained":[{"floor":3.0,"key":"SteroidPotion"},{"floor":7.0,"key":"SkillPotion"},{"floor":14.0,"key":"DuplicationPotion"},{"floor":16.0,"key":"DuplicationPotion"}],"is_trial":false,"path_per_floor":["M","T","M","?","M","R","E","R","T","?","R","$","M","E","R","B",null,"M","?","M","M"],"character_chosen":"IRONCLAD","items_purchased":["Fiend Fire"],"campfire_rested":2,"item_purchase_floors":[12],"current_hp_per_floor":[44,44,43,43,49,49,9,29,29,22,22,22,22,20,40,46,63,50,56,33,0,0],"gold":258,"neow_bonus":"ONE_RARE_RELIC","is_daily":false,"chose_seed":false,"campfire_upgraded":2,"win_rate":0.0,"timestamp":1610224915,"path_taken":["M","?","M","?","M","R","E","R","T","?","R","$","M","E","R","BOSS","M","?","M","?"],"items_purchased_type":["Card"],"build_version":"2020-12-18","purchased_purges":0,"victory":false,"max_hp_per_floor":[75,75,75,68,68,68,68,68,68,68,68,68,68,68,68,68,68,68,74,74,74,74],"relic_stats":{"Darkstone Periapt":6,"counters":[10,42],"Golden Idol":51,"Pandora\u0027s Box":["Intimidate","Flame Barrier","Exhume","Armaments","Sever Soul","Warcry","Pummel","Pummel"],"War Paint":["Defend_R","Defend_R"],"obtain_stats":[{"Darkstone Periapt":7,"Golden Idol":4,"Vajra":2,"Pandora\u0027s Box":17,"Frozen Egg 2":9,"War Paint":14,"Burning Blood":0,"Unceasing Top":0,"WarpedTongs":19},{"Darkstone Periapt":4,"Golden Idol":2,"Vajra":1,"Pandora\u0027s Box":7,"Frozen Egg 2":4,"War Paint":6,"Burning Blood":0,"Unceasing Top":0,"WarpedTongs":8},{"Darkstone Periapt":15,"Golden Idol":7,"Vajra":4,"Pandora\u0027s Box":30,"Frozen Egg 2":15,"War Paint":23,"Burning Blood":0,"Unceasing Top":0,"WarpedTongs":34}],"Burning Blood":54,"Unceasing Top":[9],"WarpedTongs":[8]},"card_choices":[{"not_picked":["True Grit","Burning Pact"],"picked":"Metallicize","floor":1.0},{"not_picked":["Dual Wield","Hemokinesis"],"picked":"Feel No Pain","floor":3.0},{"not_picked":["Pummel","Warcry"],"picked":"Anger","floor":5.0},{"not_picked":["Fire Breathing","Clash"],"picked":"Sword Boomerang","floor":7.0},{"not_picked":["Warcry","Twin Strike"],"picked":"Demon Form+1","floor":13.0},{"not_picked":["Burning Pact","Shrug It Off"],"picked":"Berserk+1","floor":14.0},{"not_picked":["Corruption+1","Limit Break"],"picked":"Immolate","floor":16.0},{"not_picked":["Pommel Strike","Whirlwind"],"picked":"Bloodletting","floor":18.0},{"not_picked":["Sword Boomerang","Clash"],"picked":"Thunderclap","floor":20.0}],"player_experience":648014,"relics_obtained":[{"floor":2.0,"key":"Vajra"},{"floor":7.0,"key":"Darkstone Periapt"},{"floor":9.0,"key":"Frozen Egg 2"},{"floor":14.0,"key":"War Paint"}],"event_choices":[{"damage_healed":0.0,"max_hp_gain":0.0,"max_hp_loss":7.0,"gold_gain":0.0,"event_name":"Golden Idol","player_choice":"Lose Max HP","floor":4.0,"gold_loss":0.0,"damage_taken":0.0,"relics_obtained":["Golden Idol"]},{"cards_removed":["Strike_R"],"damage_healed":0.0,"max_hp_gain":0.0,"max_hp_loss":0.0,"gold_gain":0.0,"event_name":"Golden Wing","player_choice":"Card Removal","floor":10.0,"gold_loss":0.0,"damage_taken":7.0},{"damage_healed":0.0,"max_hp_gain":0.0,"max_hp_loss":0.0,"gold_gain":0.0,"event_name":"Accursed Blacksmith","player_choice":"Rummage","floor":19.0,"gold_loss":0.0,"damage_taken":0.0,"relics_obtained":["WarpedTongs"],"cards_obtained":["Pain"]}],"is_beta":true,"boss_relics":[{"not_picked":["Busted Crown","Snecko Eye"],"picked":"Pandora\u0027s Box"}],"items_purged_floors":[],"is_endless":false,"potions_floor_spawned":[3,7,14,16],"killed_by":"Snecko","ascension_level":20}}