{"host":"3asmp5aovk69ekg9","time":1610151957,"event":{"mods":["100% Spire Juice","BaseMod","BetterRewards","Colored Map","Colored Powertips","Dark Map","Hermit","Koishi","Magitek Elite","Minty Spire (QoL Compilation)","Permanent Neow","Remove Card Discount Mod","Shade Mod","StSLib","The Alterego","The Cursed","The Death Knight","The Fake Hero","The IronCluck","The Marked","The Senshi","The Wild Card"],"gold_per_floor":[109,128,128,128,93,122,135,170,170,170,198,210,285,313,313,409,409,423,522,538,350,350,383,383,383,406,113,113,113,132,157,157,258,308,326,326,345,345,65,95,150,177,229,229,229,241,268,301,301,301,301,301,0,34,34],"floor_reached":56,"playtime":6986,"items_purged":["Strike_R","Bash","Strike_R","Strike_R","Strike_R","Strike_R","Defend_R","Defend_R","Defend_R","Defend_R","Perfected Strike","Perfected Strike"],"score":2118,"play_id":"adc2b5e9-0784-43c6-b813-8c0fe07a7947","local_time":"20210108162557","is_ascension_mode":true,"campfire_choices":[{"data":"Uppercut","floor":10.0,"key":"SMITH"},{"data":"Metallicize","floor":15.0,"key":"SMITH"},{"data":"Demon Form","floor":25.0,"key":"SMITH"},{"floor":29.0,"key":"REST"},{"data":"Rupture","floor":32.0,"key":"SMITH"},{"data":"Flame Barrier","floor":45.0,"key":"SMITH"},{"floor":49.0,"key":"RECALL"},{"data":"Iron Wave","floor":52.0,"key":"SMITH"}],"circlet_count":0,"master_deck":["Bandage Up","Uppercut+1","Rupture+1","Metallicize+1","Hemokinesis","Bloodletting","Demon Form+1","Iron Wave+1","Flame Barrier+1","Juggernaut","Hemokinesis","Sword Boomerang+1","Reaper","Dropkick","Headbutt","Iron Wave+1","Double Tap","Exhume","Clothesline+1","Double Tap","Flame Barrier+1","Blood for Blood"],"relics":["Burning Blood","Blood Vial","Tiny Chest","Calipers","Singing Bowl","Orichalcum","Gremlin Horn","Sozu","Anchor","Pen Nib","Mythril_Glove","Juzu Bracelet","Regal Pillow","Nunchaku","Tiny House","Eternal Feather","Medical Kit","Strawberry","Girya","Sundial","Ancient Tea Set","Bronze Scales","Tintinnabulum","Membership Card","Kunai","Paper Frog"],"acts_visited":["Exordium","TheCity","TheBeyond","TheEnding"],"potions_floor_usage":[55],"damage_taken":[{"damage":4.0,"enemies":"Cultist","floor":1.0,"turns":4.0},{"damage":8.0,"enemies":"Jaw Worm","floor":2.0,"turns":4.0},{"damage":28.0,"enemies":"Gremlin Nob","floor":6.0,"turns":4.0},{"damage":21.0,"enemies":"Small Slimes","floor":7.0,"turns":4.0},{"damage":20.0,"enemies":"3 Sentries","floor":8.0,"turns":8.0},{"damage":28.0,"enemies":"Lagavulin","floor":11.0,"turns":7.0},{"damage":17.0,"enemies":"Exordium Thugs","floor":12.0,"turns":6.0},{"damage":5.0,"enemies":"Gremlin Nob","floor":14.0,"turns":5.0},{"damage":10.0,"enemies":"Slime Boss","floor":16.0,"turns":7.0},{"damage":45.0,"enemies":"3 Byrds","floor":18.0,"turns":5.0},{"damage":6.0,"enemies":"Chosen","floor":20.0,"turns":4.0},{"damage":66.0,"enemies":"Slavers","floor":23.0,"turns":5.0},{"damage":25.0,"enemies":"Centurion and Healer","floor":30.0,"turns":4.0},{"damage":24.0,"enemies":"Book of Stabbing","floor":31.0,"turns":5.0},{"damage":52.0,"enemies":"Collector","floor":33.0,"turns":6.0},{"damage":2.0,"enemies":"Orb Walker","floor":35.0,"turns":3.0},{"damage":13.0,"enemies":"3 Shapes","floor":37.0,"turns":4.0},{"damage":35.0,"enemies":"Giant Head","floor":40.0,"turns":7.0},{"damage":97.0,"enemies":"2 Orb Walkers","floor":41.0,"turns":6.0},{"damage":68.0,"enemies":"Nemesis","floor":42.0,"turns":7.0},{"damage":12.0,"enemies":"Spire Growth","floor":46.0,"turns":4.0},{"damage":74.0,"enemies":"Giant Head","floor":48.0,"turns":8.0},{"damage":85.0,"enemies":"Donu and Deca","floor":50.0,"turns":7.0},{"damage":108,"enemies":"Shield and Spear","floor":54,"turns":8},{"damage":118,"enemies":"The Heart","floor":55,"turns":9}],"seed_played":"361012305816056568","potions_obtained":[{"floor":2.0,"key":"ElixirPotion"},{"floor":12.0,"key":"DeathKnight:RimePotion"},{"floor":14.0,"key":"Fire Potion"},{"floor":16.0,"key":"SpeedPotion"}],"is_trial":false,"path_per_floor":["M","M","?","T","$","E","M","E","T","R","E","M","?","E","R","B",null,"M","?","M","$","?","E","T","R","T","$","?","R","M","E","R","B",null,"M","?","M","T","$","E","?","E","T","?","R","M","T","E","R","B",null,"R","$","E","B",null],"character_chosen":"IRONCLAD","items_purchased":["Bandage Up","Uppercut","Rupture","Metallicize","Perfected Strike","Bloodletting","Anchor","Headbutt","Juzu Bracelet","Regal Pillow","Medical Kit","Double Tap","Membership Card","Kunai","Blood for Blood"],"campfire_rested":1,"item_purchase_floors":[0,0,0,0,0,5,21,21,27,27,39,39,53,53,53],"current_hp_per_floor":[61,63,68,68,68,52,43,35,35,35,19,14,6,13,13,15,68,51,51,57,57,57,18,18,18,18,18,18,59,48,45,45,20,79,95,95,98,98,98,107,56,40,40,40,52,63,63,33,46,62,101,113,113,49,10],"gold":34,"neow_bonus":"","is_daily":false,"chose_seed":false,"campfire_upgraded":6,"win_rate":0.0,"timestamp":1610151957,"path_taken":["M","M","?","?","$","E","M","E","T","R","E","M","?","E","R","BOSS","M","?","M","$","?","E","?","R","T","?","?","R","M","E","R","BOSS","M","?","M","?","?","E","?","E","T","?","R","M","?","E","R","BOSS","R","$","E","BOSS"],"items_purchased_type":["Card","Card","Card","Card","Card","Card","Relic","Card","Relic","Relic","Relic","Card","Relic","Relic","Card"],"build_version":"2020-12-22","purchased_purges":12,"victory":true,"max_hp_per_floor":[80,80,85,85,85,85,85,85,85,85,85,85,85,85,85,85,85,87,87,87,87,87,87,87,87,87,87,87,87,89,89,89,89,96,96,96,98,98,98,107,109,109,109,109,109,111,111,113,113,113,113,113,113,115,115],"card_choices":[{"not_picked":["Evolve","Warcry"],"picked":"Perfected Strike","floor":1.0},{"not_picked":["Shrug It Off","Heavy Blade"],"picked":"Hemokinesis","floor":2.0},{"not_picked":["Shockwave","Perfected Strike"],"picked":"Demon Form","floor":6.0},{"not_picked":["Armaments","Havoc"],"picked":"Iron Wave","floor":7.0},{"not_picked":["Evolve","Anger"],"picked":"Flame Barrier","floor":8.0},{"not_picked":["Bloodletting","Flame Barrier"],"picked":"Juggernaut","floor":11.0},{"not_picked":["Body Slam","Second Wind"],"picked":"Hemokinesis","floor":12.0},{"not_picked":["Pummel","Whirlwind"],"picked":"Sword Boomerang","floor":14.0},{"not_picked":["Offering","Feed"],"picked":"Reaper","floor":16.0},{"not_picked":["True Grit","Burning Pact","Pommel Strike+1"],"picked":"Singing Bowl","floor":18.0},{"not_picked":["Anger+1","Sever Soul"],"picked":"Dropkick","floor":20.0},{"not_picked":["Havoc","Infernal Blade"],"picked":"Iron Wave+1","floor":23.0},{"not_picked":["Iron Wave","Wild Strike","Pommel Strike"],"picked":"Singing Bowl","floor":30.0},{"not_picked":["Flex","Headbutt"],"picked":"Double Tap","floor":31.0},{"not_picked":["Immolate","Berserk"],"picked":"Exhume","floor":33.0},{"not_picked":["Spot Weakness+1","Entrench+1","Twin Strike+1"],"picked":"Singing Bowl","floor":34.0},{"not_picked":["Inflame","Wild Strike"],"picked":"Clothesline+1","floor":35.0},{"not_picked":["Whirlwind","Iron Wave","Pommel Strike"],"picked":"Singing Bowl","floor":37.0},{"not_picked":["Entrench","Twin Strike+1","Sever Soul"],"picked":"Singing Bowl","floor":40.0},{"not_picked":["Evolve","Whirlwind+1","Second Wind"],"picked":"Singing Bowl","floor":41.0},{"not_picked":["Clothesline","Flex+1"],"picked":"Flame Barrier+1","floor":42.0},{"not_picked":["Flex","Carnage+1","Pommel Strike"],"picked":"Singing Bowl","floor":46.0},{"not_picked":["Pommel Strike+1","Second Wind+1","Twin Strike+1"],"picked":"Singing Bowl","floor":48.0},{"not_picked":["Cleave","Fiend Fire","Searing Blow+1"],"picked":"Singing Bowl","floor":54}],"player_experience":1168041,"relics_obtained":[{"floor":4.0,"key":"Blood Vial"},{"floor":6.0,"key":"Tiny Chest"},{"floor":8.0,"key":"Calipers"},{"floor":9.0,"key":"Singing Bowl"},{"floor":11.0,"key":"Orichalcum"},{"floor":14.0,"key":"Gremlin Horn"},{"floor":23.0,"key":"Pen Nib"},{"floor":26.0,"key":"Mythril_Glove"},{"floor":31.0,"key":"Nunchaku"},{"floor":38.0,"key":"Eternal Feather"},{"floor":40.0,"key":"Strawberry"},{"floor":41.0,"key":"Girya"},{"floor":42.0,"key":"Sundial"},{"floor":43.0,"key":"Ancient Tea Set"},{"floor":47.0,"key":"Bronze Scales"},{"floor":48.0,"key":"Tintinnabulum"},{"floor":54,"key":"Paper Frog"}],"event_choices":[{"damage_healed":0.0,"max_hp_gain":5.0,"max_hp_loss":0.0,"gold_gain":0.0,"event_name":"Big Fish","player_choice":"Donut","floor":3.0,"gold_loss":0.0,"damage_taken":0.0},{"damage_healed":0.0,"max_hp_gain":0.0,"max_hp_loss":0.0,"gold_gain":75.0,"event_name":"FaceTrader","player_choice":"Touch","floor":13.0,"gold_loss":0.0,"damage_taken":8.0},{"damage_healed":0.0,"max_hp_gain":0.0,"max_hp_loss":0.0,"gold_gain":99.0,"event_name":"Nest","player_choice":"Stole From Cult","floor":19.0,"gold_loss":0.0,"damage_taken":0.0},{"damage_healed":0.0,"max_hp_gain":0.0,"max_hp_loss":0.0,"gold_gain":0.0,"event_name":"Back to Basics","player_choice":"Simplicity","floor":22.0,"gold_loss":0.0,"damage_taken":0.0,"cards_upgraded":[]},{"damage_healed":0.0,"max_hp_gain":0.0,"max_hp_loss":0.0,"gold_gain":0.0,"event_name":"Ghosts","player_choice":"Ignored","floor":28.0,"gold_loss":0.0,"damage_taken":0.0},{"damage_healed":0.0,"max_hp_gain":0.0,"max_hp_loss":0.0,"gold_gain":0.0,"event_name":"Lab","player_choice":"Got Potions","floor":36.0,"gold_loss":0.0,"damage_taken":0.0},{"damage_healed":0.0,"max_hp_gain":0.0,"max_hp_loss":0.0,"gold_gain":0.0,"event_name":"Mysterious Sphere","player_choice":"Fight","floor":41.0,"gold_loss":0.0,"damage_taken":0.0},{"damage_healed":0.0,"max_hp_gain":0.0,"max_hp_loss":0.0,"gold_gain":0.0,"event_name":"The Moai Head","player_choice":"Ignored","floor":44.0,"gold_loss":0.0,"damage_taken":0.0}],"is_beta":false,"boss_relics":[{"not_picked":["Pandora\u0027s Box","Black Blood"],"picked":"Sozu"},{"not_picked":["SacredBark","theSenshi:MoonKaleidoScopeRelic"],"picked":"Tiny House"}],"items_purged_floors":[0,0,21,21,21,21,21,21,21,21,53,53],"is_endless":false,"potions_floor_spawned":[2,12,14,16,23,30,31,35,37],"ascension_level":8}}