{"host":"ta9mufxydm4vkknf","time":1610207008,"event":{"mods":["AchievementEnabler","BaseMod","Minty Spire (QoL Compilation)","Quick Restart"],"gold_per_floor":[115,115,115,40,55,83,101,136,136,136,56,56,75,95,95,197,197,217,117,117,133,144,144,156,156,181,181,191,191,191,220,220,220,220],"floor_reached":33,"playtime":1470,"items_purged":["Strike_R","Strike_R","Pain"],"score":400,"play_id":"b6e1a96e-c19f-434b-a8e4-1a321ac87640","local_time":"20210109164328","is_ascension_mode":true,"campfire_choices":[{"data":"Feed","floor":10,"key":"SMITH"},{"data":"Pommel Strike","floor":15,"key":"SMITH"},{"data":"Warcry","floor":23,"key":"SMITH"},{"data":"Flex","floor":30,"key":"SMITH"},{"data":"Wild Strike","floor":32,"key":"SMITH"}],"circlet_count":0,"master_deck":["Defend_R","Defend_R","Defend_R+1","Defend_R","Bash","Headbutt","Wild Strike+1","Feed+1","Warcry+1","Pommel Strike+1","Intimidate","Reaper","Flex+1","Bite","Bite","Bite","Bite","Bite","Cleave"],"relics":["Burning Blood","NeowsBlessing","The Courier","Magic Flower","Ginger","WarpedTongs","Coffee Dripper","MutagenicStrength","Bag of Marbles","Ancient Tea Set","Nunchaku"],"acts_visited":["Exordium","TheCity"],"potions_floor_usage":[16,16,16,16,24,33,33,33],"damage_taken":[{"damage":0,"enemies":"Cultist","floor":1,"turns":1},{"damage":0,"enemies":"Jaw Worm","floor":5,"turns":1},{"damage":0,"enemies":"Gremlin Nob","floor":6,"turns":1},{"damage":0,"enemies":"Small Slimes","floor":7,"turns":4},{"damage":53,"enemies":"3 Sentries","floor":8,"turns":9},{"damage":8,"enemies":"Red Slaver","floor":13,"turns":2},{"damage":5,"enemies":"2 Fungi Beasts","floor":14,"turns":3},{"damage":56,"enemies":"The Guardian","floor":16,"turns":12},{"damage":12,"enemies":"3 Byrds","floor":18,"turns":7},{"damage":32,"enemies":"Spheric Guardian","floor":21,"turns":6},{"damage":19,"enemies":"Centurion and Healer","floor":22,"turns":6},{"damage":61,"enemies":"Shelled Parasite and Fungi","floor":24,"turns":7},{"damage":16,"enemies":"Chosen and Byrds","floor":28,"turns":7},{"damage":49,"enemies":"Book of Stabbing","floor":31,"turns":5},{"damage":99,"enemies":"Champ","floor":33,"turns":8}],"seed_played":"7855019309767868188","potions_obtained":[{"floor":5,"key":"Weak Potion"},{"floor":6,"key":"EntropicBrew"},{"floor":8,"key":"Swift Potion"},{"floor":16,"key":"Ancient Potion"},{"floor":28,"key":"CultistPotion"},{"floor":31,"key":"SpeedPotion"}],"is_trial":false,"path_per_floor":["M","?","?","$","M","E","M","E","T","R","$","?","M","M","R","B",null,"M","$","?","M","M","R","M","?","T","?","M","?","R","E","R","B"],"character_chosen":"IRONCLAD","items_purchased":[],"campfire_rested":0,"item_purchase_floors":[],"current_hp_per_floor":[80,85,68,68,74,80,88,44,44,44,44,44,45,55,55,14,78,87,87,87,76,72,72,35,35,35,35,74,74,74,56,56,0,0],"gold":220,"neow_bonus":"THREE_ENEMY_KILL","is_daily":false,"chose_seed":false,"campfire_upgraded":5,"win_rate":0.0,"timestamp":1610207008,"path_taken":["M","?","?","$","M","E","M","E","T","R","?","?","M","?","R","BOSS","M","$","?","M","M","R","M","?","T","?","M","?","R","E","R","BOSS"],"items_purchased_type":[],"build_version":"2020-12-22","purchased_purges":3,"victory":false,"max_hp_per_floor":[80,85,85,85,85,85,88,91,91,91,91,91,91,95,95,99,99,99,99,99,103,103,103,107,74,74,74,78,78,78,78,78,78,78],"card_choices":[{"not_picked":["Perfected Strike","Warcry"],"picked":"Headbutt","floor":1},{"not_picked":["Blood for Blood","Pummel"],"picked":"Wild Strike","floor":5},{"not_picked":["Warcry","Cleave"],"picked":"Feed","floor":6},{"not_picked":["Clothesline","Twin Strike"],"picked":"Warcry","floor":7},{"not_picked":["Reckless Charge","Double Tap"],"picked":"Pommel Strike","floor":8},{"not_picked":["Pummel","Heavy Blade","Body Slam"],"picked":"SKIP","floor":13},{"not_picked":["Twin Strike","Carnage"],"picked":"Intimidate","floor":14},{"not_picked":["Impervious","Bludgeon"],"picked":"Reaper","floor":16},{"not_picked":["Headbutt+1","Warcry","Sword Boomerang+1"],"picked":"SKIP","floor":18},{"not_picked":["Perfected Strike","Twin Strike","Sever Soul"],"picked":"SKIP","floor":21},{"not_picked":["Warcry","Carnage","Twin Strike"],"picked":"SKIP","floor":22},{"not_picked":["Perfected Strike+1","Cleave"],"picked":"Flex","floor":24},{"not_picked":["Warcry","Infernal Blade","Havoc+1"],"picked":"SKIP","floor":28},{"not_picked":["Blood for Blood","Clothesline"],"picked":"Cleave","floor":31}],"player_experience":253555,"relics_obtained":[{"floor":6,"key":"The Courier"},{"floor":8,"key":"Magic Flower"},{"floor":9,"key":"Ginger"},{"floor":26,"key":"Bag of Marbles"},{"floor":31,"key":"Nunchaku"}],"event_choices":[{"damage_healed":0,"gold_gain":0,"player_choice":"Donut","damage_taken":0,"max_hp_gain":5,"max_hp_loss":0,"event_name":"Big Fish","floor":2,"gold_loss":0},{"damage_healed":0,"gold_gain":0,"player_choice":"Entered Light","damage_taken":17,"max_hp_gain":0,"max_hp_loss":0,"event_name":"Shining Light","floor":3,"gold_loss":0,"cards_upgraded":["Strike_R","Defend_R"]},{"damage_healed":0,"gold_gain":0,"player_choice":"Rummage","damage_taken":0,"relics_obtained":["WarpedTongs"],"max_hp_gain":0,"max_hp_loss":0,"event_name":"Accursed Blacksmith","floor":12,"gold_loss":0,"cards_obtained":["Pain"]},{"damage_healed":0,"gold_gain":0,"player_choice":"Inject Mutagens","damage_taken":0,"relics_obtained":["MutagenicStrength"],"max_hp_gain":0,"max_hp_loss":0,"event_name":"Drug Dealer","floor":20,"gold_loss":0},{"damage_healed":0,"gold_gain":0,"player_choice":"Became a vampire","damage_taken":0,"max_hp_gain":0,"max_hp_loss":33,"event_name":"Vampires","floor":25,"gold_loss":0,"cards_obtained":["Bite","Bite","Bite","Bite","Bite"]},{"damage_healed":0,"gold_gain":0,"player_choice":"Opened","damage_taken":0,"relics_obtained":["Ancient Tea Set"],"max_hp_gain":0,"max_hp_loss":0,"event_name":"The Mausoleum","floor":27,"gold_loss":0,"cards_obtained":["Writhe"]},{"cards_removed":["Writhe"],"damage_healed":0,"gold_gain":0,"player_choice":"Elegance","damage_taken":0,"max_hp_gain":0,"max_hp_loss":0,"event_name":"Back to Basics","floor":29,"gold_loss":0}],"is_beta":false,"boss_relics":[{"not_picked":["Empty Cage","Runic Cube"],"picked":"Coffee Dripper"}],"items_purged_floors":[4,11,19],"is_endless":false,"potions_floor_spawned":[5,6,8,16,28,31],"killed_by":"Champ","ascension_level":5}}