{"host":"wwo1kwxjf4eyz37q","time":1610161634,"event":{"mods":["AchievementEnabler","BaseMod","Colored Map","Minty Spire (QoL Compilation)","Quick Restart","SuperFastMode"],"gold_per_floor":[110,123,142,154,169,169,198,214,214,233,233,233,267,296,296,396,396,414,426,426,1,1,1,32,32,32,32,65,0,0,10,10,110,110,125,95,113,132,10,10,10,10,10,10,62,62,62,79,79,79],"floor_reached":51,"playtime":2809,"items_purged":["Defend_B","Strike_B"],"score":827,"play_id":"c4b75d96-8a0a-4cfe-81b1-a3f9826229ad","local_time":"20210109120714","is_ascension_mode":true,"campfire_choices":[{"data":"Zap","floor":6.0,"key":"SMITH"},{"data":"Dualcast","floor":12.0,"key":"SMITH"},{"data":"Defragment","floor":15.0,"key":"SMITH"},{"data":"Capacitor","floor":23.0,"key":"SMITH"},{"data":"Echo Form","floor":25.0,"key":"SMITH"},{"data":"Storm","floor":27.0,"key":"SMITH"},{"floor":32.0,"key":"REST"},{"data":"Echo Form","floor":40.0,"key":"SMITH"},{"data":"Defragment","floor":41.0,"key":"SMITH"},{"data":"Defragment","floor":42.0,"key":"SMITH"},{"data":"Loop","floor":44,"key":"SMITH"},{"data":"Coolheaded","floor":46,"key":"SMITH"},{"data":"Coolheaded","floor":49,"key":"SMITH"}],"circlet_count":0,"master_deck":["Strike_B","Strike_B","Defend_B","Defend_B","Defend_B","Zap+1","Dualcast+1","Self Repair","Ball Lightning","Skim","Conserve Battery","Loop+1","Defragment+1","Defragment+1","Echo Form+1","Storm+1","BootSequence","Capacitor+1","Defragment+1","Tempest","BootSequence","Echo Form+1","Glacier","Turbo+1","Coolheaded+1","Coolheaded+1","Coolheaded+1"],"relics":["Cracked Core","Dream Catcher","CaptainsWheel","The Courier","Incense Burner","Odd Mushroom","Cursed Key","Ice Cream","Enchiridion","WingedGreaves","Gremlin Horn","Inserter","Turnip"],"acts_visited":["Exordium","TheCity","TheBeyond"],"potions_floor_usage":[50,50],"damage_taken":[{"damage":0.0,"enemies":"Small Slimes","floor":1.0,"turns":2.0},{"damage":6.0,"enemies":"Jaw Worm","floor":2.0,"turns":4.0},{"damage":4.0,"enemies":"2 Louse","floor":3.0,"turns":3.0},{"damage":12.0,"enemies":"Looter","floor":4.0,"turns":3.0},{"damage":15.0,"enemies":"Gremlin Gang","floor":5.0,"turns":3.0},{"damage":18.0,"enemies":"Lagavulin","floor":7.0,"turns":6.0},{"damage":15.0,"enemies":"2 Fungi Beasts","floor":8.0,"turns":3.0},{"damage":3.0,"enemies":"Exordium Thugs","floor":10.0,"turns":4.0},{"damage":18.0,"enemies":"Gremlin Nob","floor":13.0,"turns":3.0},{"damage":16.0,"enemies":"The Mushroom Lair","floor":14.0,"turns":4.0},{"damage":11.0,"enemies":"The Guardian","floor":16.0,"turns":8.0},{"damage":30.0,"enemies":"Chosen","floor":18.0,"turns":5.0},{"damage":17.0,"enemies":"Shell Parasite","floor":19.0,"turns":4.0},{"damage":0.0,"enemies":"Gremlin Leader","floor":24.0,"turns":4.0},{"damage":37.0,"enemies":"Slavers","floor":28.0,"turns":3.0},{"damage":1.0,"enemies":"Centurion and Healer","floor":31.0,"turns":3.0},{"damage":31.0,"enemies":"Automaton","floor":33.0,"turns":6.0},{"damage":0.0,"enemies":"Orb Walker","floor":35.0,"turns":3.0},{"damage":1.0,"enemies":"3 Shapes","floor":37.0,"turns":3.0},{"damage":22.0,"enemies":"Sphere and 2 Shapes","floor":38.0,"turns":3.0},{"damage":0,"enemies":"2 Orb Walkers","floor":45,"turns":4},{"damage":11,"enemies":"Transient","floor":48,"turns":5},{"damage":17,"enemies":"Time Eater","floor":50,"turns":5}],"seed_played":"-3197119378658613871","potions_obtained":[{"floor":1.0,"key":"Swift Potion"},{"floor":3.0,"key":"Explosive Potion"},{"floor":4.0,"key":"FairyPotion"},{"floor":5.0,"key":"FearPotion"},{"floor":16.0,"key":"Explosive Potion"},{"floor":19.0,"key":"PowerPotion"},{"floor":28.0,"key":"Weak Potion"},{"floor":36.0,"key":"BlessingOfTheForge"},{"floor":36.0,"key":"Ancient Potion"},{"floor":37.0,"key":"LiquidMemories"}],"is_trial":false,"path_per_floor":["M","M","M","M","M","R","E","M","T","M","?","R","E","?","R","B",null,"M","M","?","$","?","R","E","R","T","R","E","?","T","M","R","B",null,"M","?","M","M","$","R","R","R","T","R","?","R","?","M","R","B",null],"character_chosen":"DEFECT","items_purchased":["Capacitor","Defragment","Ice Cream","Coolheaded"],"campfire_rested":1,"item_purchase_floors":[21,21,21,39],"current_hp_per_floor":[75,69,72,67,59,59,48,40,40,44,37,37,26,17,17,13,75,59,56,56,56,40,40,54,54,54,54,31,31,31,30,52,28,75,75,75,74,59,59,59,59,59,59,59,59,59,59,55,55,38],"gold":79,"neow_bonus":"REMOVE_CARD","is_daily":false,"chose_seed":false,"campfire_upgraded":12,"win_rate":0.0,"timestamp":1610161634,"path_taken":["M","M","M","M","M","R","E","M","T","M","?","R","E","?","R","BOSS","M","M","?","$","?","R","E","R","T","R","E","?","?","M","R","BOSS","M","?","M","?","$","R","R","R","T","R","?","R","?","?","R","BOSS"],"items_purchased_type":["Card","Card","Relic","Card"],"build_version":"2020-12-22","purchased_purges":2,"victory":true,"max_hp_per_floor":[75,75,75,75,75,75,75,75,75,75,75,75,75,75,75,75,75,75,75,75,75,75,75,75,75,75,75,75,75,75,75,75,75,75,75,75,75,75,75,75,75,75,75,75,75,75,75,75,75,75],"card_choices":[{"not_picked":["FTL","Go for the Eyes","Force Field"],"picked":"SKIP","floor":1.0},{"not_picked":["Streamline","Steam"],"picked":"Self Repair","floor":2.0},{"not_picked":["Gash","Blizzard"],"picked":"Ball Lightning","floor":3.0},{"not_picked":["Compile Driver","Reinforced Body"],"picked":"Skim","floor":4.0},{"not_picked":["Beam Cell","Steam Power"],"picked":"Conserve Battery","floor":5.0},{"not_picked":["Barrage","White Noise"],"picked":"Loop","floor":7.0},{"not_picked":["Stack","Rainbow","Force Field"],"picked":"SKIP","floor":8.0},{"not_picked":["Rip and Tear","Genetic Algorithm"],"picked":"Melter","floor":10.0},{"not_picked":["Reprogram","Conserve Battery"],"picked":"Defragment","floor":13.0},{"not_picked":["Conserve Battery","Fusion"],"picked":"Defragment","floor":14.0},{"not_picked":["All For One","Creative AI"],"picked":"Echo Form","floor":16.0},{"not_picked":["Beam Cell","Barrage","Leap+1"],"picked":"SKIP","floor":18.0},{"not_picked":["Beam Cell","Barrage","Leap+1"],"picked":"SKIP","floor":18.0},{"not_picked":["Conserve Battery","Redo+1"],"picked":"Storm","floor":19.0},{"not_picked":["Steam","Fission","Gash"],"picked":"SKIP","floor":24.0},{"not_picked":["Scrape+1","Genetic Algorithm"],"picked":"Tempest","floor":28.0},{"not_picked":["Streamline+1","Consume"],"picked":"BootSequence","floor":31.0},{"not_picked":["Biased Cognition","All For One"],"picked":"Echo Form","floor":33.0},{"not_picked":["Conserve Battery","Beam Cell+1"],"picked":"Glacier","floor":35.0},{"not_picked":["Hello World+1","Static Discharge+1"],"picked":"Turbo+1","floor":37.0},{"not_picked":["Hologram","Cold Snap","Blizzard+1"],"picked":"SKIP","floor":38.0},{"not_picked":["Rebound+1","Hologram"],"picked":"Coolheaded","floor":45},{"not_picked":["Turbo","Undo+1"],"picked":"Coolheaded+1","floor":48}],"player_experience":199518,"relics_obtained":[{"floor":7.0,"key":"Dream Catcher"},{"floor":9.0,"key":"CaptainsWheel"},{"floor":13.0,"key":"Incense Burner"},{"floor":14.0,"key":"Odd Mushroom"},{"floor":22.0,"key":"Enchiridion"},{"floor":24.0,"key":"WingedGreaves"},{"floor":28.0,"key":"Gremlin Horn"},{"floor":45,"key":"Turnip"}],"event_choices":[{"damage_healed":0.0,"max_hp_gain":0.0,"max_hp_loss":0.0,"gold_gain":0.0,"event_name":"Scrap Ooze","player_choice":"Success","floor":11.0,"gold_loss":0.0,"damage_taken":7.0,"relics_obtained":["The Courier"]},{"damage_healed":0.0,"max_hp_gain":0.0,"max_hp_loss":0.0,"gold_gain":0.0,"event_name":"Mushrooms","player_choice":"Fought Mushrooms","floor":14.0,"gold_loss":0.0,"damage_taken":0.0},{"damage_healed":0.0,"max_hp_gain":0.0,"max_hp_loss":0.0,"gold_gain":0.0,"event_name":"The Library","player_choice":"Read","floor":20.0,"gold_loss":0.0,"damage_taken":0.0,"cards_obtained":["BootSequence"]},{"damage_healed":0.0,"max_hp_gain":0.0,"max_hp_loss":0.0,"gold_gain":0.0,"event_name":"Cursed Tome","player_choice":"Obtained Book","floor":22.0,"gold_loss":0.0,"damage_taken":16.0},{"damage_healed":0.0,"max_hp_gain":0.0,"max_hp_loss":0.0,"gold_gain":0.0,"event_name":"Masked Bandits","player_choice":"Paid Fearfully","floor":29.0,"gold_loss":65.0,"damage_taken":0.0},{"damage_healed":0.0,"max_hp_gain":0.0,"max_hp_loss":0.0,"gold_gain":0.0,"event_name":"The Woman in Blue","player_choice":"Bought 2 Potions","floor":36.0,"gold_loss":0.0,"damage_taken":0.0},{"damage_healed":0,"gold_gain":0,"player_choice":"Fight","damage_taken":0,"max_hp_gain":0,"max_hp_loss":0,"event_name":"Mysterious Sphere","floor":45,"gold_loss":0},{"cards_removed":["Melter"],"damage_healed":0,"gold_gain":0,"player_choice":"Removed Attack","damage_taken":0,"max_hp_gain":0,"max_hp_loss":0,"event_name":"Falling","floor":47,"gold_loss":0}],"is_beta":false,"boss_relics":[{"not_picked":["Snecko Eye","Empty Cage"],"picked":"Cursed Key"},{"not_picked":["Velvet Choker","SacredBark"],"picked":"Inserter"}],"items_purged_floors":[21,39],"is_endless":false,"potions_floor_spawned":[1,3,4,5,10,16,19,28,37,38],"ascension_level":4}}