{"host":"ta9mufxydm4vkknf","time":1610204704,"event":{"mods":["AchievementEnabler","BaseMod","Minty Spire (QoL Compilation)","Quick Restart"],"gold_per_floor":[111,61,61,86,99,124,142,142,142,142,155,184,184,209,209,314,314,326,359,359,134,149,149,177,177,177,194,213,213,213,245,245,340,340,352,352,72,92,92,92,120,120,120,134,146,146,171,20,20,20],"floor_reached":51,"playtime":2484,"items_purged":["Strike_R","Strike_R"],"score":1004,"play_id":"a988a2e7-7aaf-4e6d-a4e9-f053d4bbbfa1","local_time":"20210109160504","is_ascension_mode":true,"campfire_choices":[{"data":"Whirlwind","floor":8,"key":"SMITH"},{"data":"Flex","floor":10,"key":"SMITH"},{"data":"Power Through","floor":13,"key":"SMITH"},{"data":"Iron Wave","floor":15,"key":"SMITH"},{"data":"Burning Pact","floor":23,"key":"SMITH"},{"data":"Dropkick","floor":25,"key":"SMITH"},{"data":"Feed","floor":30,"key":"SMITH"},{"floor":32,"key":"REST"},{"data":"Dual Wield","floor":40,"key":"SMITH"},{"data":"Sentinel","floor":42,"key":"SMITH"},{"floor":46,"key":"REST"},{"floor":49,"key":"REST"}],"circlet_count":0,"master_deck":["Strike_R","Strike_R+1","Defend_R","Defend_R","Defend_R","Defend_R","Bash","Flex+1","Whirlwind+1","Dual Wield+1","Iron Wave+1","Uppercut+1","Power Through+1","Feed+1","True Grit+1","Ghostly Armor+1","Burning Pact+1","Dropkick+1","Evolve+1","Cleave","Reaper","CurseOfTheBell","Spot Weakness+1","Sentinel+1","Burning Pact+1","Sentinel+1","Reaper"],"relics":["SacredBark","Vajra","Red Skull","Nunchaku","Frozen Egg 2","Shuriken","Whetstone","Philosopher\u0027s Stone","Red Mask","Paper Frog","Self Forming Clay","MutagenicStrength","PreservedInsect","Calling Bell","Toy Ornithopter","Pantograph","Dead Branch","Du-Vu Doll","Toxic Egg 2","Potion Belt"],"acts_visited":["Exordium","TheCity","TheBeyond"],"potions_floor_usage":[12,18,24,31,33,45,47],"damage_taken":[{"damage":0,"enemies":"Small Slimes","floor":1,"turns":3},{"damage":3,"enemies":"2 Louse","floor":5,"turns":3},{"damage":35,"enemies":"Gremlin Nob","floor":6,"turns":4},{"damage":0,"enemies":"Jaw Worm","floor":7,"turns":3},{"damage":7,"enemies":"Looter","floor":11,"turns":3},{"damage":30,"enemies":"Lagavulin","floor":12,"turns":4},{"damage":0,"enemies":"Slime Boss","floor":16,"turns":4},{"damage":15,"enemies":"Shell Parasite","floor":18,"turns":3},{"damage":35,"enemies":"Masked Bandits","floor":19,"turns":4},{"damage":6,"enemies":"2 Thieves","floor":22,"turns":2},{"damage":13,"enemies":"Gremlin Leader","floor":24,"turns":5},{"damage":0,"enemies":"Snake Plant","floor":27,"turns":2},{"damage":0,"enemies":"Centurion and Healer","floor":28,"turns":4},{"damage":0,"enemies":"Book of Stabbing","floor":31,"turns":3},{"damage":37,"enemies":"Champ","floor":33,"turns":9},{"damage":0,"enemies":"Orb Walker","floor":35,"turns":3},{"damage":13,"enemies":"3 Shapes","floor":38,"turns":4},{"damage":103,"enemies":"Giant Head","floor":41,"turns":8},{"damage":9,"enemies":"Spire Growth","floor":44,"turns":4},{"damage":2,"enemies":"Transient","floor":45,"turns":5},{"damage":45,"enemies":"Nemesis","floor":47,"turns":9},{"damage":83,"enemies":"Awakened One","floor":50,"turns":13}],"seed_played":"-2311220515943532948","potions_obtained":[{"floor":5,"key":"BloodPotion"},{"floor":6,"key":"PowerPotion"},{"floor":7,"key":"LiquidBronze"},{"floor":12,"key":"SteroidPotion"},{"floor":19,"key":"Ancient Potion"},{"floor":20,"key":"HeartOfIron"},{"floor":24,"key":"Explosive Potion"},{"floor":28,"key":"Fire Potion"},{"floor":35,"key":"SteroidPotion"},{"floor":47,"key":"Block Potion"}],"is_trial":false,"path_per_floor":["M","?","?","T","M","E","M","R","T","R","M","E","R","T","R","B",null,"M","?","?","$","M","R","E","R","T","M","M","?","R","E","R","B",null,"M","?","$","M","?","R","E","R","T","M","M","R","E","$","R","B",null],"character_chosen":"IRONCLAD","items_purchased":["Burning Pact","Dropkick","FairyPotion","Sentinel","LiquidMemories","EssenceOfSteel"],"campfire_rested":3,"item_purchase_floors":[21,21,37,37,48,48],"current_hp_per_floor":[80,80,77,77,74,39,39,39,39,39,32,34,34,34,34,34,80,68,36,36,36,30,30,20,20,20,20,23,23,23,23,50,13,92,96,96,96,91,91,91,32,32,32,27,30,60,50,50,80,97],"gold":20,"neow_bonus":"BOSS_RELIC","is_daily":false,"chose_seed":false,"campfire_upgraded":9,"win_rate":0.0,"timestamp":1610204704,"path_taken":["M","?","?","?","M","E","M","R","T","R","M","E","R","?","R","BOSS","M","?","?","$","?","R","E","R","T","M","?","?","R","E","R","BOSS","M","?","$","M","?","R","E","R","T","M","M","R","E","$","R","BOSS"],"items_purchased_type":["Card","Card","Potion","Card","Potion","Potion"],"build_version":"2020-12-22","purchased_purges":2,"victory":true,"max_hp_per_floor":[80,80,80,80,80,80,80,80,80,80,80,80,80,80,80,80,80,83,86,86,86,86,86,89,89,89,89,92,92,92,92,92,92,92,96,96,96,100,95,95,99,99,99,103,103,103,103,103,103,107],"card_choices":[{"not_picked":["Hemokinesis","Dark Embrace"],"picked":"Flex","floor":1},{"not_picked":["Reckless Charge","Ghostly Armor"],"picked":"Whirlwind","floor":5},{"not_picked":["Rage","Heavy Blade"],"picked":"Dual Wield","floor":6},{"not_picked":["Armaments","Metallicize"],"picked":"Iron Wave","floor":7},{"not_picked":["Inflame+1","Power Through"],"picked":"Uppercut","floor":11},{"not_picked":["Whirlwind","Twin Strike"],"picked":"Power Through","floor":12},{"not_picked":["Corruption+1","Fiend Fire"],"picked":"Feed","floor":16},{"not_picked":["Iron Wave","Flex+1"],"picked":"True Grit+1","floor":18},{"not_picked":["Iron Wave","Body Slam"],"picked":"Ghostly Armor+1","floor":19},{"not_picked":["Blood for Blood","Reaper"],"picked":"Evolve+1","floor":22},{"not_picked":["Heavy Blade+1","Body Slam","Perfected Strike+1"],"picked":"SKIP","floor":24},{"not_picked":["Dark Embrace+1","Pommel Strike"],"picked":"Cleave","floor":27},{"not_picked":["Sever Soul","Body Slam+1","Twin Strike+1"],"picked":"SKIP","floor":28},{"not_picked":["Intimidate+1","Ghostly Armor"],"picked":"Metallicize+1","floor":31},{"not_picked":["Demon Form+1","Fiend Fire"],"picked":"Reaper","floor":33},{"not_picked":["Dual Wield","Sword Boomerang+1"],"picked":"Spot Weakness+1","floor":35},{"not_picked":["Pommel Strike+1","Flex"],"picked":"Burning Pact+1","floor":38},{"not_picked":["Clash","Dual Wield"],"picked":"Sentinel+1","floor":41},{"not_picked":["Rage+1","Armaments+1","Sword Boomerang"],"picked":"SKIP","floor":44},{"not_picked":["Burning Pact+1","Rampage","Sword Boomerang"],"picked":"SKIP","floor":45},{"not_picked":["Metallicize+1","Wild Strike"],"picked":"Reaper","floor":47}],"player_experience":250202,"relics_obtained":[{"floor":4,"key":"Red Skull"},{"floor":6,"key":"Nunchaku"},{"floor":9,"key":"Frozen Egg 2"},{"floor":12,"key":"Shuriken"},{"floor":14,"key":"Whetstone"},{"floor":19,"key":"Red Mask"},{"floor":24,"key":"Paper Frog"},{"floor":26,"key":"Self Forming Clay"},{"floor":31,"key":"PreservedInsect"},{"floor":34,"key":"Toy Ornithopter"},{"floor":34,"key":"Pantograph"},{"floor":34,"key":"Dead Branch"},{"floor":41,"key":"Du-Vu Doll"},{"floor":43,"key":"Toxic Egg 2"},{"floor":47,"key":"Potion Belt"}],"event_choices":[{"cards_removed":["Strike_R"],"damage_healed":0,"gold_gain":0,"player_choice":"Card Removal","damage_taken":0,"max_hp_gain":0,"max_hp_loss":0,"event_name":"The Cleric","floor":2,"gold_loss":50},{"damage_healed":0,"gold_gain":0,"player_choice":"Success","damage_taken":3,"relics_obtained":["Vajra"],"max_hp_gain":0,"max_hp_loss":0,"event_name":"Scrap Ooze","floor":3,"gold_loss":0},{"damage_healed":0,"gold_gain":0,"player_choice":"Fought Bandits","damage_taken":0,"max_hp_gain":0,"max_hp_loss":0,"event_name":"Masked Bandits","floor":19,"gold_loss":0},{"damage_healed":0,"gold_gain":0,"player_choice":"Got Potions","damage_taken":0,"max_hp_gain":0,"max_hp_loss":0,"event_name":"Lab","floor":20,"gold_loss":0},{"damage_healed":0,"gold_gain":0,"player_choice":"Inject Mutagens","damage_taken":0,"relics_obtained":["MutagenicStrength"],"max_hp_gain":0,"max_hp_loss":0,"event_name":"Drug Dealer","floor":29,"gold_loss":0},{"cards_removed":["Metallicize"],"damage_healed":0,"gold_gain":0,"player_choice":"Removed Power","damage_taken":0,"max_hp_gain":0,"max_hp_loss":0,"event_name":"Falling","floor":36,"gold_loss":0},{"damage_healed":0,"gold_gain":0,"player_choice":"Max HP","damage_taken":0,"max_hp_gain":0,"max_hp_loss":5,"event_name":"Winding Halls","floor":39,"gold_loss":0}],"is_beta":false,"boss_relics":[{"not_picked":["Mark of Pain","SlaversCollar"],"picked":"Philosopher\u0027s Stone"},{"not_picked":["Velvet Choker","Cursed Key"],"picked":"Calling Bell"}],"items_purged_floors":[21,37],"is_endless":false,"potions_floor_spawned":[5,6,7,12,19,22,24,28,35,44,47],"ascension_level":4}}