{"host":"1rf9pknejqhzkc4o","time":1610229346,"event":{"mods":["Aspiration","BaseMod","Better Altar","Better Match","Better Note","Better Sensory Stone","Better Skull","Better Third Choice","Colored Map","Colored Powertips","Communication Mod","Conspire","Energized Spire","Hubris","Infinite Spire","Ironclad Rager","Minty Spire (QoL Compilation)","Quick Restart","RNG Fix","Rare Cards Sparkle","Relic Stats","Replay The Spire","Retaliation","Spicy Shops","StSLib","The Blue Laboratory","Trackpad"],"gold_per_floor":[110,32,107,107,123,123,123,140,165,184,184,184,196,196,196,300,300,312,312,312,329,5,5,5,5,5,57,88,141,191,214,214,339,339,369,58,91,91,135,135,177,177,177,177,177,177,177,31,31,63],"floor_reached":51,"playtime":2440,"items_purged":[],"score":778,"play_id":"70872e36-6d87-48da-8701-360637615a94","local_time":"20210110005546","is_ascension_mode":false,"campfire_choices":[{"data":"Eruption","floor":6.0,"key":"SMITH"},{"data":"Crescendo","floor":12.0,"key":"SMITH"},{"data":"Vigilance","floor":15.0,"key":"SMITH"},{"data":"Devotion","floor":23.0,"key":"SMITH"},{"floor":32,"key":"REST"},{"floor":40,"key":"REST"},{"floor":44,"key":"REST"},{"floor":49,"key":"REST"}],"circlet_count":0,"master_deck":["Eruption+1","Vigilance+1","ICR:DragonStrike","ICR:DragonStrike","ICR:DragonStrike","ICR:DragonStrike","ICR:CraneWing","ICR:CraneWing","ICR:CraneWing","ICR:CraneWing","Crescendo+1","Prostrate","Halt","Devotion+1","Conclude+1","Mayhem+1","TalkToTheHand+1","Wireheading","Replay:ManipulateFuture","EmptyBody","FollowUp+1","FollowUp+1","Replay:BluntJabs+1","DDmod:MulticlassingSkill+1","FollowUp+1","Protect+1","Tantrum+1","WaveOfTheHand+1","Prostrate","Brilliance+1","Conclude+1","BowlingBash+1","AscendersBane","Prostrate","SandsOfTime+1","Parasite","BowlingBash+1","Prostrate+1","FollowUp+1"],"relics":["PureWater","Frozen Eye","trackpad:BottledShadow","trackpad:WritersBlock","Gremlin Horn","Molten Egg 2","aspiration:PoetsPen","BargainBundle","Lee\u0027s Waffle","Ice Cream","Replay:Bandana","infinitespire:CheckeredPen","ReplayFunnel","Dream Catcher","Boot","energizedSpire:BlackCloud","Happy Flower","Bronze Scales","Akabeko","Ring of Panic","Strange Spoon"],"acts_visited":["Exordium","TheCity","TheBeyond"],"potions_floor_usage":[30,30,50],"damage_taken":[{"damage":0.0,"enemies":"2 Louse","floor":1.0,"turns":1.0},{"damage":0.0,"enemies":"Small Slimes","floor":5.0,"turns":1.0},{"damage":0.0,"enemies":"Cultist","floor":8.0,"turns":2.0},{"damage":0.0,"enemies":"2 Fungi Beasts","floor":10.0,"turns":2.0},{"damage":0.0,"enemies":"Large Slime","floor":13.0,"turns":2.0},{"damage":60.0,"enemies":"Fading Forest","floor":16.0,"turns":11.0},{"damage":28.0,"enemies":"3 Byrds","floor":18.0,"turns":4.0},{"damage":34.0,"enemies":"2 Thieves","floor":21.0,"turns":3.0},{"damage":2,"enemies":"Chosen and Byrds","floor":27,"turns":3},{"damage":6,"enemies":"Snake Plant","floor":28,"turns":3},{"damage":0,"enemies":"Replay:Snechameleon","floor":29,"turns":3},{"damage":10,"enemies":"Centurion and Healer","floor":30,"turns":3},{"damage":42,"enemies":"Collector","floor":33,"turns":6},{"damage":28,"enemies":"Orb Walker","floor":35,"turns":4},{"damage":27,"enemies":"3 Darklings","floor":37,"turns":4},{"damage":40,"enemies":"Jaw Worm Horde","floor":39,"turns":3},{"damage":25,"enemies":"Writhing Mass","floor":41,"turns":4},{"damage":23,"enemies":"Awakened One","floor":50,"turns":7}],"seed_played":"-8626670598851742304","potions_obtained":[{"floor":1.0,"key":"GamblersBrew"},{"floor":5.0,"key":"DDmod:CleansePotion"},{"floor":10.0,"key":"blueLaboratory:CorrosionFlask"},{"floor":18.0,"key":"blueLaboratory:HummingbirdPotion"},{"floor":33,"key":"blueLaboratory:NullPotion"},{"floor":35,"key":"blueLaboratory:PhilterOfMotion"},{"floor":39,"key":"DDmod:CleansePotion"}],"is_trial":false,"path_per_floor":["M","$","?","?","M","R","?","M","T","M","T","R","M","?","R","B",null,"M","?","?","M","$","R","?","$","T","M","M","E","M","T","R_BF","B",null,"M","$","M","?","M","R","M","?","T","R","?","?","?","$","R","B",null],"character_chosen":"WATCHER","items_purchased":["Frozen Eye","BargainBundle","Lee\u0027s Waffle","Ice Cream","Wireheading","Replay:ManipulateFuture","EmptyBody","FollowUp+1","Replay:BluntJabs+1","DDmod:MulticlassingSkill","Explosive Potion","Replay:Bandana","Happy Flower","Bronze Scales","Strange Spoon"],"campfire_rested":4,"item_purchase_floors":[2,22,22,22,22,22,22,22,22,22,22,22,36,36,48],"current_hp_per_floor":[72,72,65,65,65,65,65,65,65,65,65,65,65,65,65,31,72,44,44,44,10,79,79,79,79,79,77,71,71,61,61,79,37,79,51,51,44,44,4,27,2,2,2,25,25,25,25,25,48,25],"gold":63,"neow_bonus":"WATCHER_MONK","is_daily":false,"chose_seed":false,"campfire_upgraded":4,"win_rate":0.0,"timestamp":1610229346,"path_taken":["M","$","?","?","M","R","?","M","T","M","?","R","?","?","R","BOSS","M","?","?","M","$","R","?","$","T","M","M","E","M","?","R_BF","BOSS","M","$","M","?","?","R","M","?","T","R","?","?","?","$","R","BOSS"],"items_purchased_type":["Relic","Relic","Relic","Relic","Card","Card","Card","Card","Card","Card","Potion","Relic","Relic","Relic","Relic"],"build_version":"2020-12-22","purchased_purges":0,"victory":true,"max_hp_per_floor":[72,72,72,72,72,72,72,72,72,72,72,72,72,72,72,72,72,72,72,72,72,79,79,79,79,79,79,79,79,79,79,79,79,79,79,79,79,79,79,79,79,79,79,79,79,79,79,79,79,79],"relic_stats":{"Strange Spoon":[2],"Lee\u0027s Waffle":69,"Dream Catcher":4,"Gremlin Horn":[22,22],"Happy Flower":[6],"counters":[5,22],"Bronze Scales":[54],"Boot":[69],"obtain_stats":[{"Strange Spoon":48,"conspire:BottledYoYo":2,"PureWater":0,"Ring of Panic":45,"Akabeko":43},{"Strange Spoon":4,"conspire:BottledYoYo":2,"PureWater":0,"Ring of Panic":4,"Akabeko":4},{"Strange Spoon":15,"conspire:BottledYoYo":8,"PureWater":0,"Ring of Panic":15,"Akabeko":15}]},"card_choices":[{"not_picked":["Replay:Anticipation","MentalFortress"],"picked":"EmptyFist","floor":1.0},{"not_picked":["Pray","Evaluate"],"picked":"Crescendo","floor":5.0},{"not_picked":["Replay:Vibes","Replay:Anticipation","CrushJoints"],"picked":"SKIP","floor":8.0},{"not_picked":["FollowUp","Replay:BluntJabs"],"picked":"Prostrate","floor":10.0},{"not_picked":["Evaluate","SashWhip"],"picked":"Halt","floor":13.0},{"not_picked":["ConjureBlade","Scrawl"],"picked":"Devotion","floor":16.0},{"not_picked":["LikeWater+1","Replay:Hum"],"picked":"Conclude+1","floor":18.0},{"not_picked":["EmptyFist+1","PathToVictory"],"picked":"TalkToTheHand+1","floor":21.0},{"not_picked":["Wireheading","EmptyFist+1"],"picked":"FollowUp+1","floor":27},{"not_picked":["ClearTheMind","ThirdEye"],"picked":"Protect+1","floor":28},{"not_picked":["Replay:BluntJabs+1","SandsOfTime+1"],"picked":"Tantrum+1","floor":29},{"not_picked":["ConjureBlade","Tantrum+1"],"picked":"WaveOfTheHand+1","floor":30},{"not_picked":["Halt","PathToVictory+1"],"picked":"Prostrate","floor":32},{"not_picked":["Replay:AllIn","Vault"],"picked":"Brilliance+1","floor":33},{"not_picked":["EmptyMind+1","FearNoEvil+1"],"picked":"Conclude+1","floor":35},{"not_picked":["Study+1","Meditate+1"],"picked":"BowlingBash+1","floor":37},{"not_picked":["Consecrate+1","Swivel+1"],"picked":"SashWhip+1","floor":39},{"not_picked":["CrushJoints+1","Swivel"],"picked":"SandsOfTime+1","floor":40},{"not_picked":["Evaluate","EmptyBody+1"],"picked":"BowlingBash+1","floor":41},{"not_picked":["Replay:BluntJabs+1","FlurryOfBlows+1"],"picked":"Prostrate+1","floor":44},{"not_picked":["SashWhip+1","Replay:Battleflow"],"picked":"FollowUp+1","floor":49}],"player_experience":169340,"relics_obtained":[{"floor":9.0,"key":"trackpad:WritersBlock"},{"floor":11.0,"key":"Gremlin Horn"},{"floor":26.0,"key":"ReplayFunnel"},{"floor":29,"key":"Dream Catcher"},{"floor":31,"key":"Boot"},{"floor":43,"key":"Akabeko"},{"floor":45,"key":"Ring of Panic"}],"event_choices":[{"damage_healed":0.0,"max_hp_gain":0.0,"max_hp_loss":0.0,"gold_gain":75.0,"event_name":"FaceTrader","player_choice":"Touch","floor":3.0,"gold_loss":0.0,"damage_taken":7.0},{"cards_removed":["Injury"],"damage_healed":0.0,"max_hp_gain":0.0,"max_hp_loss":0.0,"gold_gain":0.0,"event_name":"Purifier","player_choice":"Purged","floor":19.0,"gold_loss":0.0,"damage_taken":0.0},{"cards_removed":["Mayhem"],"damage_healed":0.0,"max_hp_gain":0.0,"max_hp_loss":0.0,"gold_gain":0.0,"event_name":"betterNote:BetterNote","player_choice":"Take \u0026 Give","floor":20.0,"gold_loss":0.0,"damage_taken":0.0,"cards_obtained":["Mayhem"]},{"cards_removed":["EmptyFist"],"damage_healed":0.0,"max_hp_gain":0.0,"max_hp_loss":0.0,"gold_gain":0.0,"event_name":"WeMeetAgain","player_choice":"Gave Card","floor":24.0,"gold_loss":0.0,"damage_taken":0.0,"relics_obtained":["infinitespire:CheckeredPen"]},{"damage_healed":0,"gold_gain":3,"player_choice":"3","damage_taken":0,"max_hp_gain":0,"max_hp_loss":0,"event_name":"betterStone:BetterStone","floor":38,"gold_loss":0,"cards_obtained":["Prostrate"]},{"cards_removed":["SashWhip"],"damage_healed":0,"gold_gain":0,"player_choice":"Removed Attack","damage_taken":0,"max_hp_gain":0,"max_hp_loss":0,"event_name":"Falling","floor":42,"gold_loss":0},{"damage_healed":0,"gold_gain":0,"player_choice":"Leave","damage_taken":0,"max_hp_gain":0,"max_hp_loss":0,"event_name":"conspire:Investor","floor":46,"gold_loss":0},{"damage_healed":0,"gold_gain":0,"player_choice":"Upgraded","damage_taken":0,"max_hp_gain":0,"max_hp_loss":0,"event_name":"Upgrade Shrine","floor":47,"gold_loss":0,"cards_upgraded":["DDmod:MulticlassingSkill"]}],"is_beta":false,"boss_relics":[{"not_picked":["Sozu","trackpad:Coffee"],"picked":"aspiration:PoetsPen"},{"not_picked":["trackpad:StolenKidneys","Kintsugi"],"picked":"energizedSpire:BlackCloud"}],"items_purged_floors":[],"is_endless":false,"potions_floor_spawned":[1,5,10,18,27,33,35,39],"ascension_level":0}}