{"host":"662n7794wuevbd4i","time":1610216016,"event":{"mods":["BaseMod","KOR Keyword Fix","Minty Spire (QoL Compilation)","StSLib","The Cursed","The Dragon Tamer","The Hierophant","The Poker Player"],"gold_per_floor":[117,117,137,149,149,184,198,213,287,313,324,324,324,274,274,369,369,387,486,486,496,515,549,549,549],"floor_reached":24,"playtime":743,"items_purged":[],"score":251,"play_id":"e5e1dc56-75ae-47dd-85a5-e4d48bac5ed8","local_time":"20210110031336","is_ascension_mode":true,"campfire_choices":[{"floor":12,"key":"REST"},{"data":"Parasite","floor":15,"key":"PURGE"}],"circlet_count":0,"master_deck":["Strike_R","Strike_R","Strike_R","Strike_R","Defend_R","Defend_R","Defend_R","Defend_R","Bash","Seeing Red","Spot Weakness","Pommel Strike","Pommel Strike","Bloodletting","Flex+1","Spot Weakness","Heavy Blade","Fire Breathing","Pommel Strike+1","Flex","Reckless Charge"],"relics":["Black Blood","Peace Pipe","Happy Flower","Kunai","Toy Ornithopter","Vajra"],"acts_visited":["Exordium","TheCity"],"potions_floor_usage":[11,16,16,21,23],"damage_taken":[{"damage":12.0,"enemies":"Small Slimes","floor":1.0,"turns":3.0},{"damage":8.0,"enemies":"Jaw Worm","floor":3.0,"turns":5.0},{"damage":6.0,"enemies":"Cultist","floor":4.0,"turns":3.0},{"damage":24.0,"enemies":"Gremlin Nob","floor":6.0,"turns":4.0},{"damage":9.0,"enemies":"Looter","floor":7.0,"turns":2.0},{"damage":2.0,"enemies":"3 Louse","floor":8.0,"turns":2.0},{"damage":34.0,"enemies":"3 Sentries","floor":10.0,"turns":5.0},{"damage":21,"enemies":"Large Slime","floor":11,"turns":5},{"damage":11,"enemies":"Slime Boss","floor":16,"turns":8},{"damage":5,"enemies":"Chosen","floor":18,"turns":4},{"damage":14,"enemies":"Shell Parasite","floor":21,"turns":4},{"damage":22,"enemies":"Snecko","floor":22,"turns":5},{"damage":66,"enemies":"Slavers","floor":23,"turns":4},{"damage":23,"enemies":"3 Cultists","floor":24,"turns":3}],"seed_played":"-7415260413957864968","potions_obtained":[{"floor":3.0,"key":"Explosive Potion"},{"floor":6.0,"key":"Energy Potion"},{"floor":8.0,"key":"AttackPotion"},{"floor":16,"key":"Block Potion"},{"floor":18,"key":"Strength Potion"}],"is_trial":false,"path_per_floor":["M","?","M","M","T","E","M","M","T","E","M","R","?","?","R","B",null,"M","?","?","M","M","E","M"],"character_chosen":"IRONCLAD","items_purchased":[],"campfire_rested":1,"item_purchase_floors":[],"current_hp_per_floor":[74,74,72,72,72,54,51,55,55,27,17,41,61,61,61,66,77,77,77,77,77,67,18,0,0],"gold":549,"neow_bonus":"THREE_CARDS","is_daily":false,"chose_seed":false,"campfire_upgraded":0,"win_rate":0.0,"timestamp":1610216016,"path_taken":["M","?","M","M","?","E","M","?","T","E","M","R","?","?","R","BOSS","M","?","?","?","M","E","M"],"items_purchased_type":[],"build_version":"2020-12-22","purchased_purges":0,"victory":false,"max_hp_per_floor":[80,80,80,80,80,80,80,80,80,80,80,80,80,80,77,77,77,77,77,77,77,77,77,77,77],"card_choices":[{"not_picked":["Warcry","Thunderclap"],"picked":"Seeing Red","floor":0.0},{"not_picked":["Clash","Headbutt"],"picked":"Spot Weakness","floor":1.0},{"not_picked":["Infernal Blade","True Grit"],"picked":"Pommel Strike","floor":3.0},{"not_picked":["Flame Barrier","Thunderclap"],"picked":"Pommel Strike","floor":4.0},{"not_picked":["Ghostly Armor","Rampage"],"picked":"Bloodletting","floor":6.0},{"not_picked":["Sentinel","True Grit"],"picked":"Flex","floor":7.0},{"not_picked":["Wild Strike","Thunderclap","Clothesline"],"picked":"SKIP","floor":8.0},{"not_picked":["Perfected Strike","Pommel Strike"],"picked":"Spot Weakness","floor":10.0},{"not_picked":["Uppercut","Sword Boomerang"],"picked":"Heavy Blade","floor":11},{"not_picked":["Pommel Strike","Havoc"],"picked":"Fire Breathing","floor":18},{"not_picked":["Cleave+1","Perfected Strike"],"picked":"Pommel Strike+1","floor":21},{"not_picked":["Second Wind","Clash"],"picked":"Flex","floor":22},{"not_picked":["Hemokinesis","Warcry+1"],"picked":"Reckless Charge","floor":23}],"player_experience":136502,"relics_obtained":[{"floor":5.0,"key":"Peace Pipe"},{"floor":6.0,"key":"Happy Flower"},{"floor":9.0,"key":"Kunai"},{"floor":10.0,"key":"Toy Ornithopter"},{"floor":23,"key":"Vajra"}],"event_choices":[{"damage_healed":0.0,"max_hp_gain":0.0,"max_hp_loss":0.0,"gold_gain":0.0,"event_name":"Shining Light","player_choice":"Ignored","floor":2.0,"gold_loss":0.0,"damage_taken":0.0},{"damage_healed":20,"gold_gain":0,"player_choice":"Healed and dodged fight","damage_taken":0,"max_hp_gain":0,"max_hp_loss":0,"event_name":"Mushrooms","floor":13,"gold_loss":0,"cards_obtained":["Parasite"]},{"cards_removed":["Strike_R"],"damage_healed":0,"gold_gain":0,"player_choice":"Card Removal","damage_taken":0,"max_hp_gain":0,"max_hp_loss":0,"event_name":"The Cleric","floor":14,"gold_loss":50},{"damage_healed":0,"gold_gain":99,"player_choice":"Stole From Cult","damage_taken":0,"max_hp_gain":0,"max_hp_loss":0,"event_name":"Nest","floor":19,"gold_loss":0},{"damage_healed":0,"gold_gain":0,"player_choice":"Upgraded","damage_taken":0,"max_hp_gain":0,"max_hp_loss":0,"event_name":"Upgrade Shrine","floor":20,"gold_loss":0,"cards_upgraded":["Flex"]}],"is_beta":false,"boss_relics":[{"not_picked":["Calling Bell","Empty Cage"],"picked":"Black Blood"}],"items_purged_floors":[],"is_endless":false,"potions_floor_spawned":[3,6,8,16,18],"killed_by":"3 Cultists","ascension_level":2}}