{"host":"z4nt7tdd4gjrinn7","time":1610227414,"event":{"mods":["BaseMod","Minty Spire (QoL Compilation)","StSLib","The Servant 0.9.4"],"gold_per_floor":[130,217,246,275,301,313,344,356,444,436,465,477,664,696,708,817,829,855,867,538,331,347,347,347,364,387,405,405,417,417,437,437,437,437],"floor_reached":33,"playtime":1803,"items_purged":[],"score":266,"play_id":"35ff054a-a6b1-48a6-ab0b-15b6b61ccd29","local_time":"20210109162334","is_ascension_mode":false,"campfire_choices":[{"floor":6,"key":"REST"},{"data":"Perfected Strike","floor":8,"key":"SMITH"},{"floor":15,"key":"REST"},{"data":"Thunderclap","floor":23,"key":"SMITH"},{"floor":32,"key":"REST"}],"circlet_count":0,"master_deck":["Strike_R","Strike_R","Strike_R","Strike_R","Strike_R","Defend_R","Defend_R","Defend_R","Defend_R","Bash","Pommel Strike","Ghostly Armor","Perfected Strike+1","Anger","Shrug It Off","Reaper","Doubt","Power Through","Juggernaut+1","Thunderclap+1","Heavy Blade","Wild Strike","Inflame","Feel No Pain+1","Pommel Strike+1"],"relics":["Burning Blood","MawBank","Mercury Hourglass","Velvet Choker","Lizard Tail","Membership Card","Pear","MealTicket","Anchor","Darkstone Periapt","MutagenicStrength","Bag of Marbles"],"acts_visited":["Exordium","TheCity"],"potions_floor_usage":[10,16,16,16,27,27,33],"damage_taken":[{"damage":7,"enemies":"2 Louse","floor":1,"turns":2},{"damage":17,"enemies":"Small Slimes","floor":3,"turns":3},{"damage":6,"enemies":"Cultist","floor":4,"turns":3},{"damage":9,"enemies":"2 Fungi Beasts","floor":5,"turns":3},{"damage":10,"enemies":"Looter","floor":7,"turns":2},{"damage":10,"enemies":"Exordium Thugs","floor":11,"turns":3},{"damage":16,"enemies":"Exordium Wildlife","floor":14,"turns":4},{"damage":32,"enemies":"The Guardian","floor":16,"turns":14},{"damage":20,"enemies":"Spheric Guardian","floor":18,"turns":4},{"damage":6,"enemies":"Shell Parasite","floor":22,"turns":5},{"damage":12,"enemies":"3 Cultists","floor":25,"turns":5},{"damage":0,"enemies":"Snecko","floor":27,"turns":3},{"damage":6,"enemies":"Snake Plant","floor":29,"turns":3},{"damage":12,"enemies":"Centurion and Healer","floor":31,"turns":3},{"damage":180,"enemies":"Collector","floor":33,"turns":8}],"seed_played":"7877049760214761747","potions_obtained":[{"floor":3,"key":"ColorlessPotion"},{"floor":7,"key":"LiquidMemories"},{"floor":10,"key":"Fruit Juice"},{"floor":11,"key":"Weak Potion"},{"floor":16,"key":"LiquidMemories"},{"floor":18,"key":"EssenceOfSteel"},{"floor":22,"key":"Energy Potion"},{"floor":25,"key":"Weak Potion"}],"is_trial":false,"path_per_floor":["M","?","M","M","M","R","M","R","T","?","M","?","?","M","R","B",null,"M","?","$","$","M","R","?","M","T","M","?","M","?","M","R","B"],"character_chosen":"IRONCLAD","items_purchased":["Membership Card","Pear","MealTicket","Anchor","Darkstone Periapt"],"campfire_rested":3,"item_purchase_floors":[20,20,20,21,21],"current_hp_per_floor":[79,68,57,57,54,78,74,74,74,79,75,75,75,65,85,63,85,71,71,81,95,95,95,95,89,89,95,95,95,95,89,95,0,0],"gold":437,"neow_bonus":"RANDOM_COMMON_RELIC","is_daily":false,"chose_seed":false,"campfire_upgraded":2,"win_rate":0.0,"timestamp":1610227414,"path_taken":["M","?","M","M","M","R","M","R","T","?","?","?","?","M","R","BOSS","M","?","?","$","M","R","?","?","T","M","?","M","?","M","R","BOSS"],"items_purchased_type":["Relic","Relic","Relic","Relic","Relic"],"build_version":"2020-12-22","purchased_purges":0,"victory":false,"max_hp_per_floor":[80,80,80,80,80,80,80,80,80,85,85,85,85,85,85,85,85,85,85,95,95,95,95,95,95,95,95,95,95,95,95,95,95,95],"card_choices":[{"not_picked":["Pummel","Clash"],"picked":"Pommel Strike","floor":1},{"not_picked":["Entrench","Dark Embrace"],"picked":"Ghostly Armor","floor":3},{"not_picked":["Armaments","Uppercut"],"picked":"Perfected Strike","floor":4},{"not_picked":["Thunderclap","Blood for Blood"],"picked":"Anger","floor":5},{"not_picked":["Carnage","Shockwave"],"picked":"Shrug It Off","floor":7},{"not_picked":["Iron Wave","True Grit"],"picked":"Reaper","floor":11},{"not_picked":["Shrug It Off","Flex"],"picked":"Power Through","floor":14},{"not_picked":["Impervious","Berserk"],"picked":"Juggernaut","floor":16},{"not_picked":["Blood for Blood","Warcry"],"picked":"Thunderclap","floor":18},{"not_picked":["Flex","Pummel"],"picked":"Heavy Blade","floor":22},{"not_picked":["Feel No Pain","Whirlwind"],"picked":"Wild Strike","floor":25},{"not_picked":["Sever Soul","Dark Embrace+1"],"picked":"Inflame","floor":27},{"not_picked":["Bloodletting","Pommel Strike"],"picked":"Feel No Pain+1","floor":29},{"not_picked":["Warcry","Clothesline"],"picked":"Pommel Strike+1","floor":31}],"player_experience":31519,"relics_obtained":[{"floor":9,"key":"Mercury Hourglass"},{"floor":26,"key":"Bag of Marbles"}],"event_choices":[{"damage_healed":0,"gold_gain":75,"player_choice":"Gather Gold","damage_taken":11,"max_hp_gain":0,"max_hp_loss":0,"event_name":"World of Goop","floor":2,"gold_loss":0},{"damage_healed":0,"gold_gain":0,"player_choice":"Bought 1 Potion","damage_taken":0,"max_hp_gain":0,"max_hp_loss":0,"event_name":"The Woman in Blue","floor":10,"gold_loss":0},{"damage_healed":0,"gold_gain":0,"player_choice":"Ignored","damage_taken":0,"max_hp_gain":0,"max_hp_loss":0,"event_name":"Golden Wing","floor":12,"gold_loss":0},{"damage_healed":0,"gold_gain":175,"player_choice":"AGREE","damage_taken":0,"max_hp_gain":0,"max_hp_loss":0,"event_name":"Liars Game","floor":13,"gold_loss":0,"cards_obtained":["Doubt"]},{"damage_healed":0,"gold_gain":0,"player_choice":"Gave Potion","damage_taken":0,"relics_obtained":["Lizard Tail"],"max_hp_gain":0,"max_hp_loss":0,"event_name":"WeMeetAgain","floor":19,"gold_loss":0},{"damage_healed":0,"gold_gain":0,"player_choice":"Inject Mutagens","damage_taken":0,"relics_obtained":["MutagenicStrength"],"max_hp_gain":0,"max_hp_loss":0,"event_name":"Drug Dealer","floor":24,"gold_loss":0},{"damage_healed":0,"gold_gain":0,"player_choice":"Ignored","damage_taken":0,"max_hp_gain":0,"max_hp_loss":0,"event_name":"Cursed Tome","floor":28,"gold_loss":0},{"damage_healed":0,"gold_gain":0,"player_choice":"Upgraded","damage_taken":0,"max_hp_gain":0,"max_hp_loss":0,"event_name":"Upgrade Shrine","floor":30,"gold_loss":0,"cards_upgraded":["Juggernaut"]}],"is_beta":false,"boss_relics":[{"not_picked":["Coffee Dripper","Runic Dome"],"picked":"Velvet Choker"}],"items_purged_floors":[],"is_endless":false,"potions_floor_spawned":[3,7,11,16,18,22,25],"killed_by":"Collector","ascension_level":0}}