{"host":"mytek2nu1hrzdnew","time":1610212811,"event":{"mods":["100% Spire Juice","Aspiration","BaseMod","Conspire","GifTheSpireLib","Gold Saver","Hubris","Minty Spire (QoL Compilation)","Replay The Spire","StSLib","Stuff the Spire","Uncapped"],"gold_per_floor":[127,144,144,144,158,158,187,187,241,252,272,292,292,303,303,406,406,424,424,349,368,386,412,465,498,523,523,540,540,540],"floor_reached":29,"playtime":1488,"items_purged":["Moonworks:Strike"],"score":321,"play_id":"4d9429d9-f3d0-4fe7-9d37-6147e85b47dc","local_time":"20210109122011","is_ascension_mode":true,"campfire_choices":[{"data":"Moonworks:Ambush","floor":6,"key":"SMITH"},{"floor":8,"key":"REST"},{"floor":15,"key":"REST"},{"floor":27,"key":"REST"}],"circlet_count":0,"master_deck":["Moonworks:Strike","Moonworks:Strike","Moonworks:Strike","Moonworks:Defend","Moonworks:Defend","Moonworks:Defend","Moonworks:Defend","Moonworks:Ambush+1","Moonworks:LongDistanceShot","Moonworks:IndiscriminateFireSupport","Moonworks:BeyondHell","Moonworks:SakisCookie+1","Moonworks:RocketCannon","Moonworks:CompletionReward","Moonworks:StarBlastingFuse","Moonworks:DeployBits+1","Moonworks:x16BigRocket+1"],"relics":["Moonworks:BrokenBomb","Moonworks:Homemark","Ancient Tea Set","Orichalcum","hubris:ScarierMask","ReplayTheSpireMod:Ring of Addiction","White Beast Statue","SacredBark","hubris:SlimyHat","aspiration:ChemicalBlood","Happy Flower"],"acts_visited":["Exordium","TheCity"],"potions_floor_usage":[10,12,14,16,16,16,16,16,18,21,22,22,23,25,25,25,28,29],"damage_taken":[{"damage":6,"enemies":"Small Slimes","floor":1,"turns":4},{"damage":1,"enemies":"Cultist","floor":2,"turns":3},{"damage":0,"enemies":"2 Louse","floor":5,"turns":2},{"damage":36,"enemies":"Lagavulin","floor":7,"turns":5},{"damage":14,"enemies":"Large Slime","floor":10,"turns":4},{"damage":8,"enemies":"Blue Slaver","floor":11,"turns":2},{"damage":0,"enemies":"3 Louse","floor":12,"turns":3},{"damage":6,"enemies":"Exordium Wildlife","floor":14,"turns":3},{"damage":2,"enemies":"Slime Boss","floor":16,"turns":8},{"damage":1,"enemies":"3 Byrds","floor":18,"turns":4},{"damage":7,"enemies":"2 Thieves","floor":21,"turns":3},{"damage":8,"enemies":"Cultist and Chosen","floor":22,"turns":4},{"damage":46,"enemies":"Gremlin Leader","floor":23,"turns":8},{"damage":0,"enemies":"Book of Stabbing","floor":25,"turns":4},{"damage":0,"enemies":"3 Cultists","floor":28,"turns":3},{"damage":999,"enemies":"Snake Plant","floor":29,"turns":1}],"seed_played":"-1516909019434485148","potions_obtained":[{"floor":4,"key":"LifebloodPotion"},{"floor":4,"key":"EntropicBrew"},{"floor":7,"key":"ColorlessPotion"},{"floor":10,"key":"FearPotion"},{"floor":12,"key":"Fire Potion"},{"floor":16,"key":"GamblersBrew"},{"floor":19,"key":"AttackPotion"},{"floor":19,"key":"Adrenaline Potion"},{"floor":19,"key":"FearPotion"},{"floor":21,"key":"Swift Potion"},{"floor":22,"key":"SteroidPotion"},{"floor":23,"key":"Flashbang"},{"floor":24,"key":"ColorlessPotion"},{"floor":24,"key":"EssenceOfSteel"},{"floor":24,"key":"Toxic Potion"},{"floor":25,"key":"PowerPotion"},{"floor":28,"key":"AttackPotion"}],"is_trial":false,"path_per_floor":["M","M","?","?","M","R","E","R","T","M","M","M","?","M","R","B",null,"M","?","$","M","M","E","?","E","T","R","M","M"],"character_chosen":"THE_STARBREAKER","items_purchased":[],"campfire_rested":3,"item_purchase_floors":[],"current_hp_per_floor":[60,59,64,64,64,64,28,49,49,35,29,31,31,29,50,52,71,70,70,70,63,59,17,17,21,21,42,42,0,0],"gold":540,"neow_bonus":"TEN_PERCENT_HP_BONUS","is_daily":false,"chose_seed":false,"campfire_upgraded":1,"win_rate":0.0,"timestamp":1610212811,"path_taken":["M","M","?","?","M","R","E","R","T","?","M","M","?","M","R","BOSS","M","?","$","M","M","E","?","E","T","R","M","M"],"items_purchased_type":[],"build_version":"2020-12-22","purchased_purges":1,"victory":false,"max_hp_per_floor":[66,66,71,71,71,71,71,71,71,71,71,71,71,71,71,71,71,71,71,71,71,71,71,71,71,71,71,71,71,71],"card_choices":[{"not_picked":["Moonworks:JonathanRush","Moonworks:SakisCookie"],"picked":"Moonworks:IndiscriminateFireSupport","floor":1},{"not_picked":["Moonworks:DeployBits","Moonworks:TacticalRetreat"],"picked":"Moonworks:BeyondHell","floor":2},{"not_picked":["Moonworks:CloudOfSeagulls","Moonworks:NicePresent","Moonworks:FullSpeedAlicianrone"],"picked":"SKIP","floor":5},{"not_picked":["Moonworks:Dinner","Moonworks:Assault","Moonworks:UnpaidWork"],"picked":"SKIP","floor":7},{"not_picked":["Moonworks:BackdoorTrade","Moonworks:NicePresent"],"picked":"Moonworks:SakisCookie","floor":10},{"not_picked":["Moonworks:EvilSpyWorkPreparation","Moonworks:LulusLuckyEgg"],"picked":"Moonworks:RocketCannon","floor":11},{"not_picked":["Moonworks:JonathanRush","Moonworks:BigMagnum"],"picked":"Moonworks:CompletionReward","floor":12},{"not_picked":["Moonworks:NicePresent","Moonworks:SelfDestruct","Moonworks:EvilSpyWorkPreparation"],"picked":"SKIP","floor":14},{"not_picked":["Moonworks:SinkOrSwim","Moonworks:CrystalBarrier"],"picked":"Moonworks:StarBlastingFuse","floor":16},{"not_picked":["Moonworks:UnpaidWork","Moonworks:SelfDestruct","Moonworks:WindyEnchantment"],"picked":"SKIP","floor":18},{"not_picked":["Moonworks:Assault","Moonworks:CloudOfSeagulls","Moonworks:ShieldCounter"],"picked":"SKIP","floor":21},{"not_picked":["Moonworks:BigMagnum","Moonworks:CloudOfSeagulls"],"picked":"Moonworks:DeployBits+1","floor":22},{"not_picked":["Moonworks:Poppoformation+1","Moonworks:Heat300Percent+1","Moonworks:ImOnFire"],"picked":"SKIP","floor":23},{"not_picked":["Moonworks:BigBangBell","Moonworks:BigMagnum+1"],"picked":"Moonworks:x16BigRocket+1","floor":24},{"not_picked":["Moonworks:Assault+1","Moonworks:EvilSpyWorkPreparation","Moonworks:DeployBits"],"picked":"SKIP","floor":25},{"not_picked":["Moonworks:Poppoformation+1","Moonworks:BigMagnum","Moonworks:Assault+1"],"picked":"SKIP","floor":28}],"player_experience":1038974,"relics_obtained":[{"floor":7,"key":"Ancient Tea Set"},{"floor":9,"key":"Orichalcum"},{"floor":19,"key":"ReplayTheSpireMod:Ring of Addiction"},{"floor":19,"key":"White Beast Statue"},{"floor":19,"key":"SacredBark"},{"floor":23,"key":"hubris:SlimyHat"},{"floor":25,"key":"aspiration:ChemicalBlood"},{"floor":26,"key":"Happy Flower"}],"event_choices":[{"damage_healed":0,"gold_gain":0,"player_choice":"Donut","damage_taken":0,"max_hp_gain":5,"max_hp_loss":0,"event_name":"Big Fish","floor":3,"gold_loss":0},{"damage_healed":0,"gold_gain":0,"player_choice":"Got Potions","damage_taken":0,"max_hp_gain":0,"max_hp_loss":0,"event_name":"Lab","floor":4,"gold_loss":0},{"damage_healed":0,"gold_gain":0,"player_choice":"Grow","damage_taken":0,"max_hp_gain":0,"max_hp_loss":0,"event_name":"Living Wall","floor":13,"gold_loss":0,"cards_upgraded":["Moonworks:SakisCookie"]}],"is_beta":false,"boss_relics":[{"not_picked":["ReplayTheSpireMod:DimensionalGlitch","hubris:CrackedHourglass"],"picked":"hubris:ScarierMask"}],"items_purged_floors":[20],"is_endless":false,"potions_floor_spawned":[5,7,10,12,16,21,22,23,25,28],"killed_by":"Snake Plant","ascension_level":2}}