{"host":"c95txy58ipbu969e","time":1610203380,"event":{"mods":["Act Like it!","Arknights The Spire","BaseMod","Minty Spire (QoL Compilation)","Quick Restart","StSLib"],"gold_per_floor":[111,111,121,121,138,164,180,180,180],"floor_reached":8,"playtime":416,"items_purged":[],"score":58,"play_id":"a84d7092-df00-4eae-ba06-c8ac1bbd5c58","local_time":"20210109224300","is_ascension_mode":false,"campfire_choices":[],"circlet_count":0,"master_deck":["ats:Strike C","ats:Strike G","ats:Strike S","ats:Strike V","ats:Armor Crushing Shot","ats:Defend","ats:Defend","ats:Defend","ats:Defend","ats:Emotion Absorption","ats:Closed Bolt Burst Fire","ats:Assault Order","ats:Directed Diagnosis","ats:Volcano"],"relics":["ats:Sanity","NeowsBlessing","FaceOfCleric","ats:Originium","Anchor"],"acts_visited":["Exordium"],"potions_floor_usage":[],"damage_taken":[{"damage":0.0,"enemies":"Small Slimes","floor":1.0,"turns":1.0},{"damage":0,"enemies":"Cultist","floor":3,"turns":1},{"damage":0,"enemies":"Jaw Worm","floor":5,"turns":1},{"damage":60,"enemies":"Gremlin Nob","floor":6,"turns":6},{"damage":0,"enemies":"Looter","floor":7,"turns":3},{"damage":0,"enemies":"3 Sentries","floor":8,"turns":2}],"seed_played":"-6898986075353833128","potions_obtained":[{"floor":3,"key":"BlessingOfTheForge"},{"floor":5,"key":"AttackPotion"},{"floor":7,"key":"AttackPotion"}],"is_trial":false,"path_per_floor":["M","?","M","?","M","E","M","E"],"character_chosen":"DOCTOR_CLASS","items_purchased":[],"campfire_rested":0,"item_purchase_floors":[],"current_hp_per_floor":[72,77,77,77,78,19,20,20,20],"gold":180,"neow_bonus":"THREE_ENEMY_KILL","is_daily":false,"chose_seed":false,"campfire_upgraded":0,"win_rate":0.0,"timestamp":1610203380,"path_taken":["M","?","M","?","M","E","M","E"],"items_purchased_type":[],"build_version":"2020-12-22","purchased_purges":0,"victory":false,"max_hp_per_floor":[72,77,77,77,78,79,80,80,80],"card_choices":[{"not_picked":["ats:Assault Order","ats:Hook Shot"],"picked":"ats:Closed Bolt Burst Fire","floor":1.0},{"not_picked":["ats:Red Shift","ats:Childhood Dance"],"picked":"ats:Assault Order","floor":3},{"not_picked":["ats:Flexible Camouflage","ats:Powerful Strike","ats:Thermite Blade"],"picked":"SKIP","floor":5},{"not_picked":["ats:Sword Rain","ats:Hammer On"],"picked":"ats:Directed Diagnosis","floor":6},{"not_picked":["ats:Blood Oath","ats:Rapid Magazine"],"picked":"ats:Volcano","floor":7}],"player_experience":256006,"relics_obtained":[{"floor":6,"key":"ats:Originium"},{"floor":6,"key":"Anchor"}],"event_choices":[{"damage_healed":0,"gold_gain":0,"player_choice":"Donut","damage_taken":0,"max_hp_gain":5,"max_hp_loss":0,"event_name":"Big Fish","floor":2,"gold_loss":0},{"damage_healed":0,"gold_gain":0,"player_choice":"Trade","damage_taken":0,"relics_obtained":["FaceOfCleric"],"max_hp_gain":0,"max_hp_loss":0,"event_name":"FaceTrader","floor":4,"gold_loss":0}],"is_beta":false,"boss_relics":[],"items_purged_floors":[],"is_endless":false,"potions_floor_spawned":[3,5,7],"killed_by":"3 Sentries","ascension_level":0}}