{"host":"gzwwvnucm264f2jm","time":1610234669,"event":{"mods":["AchievementEnabler","BaseMod","Colored Map","Minty Spire (QoL Compilation)","Permanent Neow","Quick Restart","Replay The Spire","Spicy Shops","StSLib","SuperFastMode"],"gold_per_floor":[116,116,135,166,166,166,166,198,198,198,123,123,123,153,153,257,257,272,272,298,20,20,20,55,89,141,175,195,195,215,130,130,229,229,241,241,267,267,267,267,267,34,58,92,92,92,92,92,92,92],"floor_reached":51,"playtime":1617,"items_purged":["Dagger Spray"],"score":1402,"play_id":"581f407c-1008-4e58-9fe6-e144344912be","local_time":"20210109182429","daily_mods":["SealedDeck","Specialized","Vintage","Flight","Binary"],"is_ascension_mode":false,"campfire_choices":[{"data":"Accuracy","floor":6,"key":"SMITH"},{"data":"Noxious Fumes","floor":7,"key":"SMITH"},{"data":"Footwork","floor":10,"key":"SMITH"},{"data":"Blade Dance","floor":12,"key":"SMITH"},{"data":"Blade Dance","floor":13,"key":"SMITH"},{"data":"Outmaneuver","floor":15,"key":"SMITH"},{"data":"Blur","floor":23,"key":"SMITH"},{"data":"Ghostly","floor":40,"key":"SMITH"},{"data":"Ghostly","floor":41,"key":"SMITH"},{"data":"Ghostly","floor":45,"key":"SMITH"},{"data":"Ghostly","floor":46,"key":"SMITH"},{"data":"Backflip","floor":49,"key":"SMITH"}],"circlet_count":0,"master_deck":["Outmaneuver+1","Blade Dance+1","Backflip+1","Blade Dance+1","Blur+1","Accuracy+1","Noxious Fumes+1","Backflip","Footwork+1","Ghostly+1","Ghostly+1","Ghostly+1","Ghostly+1"],"relics":["Unceasing Top","Busted Crown","Pear","HornCleat","Ancient Tea Set","Snake Skull","MealTicket","Mummified Hand","Basket Of Snakes","Replay:Grab Bag","Sozu","Coffee Dripper","Empty Cage","PreservedInsect","Red Mask","OrangePellets","Replay:Bottled Snecko","Eternal Feather","The Courier","Boot","Tiny Chest","Quantum Egg","Omamori","ReplayFunnel","Smiling Mask","Replay:Drink Me","Bird Faced Urn","Replay:Wax Seal","Incense Burner","Akabeko","White Beast Statue","Pocketwatch"],"acts_visited":["Exordium","TheCity","TheBeyond"],"potions_floor_usage":[],"damage_taken":[{"damage":0,"enemies":"Cultist","floor":1,"turns":2},{"damage":5,"enemies":"Small Slimes","floor":3,"turns":2},{"damage":4,"enemies":"Lagavulin","floor":8,"turns":4},{"damage":1,"enemies":"3 Sentries","floor":14,"turns":3},{"damage":14,"enemies":"The Guardian","floor":16,"turns":4},{"damage":0,"enemies":"Shell Parasite","floor":18,"turns":2},{"damage":0,"enemies":"Masked Bandits","floor":20,"turns":2},{"damage":0,"enemies":"Book of Stabbing","floor":24,"turns":2},{"damage":0,"enemies":"Gremlin Leader","floor":25,"turns":2},{"damage":0,"enemies":"Slavers","floor":27,"turns":2},{"damage":0,"enemies":"2 Thieves","floor":28,"turns":3},{"damage":0,"enemies":"Snake Plant","floor":30,"turns":2},{"damage":0,"enemies":"Pondfish","floor":33,"turns":4},{"damage":0,"enemies":"3 Darklings","floor":35,"turns":3},{"damage":0,"enemies":"R_Hoarder","floor":44,"turns":3},{"damage":0,"enemies":"Awakened One","floor":50,"turns":5}],"seed_played":"7756214109147848986","potions_obtained":[{"floor":3,"key":"SmokeBomb"},{"floor":4,"key":"Languid Potion"},{"floor":4,"key":"Energy Potion"}],"is_trial":true,"path_per_floor":["M","T","M","?","T","R","R","E","T","R","$","R","R","E","R","B",null,"M","?","?","$","?","R","E","E","T","E","M","T","M","?","R_BF","B",null,"M","$","T","?","?","R","R","$","T","E","R","R","?","T","R","B",null],"character_chosen":"THE_SILENT","items_purchased":["OrangePellets","Replay:Bottled Snecko","Incense Burner"],"campfire_rested":0,"item_purchase_floors":[21,21,42],"current_hp_per_floor":[80,80,75,75,75,75,75,71,71,71,80,80,80,79,79,65,80,80,80,80,80,80,80,80,80,80,80,80,80,80,80,40,40,30,30,30,30,30,20,26,30,30,30,30,30,30,28,28,28,28],"gold":92,"neow_bonus":"","is_daily":false,"chose_seed":false,"campfire_upgraded":12,"win_rate":0.0,"timestamp":1610234669,"path_taken":["M","?","?","?","?","R","R","E","T","R","$","R","R","E","R","BOSS","M","?","?","$","?","R","E","E","T","E","?","?","M","?","R_BF","BOSS","M","$","?","?","?","R","R","$","T","E","R","R","?","?","R","BOSS"],"items_purchased_type":["Relic","Relic","Relic"],"build_version":"2020-12-22","purchased_purges":1,"victory":true,"max_hp_per_floor":[80,80,80,80,80,80,80,80,80,80,80,80,80,80,80,80,80,80,80,80,80,80,80,80,80,80,80,80,80,80,80,40,40,30,30,30,30,30,30,30,30,30,30,30,30,30,28,28,28,28],"card_choices":[],"player_experience":445290,"relics_obtained":[{"floor":1,"key":"Pear"},{"floor":2,"key":"HornCleat"},{"floor":3,"key":"Ancient Tea Set"},{"floor":5,"key":"Snake Skull"},{"floor":8,"key":"MealTicket"},{"floor":9,"key":"Mummified Hand"},{"floor":14,"key":"Basket Of Snakes"},{"floor":18,"key":"PreservedInsect"},{"floor":20,"key":"Red Mask"},{"floor":24,"key":"Eternal Feather"},{"floor":25,"key":"The Courier"},{"floor":26,"key":"Boot"},{"floor":27,"key":"Tiny Chest"},{"floor":28,"key":"Quantum Egg"},{"floor":29,"key":"Omamori"},{"floor":30,"key":"ReplayFunnel"},{"floor":35,"key":"Bird Faced Urn"},{"floor":37,"key":"Replay:Wax Seal"},{"floor":43,"key":"Akabeko"},{"floor":44,"key":"White Beast Statue"},{"floor":48,"key":"Pocketwatch"}],"event_choices":[{"damage_healed":0,"gold_gain":0,"cards_transformed":["Dagger Spray","Dagger Spray"],"player_choice":"Became Test Subject","damage_taken":0,"max_hp_gain":0,"max_hp_loss":0,"event_name":"Drug Dealer","floor":19,"gold_loss":0,"cards_obtained":["Tools of the Trade","Venomology"]},{"damage_healed":0,"gold_gain":0,"player_choice":"Fought Bandits","damage_taken":0,"max_hp_gain":0,"max_hp_loss":0,"event_name":"Masked Bandits","floor":20,"gold_loss":0},{"damage_healed":0,"gold_gain":0,"cards_transformed":["Venomology"],"player_choice":"Transformed","damage_taken":0,"max_hp_gain":0,"max_hp_loss":0,"event_name":"Transmorgrifier","floor":22,"gold_loss":0,"cards_obtained":["ReplayTheSpireMod:Speed Training"]},{"damage_healed":0,"gold_gain":0,"player_choice":"Obtained Relic","damage_taken":0,"relics_obtained":["Smiling Mask"],"max_hp_gain":0,"max_hp_loss":0,"event_name":"Addict","floor":31,"gold_loss":85},{"damage_healed":0,"gold_gain":0,"player_choice":"Became a Ghost","damage_taken":0,"max_hp_gain":0,"max_hp_loss":40,"event_name":"Ghosts","floor":32,"gold_loss":0,"cards_obtained":["Ghostly","Ghostly","Ghostly","Ghostly","Ghostly"]},{"cards_removed":["Ghostly"],"damage_healed":0,"gold_gain":0,"player_choice":"Removed Skill","damage_taken":0,"max_hp_gain":0,"max_hp_loss":0,"event_name":"Falling","floor":38,"gold_loss":0},{"damage_healed":0,"gold_gain":0,"player_choice":"Memory 3","damage_taken":10,"max_hp_gain":0,"max_hp_loss":0,"event_name":"SensoryStone","floor":39,"gold_loss":0},{"damage_healed":0,"gold_gain":0,"player_choice":"Max HP","damage_taken":0,"max_hp_gain":0,"max_hp_loss":2,"event_name":"Winding Halls","floor":47,"gold_loss":0}],"is_beta":false,"boss_relics":[{"not_picked":["Snecko Scales","Snecko Eye"],"picked":"Replay:Grab Bag"},{"not_picked":["Replay:Bronze Core","Abe\u0027s Treasure"],"picked":"Sozu"},{"not_picked":["Ectoplasm","ChewingGum"],"picked":"Coffee Dripper"},{"not_picked":["HoveringKite","SlaversCollar"],"picked":"Empty Cage"},{"not_picked":["SacredBark","Ring of Chaos"],"picked":"Replay:Drink Me"}],"items_purged_floors":[11],"is_endless":false,"potions_floor_spawned":[3,14,16,18,27,28,30],"ascension_level":0}}