{"host":"l84l8xigz5v5foa2","time":1610187271,"event":{"mods":["2.2 Compatiblity","AchievementEnabler","BaseMod","Better Note","Better Vampires","Card Filter","Colored Map","DeckTracker","Downfall","Gremlin Skip","Highlight Path","Keyboard Shortcuts","Minty Spire (QoL Compilation)","Permanent Neow","Quick Restart","Relic Filter","Relic Stats","StSLib","SuperFastMode","Transform Curses","Unknown Chances"],"gold_per_floor":[99,118,137,199,299,299,299,10,10,40,50,67,67,92,102,179,179,179,179,194,194,209,209,209,209,209,209],"floor_reached":26,"playtime":1152,"items_purged":[],"score":428,"play_id":"87a1d098-e87e-45d6-89e9-eb4585f228e7","local_time":"20210109191431","is_ascension_mode":true,"campfire_choices":[{"data":"Hyperbeam","floor":1.0,"key":"SMITH"},{"data":"Genetic Algorithm","floor":6.0,"key":"SMITH"},{"data":"Reinforced Body","floor":9.0,"key":"SMITH"},{"data":"Zap","floor":13.0,"key":"PURGE"},{"data":"Hologram","floor":18,"key":"SMITH"},{"data":"Recycle","floor":23,"key":"SMITH"},{"data":"Defend_B","floor":25,"key":"PURGE"}],"circlet_count":0,"master_deck":["AscendersBane","Strike_B","Strike_B","Strike_B+1","Strike_B","Defend_B","Defend_B","Dualcast","Hyperbeam+1","Genetic Algorithm+1","Rebound","Leap","Reinforced Body+1","Recycle+1","Hologram+1","FTL","Conserve Battery","Self Repair+1"],"relics":["Cracked Core","MealTicket","White Beast Statue","Mercury Hourglass","Eternal Feather","Peace Pipe","Frozen Egg 2","Nuclear Battery","Turnip"],"acts_visited":["TheCity"],"potions_floor_usage":[16,16,20,22,26],"damage_taken":[{"damage":7.0,"enemies":"Jaw Worm","floor":2.0,"turns":2.0},{"damage":0.0,"enemies":"2 Louse","floor":3.0,"turns":2.0},{"damage":9.0,"enemies":"3 Sentries","floor":4.0,"turns":3.0},{"damage":39.0,"enemies":"downfall:LadyInBlue","floor":5.0,"turns":9.0},{"damage":1.0,"enemies":"downfall:FleeingMerchant","floor":8.0,"turns":4.0},{"damage":2.0,"enemies":"Lagavulin","floor":10.0,"turns":5.0},{"damage":0.0,"enemies":"Cultist","floor":11.0,"turns":2.0},{"damage":5.0,"enemies":"Exordium Thugs","floor":12.0,"turns":4.0},{"damage":2.0,"enemies":"3 Sentries","floor":14.0,"turns":3.0},{"damage":0,"enemies":"3 Louse","floor":15,"turns":4},{"damage":26,"enemies":"downfall:Silent","floor":16,"turns":12},{"damage":17,"enemies":"Shell Parasite","floor":20,"turns":5},{"damage":2,"enemies":"3 Byrds","floor":22,"turns":3},{"damage":61,"enemies":"Book of Stabbing","floor":26,"turns":7}],"seed_played":"-7373972008744037222","potions_obtained":[{"floor":2.0,"key":"champ:CounterPotion"},{"floor":5.0,"key":"FocusPotion"},{"floor":5.0,"key":"Dexterity Potion"},{"floor":8.0,"key":"AttackPotion"},{"floor":10.0,"key":"Fruit Juice"},{"floor":11.0,"key":"ColorlessPotion"},{"floor":12.0,"key":"Swift Potion"},{"floor":14.0,"key":"Block Potion"},{"floor":16,"key":"Weak Potion"},{"floor":20,"key":"Fire Potion"},{"floor":22,"key":"PowerPotion"}],"is_trial":false,"path_per_floor":["R","M","M","?","?","R","T","$","R","E","M","M","R","E","M","B",null,"R","?","M","?","M","R","T","R","E"],"character_chosen":"DEFECT","items_purchased":["Eternal Feather"],"campfire_rested":0,"item_purchase_floors":[8],"current_hp_per_floor":[64,57,57,48,9,9,9,23,32,35,35,30,39,37,37,11,60,69,69,52,40,38,47,47,56,0,0],"gold":209,"neow_bonus":"ONE_RANDOM_RARE_CARD","is_daily":false,"chose_seed":false,"campfire_upgraded":5,"win_rate":0.0,"timestamp":1610187271,"path_taken":["R","M","M","?","?","R","T","$","R","E","M","?","R","E","M","BOSS","R","?","M","?","M","R","T","R","E"],"items_purchased_type":["Relic"],"build_version":"2020-12-22","purchased_purges":0,"victory":false,"max_hp_per_floor":[71,71,71,71,71,71,71,71,71,76,76,76,76,76,76,76,76,76,76,76,76,76,76,76,76,76,76],"relic_stats":{"Peace Pipe":2,"counters":[14,64],"MealTicket":15,"Eternal Feather":45,"Turnip":[0],"obtain_stats":[{"Peace Pipe":10,"MealTicket":4,"Eternal Feather":8,"Turnip":24,"Frozen Egg 2":14,"Cracked Core":0,"White Beast Statue":5,"Mercury Hourglass":7,"Nuclear Battery":17},{"Peace Pipe":6,"MealTicket":2,"Eternal Feather":5,"Turnip":13,"Frozen Egg 2":9,"Cracked Core":0,"White Beast Statue":4,"Mercury Hourglass":4,"Nuclear Battery":11},{"Peace Pipe":25,"MealTicket":4,"Eternal Feather":20,"Turnip":57,"Frozen Egg 2":34,"Cracked Core":0,"White Beast Statue":16,"Mercury Hourglass":16,"Nuclear Battery":49}],"Mercury Hourglass":[146]},"card_choices":[{"not_picked":["Cold Snap","Streamline"],"picked":"Genetic Algorithm","floor":2.0},{"not_picked":["Genetic Algorithm","Streamline"],"picked":"Rebound","floor":3.0},{"not_picked":["Ball Lightning","Heatsinks"],"picked":"Leap","floor":5.0},{"not_picked":["Darkness","Leap"],"picked":"Reinforced Body","floor":8.0},{"not_picked":["Turbo","FTL"],"picked":"Recycle","floor":10.0},{"not_picked":["Scrape","Tempest","Sweeping Beam"],"picked":"SKIP","floor":11.0},{"not_picked":["Ball Lightning","Consume","Capacitor"],"picked":"SKIP","floor":12.0},{"not_picked":["BootSequence","Recycle"],"picked":"Hologram","floor":14.0},{"not_picked":["Stack","Ball Lightning"],"picked":"FTL","floor":15},{"not_picked":["Rebound","Stack"],"picked":"Conserve Battery","floor":20},{"not_picked":["Turbo","Redo+1"],"picked":"Self Repair+1","floor":22}],"player_experience":3027800,"relics_obtained":[{"floor":5.0,"key":"White Beast Statue"},{"floor":7.0,"key":"Mercury Hourglass"},{"floor":10.0,"key":"Peace Pipe"},{"floor":14.0,"key":"Frozen Egg 2"},{"floor":24,"key":"Turnip"}],"event_choices":[{"damage_healed":0,"gold_gain":0,"player_choice":"Ignored","damage_taken":0,"max_hp_gain":0,"max_hp_loss":0,"event_name":"Vampires","floor":19,"gold_loss":0}],"is_beta":false,"boss_relics":[{"not_picked":["expansioncontent:StudyCardRelic","Runic Pyramid"],"picked":"Nuclear Battery"}],"items_purged_floors":[],"is_endless":false,"potions_floor_spawned":[2,8,10,11,12,14,15,16,20,22],"killed_by":"Book of Stabbing","ascension_level":20}}