{"host":"3kdwm9n4ehf6yd4s","time":1610174018,"event":{"mods":["BaseMod","GifTheSpireLib","Minty Spire (QoL Compilation)","Quick Restart","Replay The Spire","StSLib"],"gold_per_floor":[112,31,31,31,51,76,76,109,109,125,4,4,4,4,4,99,99,112,112,112,124,5,5,22,37,60,60,79,79,54,66,66,66,66],"floor_reached":33,"playtime":848,"items_purged":[],"score":292,"play_id":"30ba2a63-f48b-453d-a9d1-7a1c1e6ce0eb","local_time":"20210108233338","is_ascension_mode":true,"campfire_choices":[{"data":"FIFO Queue","floor":7,"key":"SMITH"},{"data":"Voices","floor":15,"key":"PURGE"},{"floor":23,"key":"REST"},{"floor":27,"key":"REST"},{"floor":29,"key":"REST"},{"floor":32,"key":"REST"}],"circlet_count":0,"master_deck":["Strike_B","Strike_B+1","Strike_B","Defend_B","Defend_B","Defend_B","Defend_B","Zap","Dualcast","Sweeping Beam+1","FIFO Queue+1","Storm","All For One","Barrage","Stack","Defragment","Ball Lightning","ReplayGash+1","ReplayRNGCard","Sweeping Beam+1","White Noise","ReplayGash","Heatsinks","Conserve Battery+1","Melter","Defragment+1","Stack","Cold Snap","Stack","Hologram","Glacier"],"relics":["Cracked Core","NeowsBlessing","Lizard Tail","Bag of Preparation","Nunchaku","Replay:Bottled Eggs","Ginger","ReplayTheSpireMod:Ring of Addiction","White Beast Statue","Chameleon Ring","Nloth\u0027s Gift","Dream Catcher"],"acts_visited":["Exordium","TheCity"],"potions_floor_usage":[8,8,10,16,16,16,21,21,24,25,28,33,33],"damage_taken":[{"damage":0,"enemies":"Cultist","floor":1,"turns":1},{"damage":0,"enemies":"Jaw Worm","floor":5,"turns":1},{"damage":0,"enemies":"Lagavulin","floor":6,"turns":2},{"damage":41,"enemies":"Gremlin Nob","floor":8,"turns":5},{"damage":10,"enemies":"Small Slimes","floor":10,"turns":3},{"damage":6,"enemies":"Hexaghost","floor":16,"turns":4},{"damage":20,"enemies":"Spheric Guardian","floor":18,"turns":4},{"damage":24,"enemies":"3 Byrds","floor":21,"turns":4},{"damage":6,"enemies":"Centurion and Healer","floor":24,"turns":6},{"damage":29,"enemies":"Snecko","floor":25,"turns":7},{"damage":20,"enemies":"Shelled Parasite and Fungi","floor":28,"turns":3},{"damage":35,"enemies":"Snake Plant","floor":31,"turns":5},{"damage":58,"enemies":"Collector","floor":33,"turns":7}],"seed_played":"6154135161806915948","potions_obtained":[{"floor":5,"key":"Milkshake"},{"floor":6,"key":"Strength Potion"},{"floor":8,"key":"EssenceOfSteel"},{"floor":14,"key":"ColorlessPotion"},{"floor":14,"key":"PowerPotion"},{"floor":14,"key":"Cursed Concoction"},{"floor":16,"key":"BlessingOfTheForge"},{"floor":18,"key":"Energy Potion"},{"floor":21,"key":"Toxic Potion"},{"floor":24,"key":"FearPotion"},{"floor":25,"key":"SkillPotion"},{"floor":28,"key":"SneckoOil"},{"floor":31,"key":"Swift Potion"}],"is_trial":false,"path_per_floor":["M","$","?","T","M","E","R","E","T","M","$","?","?","?","R","B",null,"M","?","?","M","$","R","M","M","T","R","M","R","$","M","R","B"],"character_chosen":"DEFECT","items_purchased":["FIFO Queue","Defragment","Ball Lightning","ReplayGash","Heatsinks","Stack"],"campfire_rested":4,"item_purchase_floors":[2,11,11,22,22,30],"current_hp_per_floor":[75,75,60,60,60,60,60,19,19,9,9,9,9,9,9,3,75,55,41,41,17,17,40,34,5,5,28,8,31,31,36,58,0,0],"gold":66,"neow_bonus":"THREE_ENEMY_KILL","is_daily":false,"chose_seed":false,"campfire_upgraded":1,"win_rate":0.0,"timestamp":1610174018,"path_taken":["M","$","?","?","M","E","R","E","T","M","$","?","?","?","R","BOSS","M","?","?","M","$","R","?","?","T","R","M","R","$","M","R","BOSS"],"items_purchased_type":["Card","Card","Card","Card","Card","Card"],"build_version":"2020-12-22","purchased_purges":0,"victory":false,"max_hp_per_floor":[75,75,75,75,75,75,75,75,75,75,75,75,75,75,75,75,75,75,80,78,78,78,78,78,78,78,78,78,78,78,78,76,76,76],"card_choices":[{"not_picked":["Coolheaded","BasicCrystalCard"],"picked":"Sweeping Beam","floor":1},{"not_picked":["Beam Cell","Chaos"],"picked":"Storm","floor":5},{"not_picked":["ReplaySolidLightProjector","BasicCrystalCard"],"picked":"All For One","floor":6},{"not_picked":["Force Field","Scrape"],"picked":"Barrage","floor":8},{"not_picked":["Recycle","FTL"],"picked":"Stack","floor":10},{"not_picked":["Seek","Amplify"],"picked":"ReplayRNGCard","floor":16},{"not_picked":["Turbo+1","Gash"],"picked":"Sweeping Beam+1","floor":18},{"not_picked":["Steam","Rebound+1"],"picked":"White Noise","floor":21},{"not_picked":["Sunder","Genetic Algorithm"],"picked":"Conserve Battery+1","floor":24},{"not_picked":["Compile Driver+1","Seek"],"picked":"Melter","floor":25},{"not_picked":["Conserve Battery","Streamline"],"picked":"Defragment+1","floor":27},{"not_picked":["Turbo+1","Rip and Tear"],"picked":"Stack","floor":28},{"not_picked":["Hologram+1","Blizzard"],"picked":"Cold Snap","floor":29},{"not_picked":["Rebound","Aggregate+1"],"picked":"Hologram","floor":31},{"not_picked":["Ball Lightning","Panic Button"],"picked":"Glacier","floor":32}],"player_experience":140561,"relics_obtained":[{"floor":4,"key":"Lizard Tail"},{"floor":6,"key":"Bag of Preparation"},{"floor":8,"key":"Nunchaku"},{"floor":9,"key":"Replay:Bottled Eggs"},{"floor":14,"key":"Ring of Panic"},{"floor":14,"key":"ReplayTheSpireMod:Ring of Addiction"},{"floor":14,"key":"White Beast Statue"},{"floor":14,"key":"Chameleon Ring"},{"floor":26,"key":"Dream Catcher"}],"event_choices":[{"damage_healed":0,"gold_gain":0,"player_choice":"Entered Light","damage_taken":15,"max_hp_gain":0,"max_hp_loss":0,"event_name":"Shining Light","floor":3,"gold_loss":0,"cards_upgraded":["Strike_B","Strike_B"]},{"damage_healed":0,"gold_gain":0,"player_choice":"Searched \u00271\u0027 times","damage_taken":0,"relics_obtained":["Ginger"],"max_hp_gain":0,"max_hp_loss":0,"event_name":"Dead Adventurer","floor":12,"gold_loss":0},{"damage_healed":0,"gold_gain":0,"player_choice":"Shed Blood","damage_taken":19,"max_hp_gain":5,"max_hp_loss":0,"event_name":"Forgotten Altar","floor":19,"gold_loss":0},{"damage_healed":0,"gold_gain":0,"player_choice":"Traded Relic","damage_taken":0,"relics_obtained":["Nloth\u0027s Gift"],"max_hp_gain":0,"max_hp_loss":0,"event_name":"N\u0027loth","floor":20,"relics_lost":["Ring of Panic"],"gold_loss":0}],"is_beta":false,"boss_relics":[{"not_picked":["Ectoplasm","Painkiller Herb","Runic Dome"]}],"items_purged_floors":[],"is_endless":false,"potions_floor_spawned":[5,6,8,16,18,21,24,25,28,31],"killed_by":"Collector","ascension_level":1}}