{"host":"msa0wxqjs3jv1k3j","time":1610175530,"event":{"mods":["BaseMod","BetterRewards","Colored Map","Highlight Path","KOR Keyword Fix","Keyboard Shortcuts","Minty Spire (QoL Compilation)","Quick Restart","SuperFastMode","everything is the same but u backflip on backflip"],"gold_per_floor":[117,129,204,204,218,218,159,184,266,4,60,60,73,73,73,176,176,195,195,213,213,229,229,229,9,59,69,69,69,69,69,69,165,165,181,181,197,0,19,48,48,74,74,99,110,40,57,57,57,57,57],"floor_reached":50,"playtime":1919,"items_purged":[],"score":701,"play_id":"6d9bdbb9-eee0-4c3a-a674-2be82066e5eb","local_time":"20210109155850","is_ascension_mode":false,"campfire_choices":[{"data":"Zap","floor":6.0,"key":"SMITH"},{"data":"Fusion","floor":12.0,"key":"SMITH"},{"data":"Leap","floor":15.0,"key":"SMITH"},{"data":"Sweeping Beam","floor":23.0,"key":"SMITH"},{"data":"Fusion","floor":28.0,"key":"SMITH"},{"data":"Hello World","floor":32.0,"key":"SMITH"},{"floor":41.0,"key":"REST"},{"data":"Seek","floor":49,"key":"SMITH"}],"circlet_count":0,"master_deck":["Defend_B","Zap+1","Dualcast","Heatsinks","Doom and Gloom","Leap+1","Hello World+1","Fusion+1","Aggregate+1","Meteor Strike","Amplify+1","Turbo+1","Genetic Algorithm+1","Storm+1","Conserve Battery","Sweeping Beam+1","Thunder Strike","Fusion+1","Static Discharge","Undo","Bite","Bite","Bite","Bite","Bite","Seek+1","Heatsinks+1","Capacitor+1","Barrage+1","Capacitor+1","Chill","Static Discharge","Compile Driver+1","Aggregate+1"],"relics":["Cracked Core","Thread and Needle","Eternal Feather","Lantern","Juzu Bracelet","Bronze Scales","Mercury Hourglass","Cables","Pen Nib","Astrolabe","Letter Opener","Oddly Smooth Stone","Vajra","Philosopher\u0027s Stone","Red Mask","Gremlin Horn","HornCleat","Molten Egg 2","Blood Vial"],"acts_visited":["Exordium","TheCity","TheBeyond"],"potions_floor_usage":[50,50],"damage_taken":[{"damage":1.0,"enemies":"2 Louse","floor":1.0,"turns":2.0},{"damage":0.0,"enemies":"Small Slimes","floor":2.0,"turns":3.0},{"damage":0.0,"enemies":"Cultist","floor":5.0,"turns":4.0},{"damage":13.0,"enemies":"3 Sentries","floor":8.0,"turns":6.0},{"damage":5.0,"enemies":"3 Sentries","floor":11.0,"turns":4.0},{"damage":0.0,"enemies":"2 Fungi Beasts","floor":13.0,"turns":2.0},{"damage":32.0,"enemies":"Hexaghost","floor":16.0,"turns":7.0},{"damage":10.0,"enemies":"3 Byrds","floor":18.0,"turns":3.0},{"damage":8.0,"enemies":"Shell Parasite","floor":20.0,"turns":4.0},{"damage":4.0,"enemies":"Centurion and Healer","floor":22.0,"turns":6.0},{"damage":16.0,"enemies":"Sentry and Sphere","floor":27.0,"turns":3.0},{"damage":30.0,"enemies":"Automaton","floor":33.0,"turns":8.0},{"damage":3.0,"enemies":"3 Darklings","floor":35.0,"turns":3.0},{"damage":15.0,"enemies":"3 Shapes","floor":37.0,"turns":2.0},{"damage":0.0,"enemies":"Sphere and 2 Shapes","floor":39.0,"turns":3.0},{"damage":46.0,"enemies":"Giant Head","floor":40.0,"turns":8.0},{"damage":27.0,"enemies":"Nemesis","floor":42.0,"turns":5.0},{"damage":13.0,"enemies":"Reptomancer","floor":44.0,"turns":3.0},{"damage":1,"enemies":"Jaw Worm Horde","floor":45,"turns":3},{"damage":0,"enemies":"Transient","floor":47,"turns":5},{"damage":56,"enemies":"Time Eater","floor":50,"turns":5}],"seed_played":"-2566419194813753650","potions_obtained":[{"floor":1.0,"key":"LiquidMemories"},{"floor":8.0,"key":"BlessingOfTheForge"},{"floor":11.0,"key":"Fire Potion"},{"floor":22.0,"key":"BlessingOfTheForge"},{"floor":27.0,"key":"AttackPotion"},{"floor":33.0,"key":"EssenceOfDarkness"},{"floor":35.0,"key":"Dexterity Potion"},{"floor":42.0,"key":"LiquidMemories"},{"floor":45,"key":"Energy Potion"},{"floor":47,"key":"Weak Potion"}],"is_trial":false,"path_per_floor":["M","M","?","?","M","R","?","E","T","$","?","R","M","?","R","B",null,"M","?","M","?","M","R","?","$","T","M","R","?","$","?","R","B",null,"M","?","M","?","M","E","R","E","T","E","M","$","M","?","R","B"],"character_chosen":"DEFECT","items_purchased":["Heatsinks","Eternal Feather","Cables","Static Discharge","Oddly Smooth Stone","Static Discharge"],"campfire_rested":1,"item_purchase_floors":[0,0,10,25,25,46],"current_hp_per_floor":[74,74,63,56,56,62,62,49,49,49,44,53,53,53,62,30,75,65,65,57,57,53,65,65,65,65,49,61,52,52,52,52,35,52,49,49,34,34,36,6,35,12,12,7,12,12,22,22,40,0,0],"gold":57,"neow_bonus":"","is_daily":false,"chose_seed":false,"campfire_upgraded":7,"win_rate":0.0,"timestamp":1610175530,"path_taken":["M","M","?","?","M","R","?","E","T","$","?","R","M","?","R","BOSS","M","?","M","?","M","R","?","$","T","M","R","?","?","?","R","BOSS","M","?","M","?","M","E","R","E","T","E","M","$","M","?","R","BOSS"],"items_purchased_type":["Card","Relic","Relic","Card","Relic","Card"],"build_version":"2020-12-22","purchased_purges":0,"victory":false,"max_hp_per_floor":[75,75,75,75,75,75,75,75,75,75,75,75,75,75,75,75,75,75,75,75,75,75,75,75,75,75,75,75,52,52,52,52,52,52,52,49,49,49,49,49,49,49,49,49,49,49,49,49,49,49,49],"card_choices":[{"not_picked":["Beam Cell","Redo"],"picked":"Doom and Gloom","floor":1.0},{"not_picked":["Compile Driver","Consume"],"picked":"Leap","floor":2.0},{"not_picked":["Seek","Steam"],"picked":"Hello World","floor":5.0},{"not_picked":["Cold Snap","Steam","Melter"],"picked":"SKIP","floor":8.0},{"not_picked":["Lockon","Coolheaded"],"picked":"Fusion","floor":11.0},{"not_picked":["Consume","Stack"],"picked":"Aggregate","floor":13.0},{"not_picked":["Core Surge","Seek"],"picked":"Meteor Strike","floor":16.0},{"not_picked":["Redo","Steam Power"],"picked":"Storm+1","floor":18.0},{"not_picked":["Ball Lightning","Rip and Tear+1"],"picked":"Sweeping Beam","floor":20.0},{"not_picked":["Reprogram","Fusion","Turbo"],"picked":"SKIP","floor":22.0},{"not_picked":["Double Energy","Redo"],"picked":"Undo","floor":27.0},{"not_picked":["Amplify","Hyperbeam"],"picked":"Seek","floor":33.0},{"not_picked":["Rip and Tear+1","Ball Lightning"],"picked":"Heatsinks+1","floor":35.0},{"not_picked":["FTL","Beam Cell","Sweeping Beam"],"picked":"SKIP","floor":37.0},{"not_picked":["Leap+1","Reinforced Body","Streamline"],"picked":"SKIP","floor":39.0},{"not_picked":["Cold Snap+1","Scrape"],"picked":"Capacitor+1","floor":40.0},{"not_picked":["Streamline+1","Creative AI"],"picked":"Barrage+1","floor":42.0},{"not_picked":["Reprogram","Sweeping Beam+1"],"picked":"Capacitor+1","floor":44.0},{"not_picked":["Double Energy+1","Consume+1"],"picked":"Chill","floor":45},{"not_picked":["Reinforced Body+1","Coolheaded+1"],"picked":"Compile Driver+1","floor":47}],"player_experience":44248,"relics_obtained":[{"floor":8.0,"key":"Bronze Scales"},{"floor":9.0,"key":"Mercury Hourglass"},{"floor":11.0,"key":"Pen Nib"},{"floor":26.0,"key":"Vajra"},{"floor":40.0,"key":"Gremlin Horn"},{"floor":42.0,"key":"HornCleat"},{"floor":43.0,"key":"Molten Egg 2"},{"floor":44.0,"key":"Blood Vial"}],"event_choices":[{"damage_healed":0.0,"max_hp_gain":0.0,"max_hp_loss":0.0,"gold_gain":75.0,"event_name":"World of Goop","player_choice":"Gather Gold","floor":3.0,"gold_loss":0.0,"damage_taken":11.0},{"damage_healed":0.0,"max_hp_gain":0.0,"max_hp_loss":0.0,"gold_gain":0.0,"event_name":"Scrap Ooze","player_choice":"Success","floor":4.0,"gold_loss":0.0,"damage_taken":7.0,"relics_obtained":["Lantern"]},{"damage_healed":0.0,"max_hp_gain":0.0,"max_hp_loss":0.0,"gold_gain":0.0,"event_name":"WeMeetAgain","player_choice":"Paid Gold","floor":7.0,"gold_loss":59.0,"damage_taken":0.0,"relics_obtained":["Juzu Bracelet"]},{"damage_healed":0.0,"max_hp_gain":0.0,"max_hp_loss":0.0,"gold_gain":0.0,"event_name":"Dead Adventurer","player_choice":"Searched \u00271\u0027 times","floor":11.0,"gold_loss":0.0,"damage_taken":0.0},{"damage_healed":0.0,"max_hp_gain":0.0,"max_hp_loss":0.0,"gold_gain":0.0,"event_name":"Upgrade Shrine","player_choice":"Upgraded","floor":14.0,"gold_loss":0.0,"damage_taken":0.0,"cards_upgraded":["Aggregate"]},{"damage_healed":0.0,"max_hp_gain":0.0,"max_hp_loss":0.0,"gold_gain":0.0,"event_name":"The Library","player_choice":"Read","floor":19.0,"gold_loss":0.0,"damage_taken":0.0,"cards_obtained":["Conserve Battery"]},{"damage_healed":0.0,"max_hp_gain":0.0,"max_hp_loss":0.0,"gold_gain":0.0,"event_name":"The Mausoleum","player_choice":"Opened","floor":21.0,"gold_loss":0.0,"damage_taken":0.0,"relics_obtained":["Letter Opener"]},{"damage_healed":0.0,"max_hp_gain":0.0,"max_hp_loss":0.0,"gold_gain":0.0,"cards_transformed":["Defend_B","Defend_B"],"event_name":"Drug Dealer","player_choice":"Became Test Subject","floor":24.0,"gold_loss":0.0,"damage_taken":0.0,"cards_obtained":["Thunder Strike","Fusion"]},{"damage_healed":0.0,"max_hp_gain":0.0,"max_hp_loss":23.0,"gold_gain":0.0,"event_name":"Vampires","player_choice":"Became a vampire","floor":29.0,"gold_loss":0.0,"damage_taken":0.0,"cards_obtained":["Bite","Bite","Bite","Bite","Bite"]},{"damage_healed":0.0,"max_hp_gain":0.0,"max_hp_loss":0.0,"gold_gain":0.0,"event_name":"Cursed Tome","player_choice":"Ignored","floor":31.0,"gold_loss":0.0,"damage_taken":0.0},{"damage_healed":0.0,"max_hp_gain":0.0,"max_hp_loss":3.0,"gold_gain":0.0,"event_name":"Winding Halls","player_choice":"Max HP","floor":36.0,"gold_loss":0.0,"damage_taken":0.0},{"damage_healed":0.0,"max_hp_gain":0.0,"max_hp_loss":0.0,"gold_gain":0.0,"event_name":"Tomb of Lord Red Mask","player_choice":"Paid","floor":38.0,"gold_loss":197.0,"damage_taken":0.0,"relics_obtained":["Red Mask"]},{"damage_healed":0,"gold_gain":0,"player_choice":"Copied","damage_taken":0,"max_hp_gain":0,"max_hp_loss":0,"event_name":"Duplicator","floor":48,"gold_loss":0,"cards_obtained":["Aggregate"]}],"is_beta":false,"boss_relics":[{"not_picked":["Calling Bell","SlaversCollar"],"picked":"Astrolabe"},{"not_picked":["Fusion Hammer","SacredBark"],"picked":"Philosopher\u0027s Stone"}],"items_purged_floors":[],"is_endless":false,"potions_floor_spawned":[1,8,11,22,27,33,35,39,42,45,47],"killed_by":"Time Eater","ascension_level":0}}