{"host":"4qkvkh7pd9qr2mca","time":1610222213,"event":{"mods":["AchievementEnabler","BaseMod","Colored Map","Colored Powertips","Highlight Path","Minty Spire (QoL Compilation)","Permanent Neow","Quick Restart","StSLib","SuperFastMode"],"gold_per_floor":[367,387,9,22,22,22,41,41,122,157,157,157,190,213,213,296,323,347,34,54,54,82,119,50,88,88,88,103,126,170,220,220,306,306,335,688,707,716,263,263,302,302,302,328,362,362,382,406,406,406,406],"floor_reached":50,"playtime":3388,"items_purged":["Writhe","Strike_G","Strike_G"],"score":1286,"play_id":"142bca40-f58d-4a33-a186-1df12a1764bd","local_time":"20210109205653","is_ascension_mode":true,"campfire_choices":[{"data":"Apotheosis","floor":6.0,"key":"SMITH"},{"floor":12.0,"key":"REST"},{"floor":15.0,"key":"REST"},{"data":"After Image","floor":27.0,"key":"SMITH"},{"floor":32.0,"key":"REST"},{"data":"Footwork","floor":40.0,"key":"SMITH"},{"data":"Well Laid Plans","floor":46.0,"key":"SMITH"},{"floor":49,"key":"REST"}],"circlet_count":0,"master_deck":["AscendersBane","Defend_G","Defend_G","Defend_G","Defend_G","Survivor","Neutralize","Finisher","Calculated Gamble","Apotheosis+1","Discovery","Blade Dance","Deflect","Crippling Poison","Leg Sweep","Burst","Predator+1","Prepared+1","PiercingWail+1","Accuracy","Cloak And Dagger","Panacea","Blur","Acrobatics","Footwork+1","After Image+1","Terror+1","Footwork","Bullet Time","Cloak And Dagger","Sadistic Nature","PiercingWail","Blur","Well Laid Plans+1","Cloak And Dagger+1","Concentrate+1"],"relics":["Ring of the Snake","Paper Crane","Bag of Preparation","CeramicFish","Mercury Hourglass","Astrolabe","Akabeko","Meat on the Bone","Bottled Tornado","Juzu Bracelet","Sozu","Old Coin","Ornamental Fan","Dead Branch","HornCleat","Toxic Egg 2","Tough Bandages"],"acts_visited":["Exordium","TheCity","TheBeyond"],"potions_floor_usage":[],"damage_taken":[{"damage":14.0,"enemies":"Cultist","floor":1.0,"turns":6.0},{"damage":0.0,"enemies":"Small Slimes","floor":2.0,"turns":2.0},{"damage":1.0,"enemies":"2 Louse","floor":4.0,"turns":4.0},{"damage":0.0,"enemies":"Red Slaver","floor":7.0,"turns":3.0},{"damage":1.0,"enemies":"Lagavulin","floor":10.0,"turns":6.0},{"damage":12.0,"enemies":"Gremlin Nob","floor":13.0,"turns":3.0},{"damage":0.0,"enemies":"3 Louse","floor":14.0,"turns":2.0},{"damage":14.0,"enemies":"Slime Boss","floor":16.0,"turns":11.0},{"damage":3.0,"enemies":"Chosen","floor":18.0,"turns":5.0},{"damage":9.0,"enemies":"Spheric Guardian","floor":20.0,"turns":6.0},{"damage":0.0,"enemies":"Centurion and Healer","floor":22.0,"turns":8.0},{"damage":15.0,"enemies":"Gremlin Leader","floor":23.0,"turns":9.0},{"damage":18.0,"enemies":"Book of Stabbing","floor":25.0,"turns":8.0},{"damage":45.0,"enemies":"Cultist and Chosen","floor":28.0,"turns":9.0},{"damage":8.0,"enemies":"Sentry and Sphere","floor":29.0,"turns":6.0},{"damage":8.0,"enemies":"Slavers","floor":30.0,"turns":8.0},{"damage":6.0,"enemies":"Automaton","floor":33.0,"turns":13.0},{"damage":2.0,"enemies":"Orb Walker","floor":35.0,"turns":4.0},{"damage":3.0,"enemies":"2 Orb Walkers","floor":36.0,"turns":5.0},{"damage":20.0,"enemies":"3 Shapes","floor":37.0,"turns":7.0},{"damage":0.0,"enemies":"Reptomancer","floor":41.0,"turns":8.0},{"damage":0.0,"enemies":"Giant Head","floor":44.0,"turns":8.0},{"damage":0.0,"enemies":"Mind Bloom Boss Battle","floor":45.0,"turns":5.0},{"damage":0.0,"enemies":"Sphere and 2 Shapes","floor":47.0,"turns":7.0},{"damage":15,"enemies":"Jaw Worm Horde","floor":48,"turns":6},{"damage":63,"enemies":"Time Eater","floor":50,"turns":18}],"seed_played":"1430153173592647937","potions_obtained":[{"floor":1.0,"key":"PowerPotion"},{"floor":5.0,"key":"Dexterity Potion"},{"floor":7.0,"key":"CultistPotion"},{"floor":13.0,"key":"Regen Potion"},{"floor":28.0,"key":"CunningPotion"}],"is_trial":false,"path_per_floor":["M","M","$","M","?","R","M","$","T","E","?","R","E","M","R","B",null,"M","$","M","?","M","E","$","E","T","R","M","M","E","?","R","B",null,"M","?","M","?","$","R","E","?","T","E","?","R","M","M","R","B"],"character_chosen":"THE_SILENT","items_purchased":["Apotheosis","Discovery","Accuracy","Cloak And Dagger","Panacea","Footwork","Ornamental Fan","PiercingWail"],"campfire_rested":4,"item_purchase_floors":[3,3,19,19,19,24,39,39],"current_hp_per_floor":[45,45,45,44,44,44,44,44,44,43,17,36,24,24,43,29,57,54,54,45,66,66,51,51,48,48,48,15,19,23,23,42,36,59,57,54,34,34,34,34,34,34,34,34,34,34,34,31,50,0,0],"gold":406,"neow_bonus":"TWO_FIFTY_GOLD","is_daily":false,"chose_seed":false,"campfire_upgraded":4,"win_rate":0.0,"timestamp":1610222213,"path_taken":["M","?","$","M","?","R","?","$","T","E","?","R","E","M","R","BOSS","M","$","M","?","M","E","$","E","T","R","M","?","E","?","R","BOSS","M","?","M","?","$","R","E","?","T","E","?","R","M","M","R","BOSS"],"items_purchased_type":["Card","Card","Card","Card","Card","Card","Relic","Card"],"build_version":"2020-12-22","purchased_purges":3,"victory":false,"max_hp_per_floor":[66,66,66,66,66,66,66,66,66,66,66,66,66,66,66,66,66,66,66,66,66,66,66,66,66,66,66,66,66,66,66,66,66,66,66,66,66,66,66,66,66,66,66,66,66,66,66,66,66,66,66],"card_choices":[{"not_picked":["Crippling Poison","Quick Slash"],"picked":"Finisher","floor":1.0},{"not_picked":["Riddle With Holes","Underhanded Strike"],"picked":"Calculated Gamble","floor":2.0},{"not_picked":["Crippling Poison","Quick Slash"],"picked":"Blade Dance","floor":4.0},{"not_picked":["Underhanded Strike","Poisoned Stab"],"picked":"Deflect","floor":7.0},{"not_picked":["Concentrate","Underhanded Strike"],"picked":"Crippling Poison","floor":10.0},{"not_picked":["Riddle With Holes","Poisoned Stab","Deadly Poison"],"picked":"SKIP","floor":13.0},{"not_picked":["Eviscerate","Sucker Punch"],"picked":"Leg Sweep","floor":14.0},{"not_picked":["Grand Finale","Die Die Die"],"picked":"Burst","floor":16.0},{"not_picked":["Slice+1","Endless Agony"],"picked":"PiercingWail+1","floor":18.0},{"not_picked":["Dodge and Roll","Calculated Gamble","Underhanded Strike"],"picked":"SKIP","floor":20.0},{"not_picked":["Prepared","Sucker Punch"],"picked":"Blur","floor":22.0},{"not_picked":["Prepared","Quick Slash"],"picked":"Acrobatics","floor":23.0},{"not_picked":["Outmaneuver","PiercingWail"],"picked":"After Image","floor":25.0},{"not_picked":["Underhanded Strike","Acrobatics","Backstab"],"picked":"SKIP","floor":28.0},{"not_picked":["Infinite Blades","Flechettes+1"],"picked":"Terror+1","floor":29.0},{"not_picked":["PiercingWail","Skewer"],"picked":"Footwork","floor":30.0},{"not_picked":["Venomology","Doppelganger"],"picked":"Bullet Time","floor":33.0},{"not_picked":["Outmaneuver","Cloak And Dagger","Poisoned Stab"],"picked":"SKIP","floor":35.0},{"not_picked":["Outmaneuver","Poisoned Stab"],"picked":"Cloak And Dagger","floor":35.0},{"not_picked":["Deadly Poison+1","Dodge and Roll","Bouncing Flask+1"],"picked":"SKIP","floor":37.0},{"not_picked":["Bandage Up","Mayhem"],"picked":"Sadistic Nature","floor":38.0},{"not_picked":["Sucker Punch","Dagger Spray"],"picked":"Blur","floor":41.0},{"not_picked":["Riddle With Holes+1","Sucker Punch","Caltrops"],"picked":"SKIP","floor":44.0},{"not_picked":["Terror+1","Setup+1"],"picked":"Well Laid Plans","floor":45.0},{"not_picked":["Prepared+1","Bane"],"picked":"Cloak And Dagger+1","floor":47.0},{"not_picked":["Unload","Distraction+1"],"picked":"Concentrate+1","floor":48}],"player_experience":527817,"relics_obtained":[{"floor":9.0,"key":"Paper Crane"},{"floor":10.0,"key":"Bag of Preparation"},{"floor":13.0,"key":"Mercury Hourglass"},{"floor":23.0,"key":"Akabeko"},{"floor":25.0,"key":"Meat on the Bone"},{"floor":26.0,"key":"Bottled Tornado"},{"floor":30.0,"key":"Juzu Bracelet"},{"floor":36.0,"key":"Old Coin"},{"floor":41.0,"key":"Dead Branch"},{"floor":43.0,"key":"HornCleat"},{"floor":44.0,"key":"Toxic Egg 2"},{"floor":45.0,"key":"Tough Bandages"}],"event_choices":[{"damage_healed":0.0,"max_hp_gain":0.0,"max_hp_loss":0.0,"gold_gain":0.0,"event_name":"Lab","player_choice":"Got Potions","floor":5.0,"gold_loss":0.0,"damage_taken":0.0},{"damage_healed":0.0,"max_hp_gain":0.0,"max_hp_loss":0.0,"gold_gain":0.0,"event_name":"Scrap Ooze","player_choice":"Success","floor":11.0,"gold_loss":0.0,"damage_taken":26.0,"relics_obtained":["CeramicFish"]},{"cards_removed":["Caltrops"],"damage_healed":21.0,"max_hp_gain":0.0,"max_hp_loss":0.0,"gold_gain":0.0,"event_name":"Bonfire Elementals","player_choice":"Offered Uncommon","floor":21.0,"gold_loss":0.0,"damage_taken":0.0},{"damage_healed":0.0,"max_hp_gain":0.0,"max_hp_loss":0.0,"gold_gain":50.0,"event_name":"Nest","player_choice":"Stole From Cult","floor":31.0,"gold_loss":0.0,"damage_taken":0.0},{"damage_healed":0.0,"max_hp_gain":0.0,"max_hp_loss":0.0,"gold_gain":0.0,"event_name":"Mysterious Sphere","player_choice":"Fight","floor":36.0,"gold_loss":0.0,"damage_taken":0.0},{"damage_healed":0.0,"max_hp_gain":0.0,"max_hp_loss":0.0,"gold_gain":0.0,"event_name":"SensoryStone","player_choice":"Memory 1","floor":38.0,"gold_loss":0.0,"damage_taken":0.0},{"cards_removed":["Defend_G"],"damage_healed":0.0,"max_hp_gain":0.0,"max_hp_loss":0.0,"gold_gain":0.0,"event_name":"Purifier","player_choice":"Purged","floor":42.0,"gold_loss":0.0,"damage_taken":0.0},{"damage_healed":0.0,"max_hp_gain":0.0,"max_hp_loss":0.0,"gold_gain":0.0,"event_name":"MindBloom","player_choice":"Fight","floor":45.0,"gold_loss":0.0,"damage_taken":0.0}],"is_beta":false,"boss_relics":[{"not_picked":["Runic Pyramid","Ectoplasm"],"picked":"Astrolabe"},{"not_picked":["Pandora\u0027s Box","Empty Cage"],"picked":"Sozu"}],"items_purged_floors":[3,19,39],"is_endless":false,"potions_floor_spawned":[1,7,13,18,22,28,36,37,48],"killed_by":"Time Eater","ascension_level":20}}