{"host":"htqwg582tjjtn9p7","time":1610226618,"event":{"mods":["2.2 Compatiblity","AchievementEnabler","Act Like it!","Aspiration","BaseMod","Better Third Choice","Colored Map","Conspire","Curses Come First","Displayed Cursed Tome","Energized Spire","Force Act Four","GifTheSpireLib","Hermit","Highlight Path","JesterMod","Mad Scientist","Minty Spire (QoL Compilation)","Pale of the Ancients","Permanent Neow","Random Character Button","Relic Stats","Replay The Spire","Robot Space Explorer","Somnambulant","Spicy Shops","Spikes Relics","StSLib","Stuff the Spire","The Blue Laboratory","The Bug Knight","The Forsaken","The Gatherer","The Judge","The Jungle","The Marked","The Runesmith","The Servant 0.9.4","Uncapped"],"gold_per_floor":[119,132,132,132,132,132,147,147,172,189,189,223,238,258,258,332,332,344,112,126,138,138,138,138,164,191,204,219,219,219,69,69,146,146,157,157,10,10,64,97,97,127,127,127,161,161,193,209,209,209,226,242,269,292,292,304,304,6,6,6],"floor_reached":61,"playtime":2371,"items_purged":["Intolerance","Strike_G"],"score":2585,"play_id":"30622832-2506-4512-a268-68d59e5ca938","local_time":"20210109221018","is_ascension_mode":true,"campfire_choices":[{"data":"Survivor","floor":6,"key":"SMITH"},{"data":"Deadly Poison","floor":11,"key":"SMITH"},{"floor":15,"key":"REST"},{"floor":23,"key":"REST"},{"floor":29,"key":"REST"},{"data":"BottledTime","floor":32,"key":"SMITH"},{"data":"StuffTheSpire:DoubleShiv","floor":41,"key":"SMITH"},{"data":"Prepared","floor":44,"key":"SMITH"},{"data":"Adrenaline","floor":46,"key":"SMITH"},{"data":"Slice","floor":49,"key":"SMITH"},{"data":"Slice","floor":55,"key":"SMITH"},{"data":"Slice","floor":57,"key":"SMITH"}],"circlet_count":0,"master_deck":["AscendersBane","Strike_G","Strike_G","Strike_G","Strike_G","Defend_G","Defend_G","Defend_G","Defend_G","Defend_G","Survivor+1","Neutralize+1","Dagger Throw","Poisoned Stab","Deadly Poison+1","Prepared+1","Blur","Glass Knife","ShiftingGears+1","MurderousAura","BottledTime+1","Blur","Slice+1","BottledTime+1","Hidden Blade","StuffTheSpire:DoubleShiv+1","StuffTheSpire:DeathNote","TimeWarp+1","Acrobatics","Slice+1","Footwork+1","FloweringNight+1","Acrobatics+1","Blade Dance","BlessedFruit","BlessedFruit","Slice+1","FlawlessForm+1","Distraction+1","Adrenaline+1","FloweringNight+1","StarChef+1","Replace+1","Reflex+1","Deflect","Burst","Burst","Panache+1"],"relics":["aspiration:MobileForge","Nunchaku","Anchor","StrikeDummy","aspiration:ServantSkillbook","Orrery","Frozen Egg 2","Regal Pillow","ReplayTheSpireMod:CursedCoin","Sandwich","conspire:DeflatedDodgeball","HeavenlyBonsai","conspire:GiftBox","Ancient Tea Set","conspire:GlowingRock","SuspiciousGoo","SpikesRelics:DaevaFist","paleoftheancients:Timepiece","Ice Cream","Bronze Scales","paleoftheancients:SoulOfTheGuardian","Lizard Tail","Happy Flower"],"acts_visited":["Exordium","TheCity","TheBeyond","TheBeyond"],"potions_floor_usage":[2,12,16,28,33,33,51,51,60,60],"damage_taken":[{"damage":3,"enemies":"Cultist","floor":1,"turns":4},{"damage":0,"enemies":"Jaw Worm","floor":2,"turns":3},{"damage":8,"enemies":"2 Louse","floor":7,"turns":3},{"damage":3,"enemies":"Looter","floor":10,"turns":3},{"damage":4,"enemies":"Lagavulin","floor":12,"turns":5},{"damage":0,"enemies":"Large Slime","floor":13,"turns":5},{"damage":0,"enemies":"2 Fungi Beasts","floor":14,"turns":3},{"damage":54,"enemies":"Slime Boss","floor":16,"turns":11},{"damage":4,"enemies":"Shell Parasite","floor":18,"turns":4},{"damage":0,"enemies":"Chosen","floor":20,"turns":3},{"damage":0,"enemies":"Snake Plant","floor":21,"turns":4},{"damage":4,"enemies":"Gremlin Leader","floor":25,"turns":6},{"damage":14,"enemies":"Chosen and Byrds","floor":27,"turns":5},{"damage":0,"enemies":"Sentry and Sphere","floor":28,"turns":4},{"damage":30,"enemies":"conspire:MysteriousRune","floor":33,"turns":9},{"damage":0,"enemies":"3 Shapes","floor":35,"turns":3},{"damage":0,"enemies":"2 Orb Walkers","floor":39,"turns":4},{"damage":0,"enemies":"Reptomancer","floor":40,"turns":6},{"damage":0,"enemies":"Giant Head","floor":42,"turns":5},{"damage":0,"enemies":"HollowMod:StalkingDevout","floor":45,"turns":5},{"damage":0,"enemies":"Reptomancer","floor":47,"turns":4},{"damage":0,"enemies":"3 Darklings","floor":48,"turns":3},{"damage":0,"enemies":"Donu and Deca","floor":50,"turns":7},{"damage":3,"enemies":"Donu and Deca","floor":51,"turns":8},{"damage":24,"enemies":"Donu and Deca","floor":52,"turns":2},{"damage":0,"enemies":"conspire:MimicChest","floor":53,"turns":2},{"damage":0,"enemies":"conspire:MimicChest","floor":56,"turns":3},{"damage":0,"enemies":"paleoftheancients:N","floor":60,"turns":6}],"seed_played":"-1157180865160628463","potions_obtained":[{"floor":1,"key":"blueLaboratory:RecallPotion"},{"floor":10,"key":"blueLaboratory:BlinkPotion"},{"floor":14,"key":"blueLaboratory:NinjaPotion"},{"floor":18,"key":"Fire Potion"},{"floor":27,"key":"CunningPotion"},{"floor":28,"key":"EntropicBrew"},{"floor":42,"key":"blueLaboratory:PolymorphPotion"},{"floor":47,"key":"Languid Potion"},{"floor":48,"key":"LifebloodPotion"},{"floor":51,"key":"Elixir"},{"floor":52,"key":"Swift Potion"}],"is_trial":false,"path_per_floor":["M","M","?","?","?","R","M","T","T","M","R","E","M","M","R","B",null,"M","$","M","M","?","R","?","E","T","M","M","R","?","$","R","B",null,"M","?","$","T","?","E","R","E","T","R","E","R","E","M","R","B","M","M","?","T","R","M","R","$","?","B",null],"character_chosen":"THE_SILENT","items_purchased":["MurderousAura","Orrery","ReplayTheSpireMod:CursedCoin","Footwork+1","Blade Dance","Burst","Panache+1"],"campfire_rested":3,"item_purchase_floors":[19,19,31,31,37,58,58],"current_hp_per_floor":[56,56,52,52,52,52,44,44,44,41,41,37,37,37,56,2,50,46,46,46,46,21,40,28,24,24,10,10,44,44,44,44,14,53,53,58,58,58,58,61,61,65,65,65,69,69,72,75,75,85,89,78,85,85,85,92,92,92,92,96],"gold":6,"neow_bonus":"BOSS_RELIC","is_daily":false,"chose_seed":false,"campfire_upgraded":9,"win_rate":0.0,"timestamp":1610226618,"path_taken":["M","?","?","?","?","R","M","?","T","M","R","E","M","M","R","BOSS","M","$","M","M","?","R","?","E","T","M","M","R","?","$","R","BOSS","M","?","$","?","?","E","R","E","T","R","E","R","E","M","R","BOSS","M","M","?","T","R","M","R","$","?","BOSS"],"items_purchased_type":["Card","Relic","Relic","Card","Card","Card","Card"],"build_version":"2020-12-22","purchased_purges":2,"victory":true,"max_hp_per_floor":[66,66,66,66,66,66,66,66,66,66,66,66,66,66,66,66,66,66,66,66,66,66,66,66,66,66,66,66,66,66,66,66,66,66,66,66,66,66,66,69,69,73,73,73,77,77,80,83,83,87,91,91,91,91,91,95,95,95,95,97],"relic_stats":{"Nunchaku":[38],"Regal Pillow":15,"Lizard Tail":0,"Happy Flower":[3],"counters":[28,130],"Bronze Scales":[92],"obtain_stats":[{"Ice Cream":50,"Regal Pillow":26,"Happy Flower":54,"ReplayTheSpireMod:CursedCoin":31,"SuspiciousGoo":45,"Frozen Egg 2":25,"HeavenlyBonsai":39,"Ancient Tea Set":42,"Sandwich":34,"paleoftheancients:Timepiece":50,"Nunchaku":8,"Anchor":9,"conspire:GiftBox":40,"conspire:GlowingRock":43,"Lizard Tail":53,"paleoftheancients:SoulOfTheGuardian":51,"aspiration:MobileForge":0,"Bronze Scales":50,"aspiration:ServantSkillbook":17,"Orrery":19,"SpikesRelics:DaevaFist":47,"conspire:DeflatedDodgeball":38,"StrikeDummy":12,"Ring of the Snake":0},{"Ice Cream":23,"Regal Pillow":12,"Happy Flower":26,"ReplayTheSpireMod:CursedCoin":14,"SuspiciousGoo":20,"Frozen Egg 2":12,"HeavenlyBonsai":17,"Ancient Tea Set":19,"Sandwich":15,"paleoftheancients:Timepiece":23,"Nunchaku":3,"Anchor":3,"conspire:GiftBox":18,"conspire:GlowingRock":19,"Lizard Tail":26,"paleoftheancients:SoulOfTheGuardian":24,"aspiration:MobileForge":0,"Bronze Scales":23,"aspiration:ServantSkillbook":8,"Orrery":9,"SpikesRelics:DaevaFist":21,"conspire:DeflatedDodgeball":16,"StrikeDummy":5,"Ring of the Snake":0},{"Ice Cream":109,"Regal Pillow":54,"Happy Flower":121,"ReplayTheSpireMod:CursedCoin":63,"SuspiciousGoo":95,"Frozen Egg 2":54,"HeavenlyBonsai":79,"Ancient Tea Set":90,"Sandwich":72,"paleoftheancients:Timepiece":109,"Nunchaku":10,"Anchor":10,"conspire:GiftBox":85,"conspire:GlowingRock":90,"Lizard Tail":121,"paleoftheancients:SoulOfTheGuardian":117,"aspiration:MobileForge":0,"Bronze Scales":109,"aspiration:ServantSkillbook":37,"Orrery":41,"SpikesRelics:DaevaFist":99,"conspire:DeflatedDodgeball":75,"StrikeDummy":18,"Ring of the Snake":0}]},"card_choices":[{"not_picked":["StuffTheSpire:MirrorStance","Dodge and Roll"],"picked":"Dagger Throw","floor":1},{"not_picked":["Distraction","Flechettes"],"picked":"Poisoned Stab","floor":2},{"not_picked":["Skewer","PiercingWail"],"picked":"StuffTheSpire:Injection","floor":7},{"not_picked":["Unload","StuffTheSpire:MirrorStance"],"picked":"Deadly Poison","floor":10},{"not_picked":["Endless Agony","Dagger Throw"],"picked":"Prepared","floor":12},{"not_picked":["StuffTheSpire:BumpUp","Outmaneuver","Flying Knee"],"picked":"SKIP","floor":13},{"not_picked":["Underhanded Strike","Dagger Throw"],"picked":"Blur","floor":14},{"not_picked":["aspiration:Lunge","ReplayTheSpireMod:From All Sides"],"picked":"Glass Knife","floor":16},{"not_picked":["Bane","Rearm","Deadly Poison"],"picked":"ShiftingGears+1","floor":18},{"not_picked":["Deadly Poison","Backflip","RealityMarble"],"picked":"BottledTime+1","floor":19},{"not_picked":["Bouncing Flask","Spin","Deflect"],"picked":"Blur","floor":19},{"not_picked":["Defy","Hidden Blade","Heel Hook"],"picked":"Slice","floor":19},{"not_picked":["StuffTheSpire:Python+1","ReplayTheSpireMod:From All Sides","Backflip"],"picked":"BottledTime","floor":19},{"not_picked":["Draining Mist","Prepared","Glass Knife"],"picked":"Hidden Blade","floor":19},{"not_picked":["Leg Sweep","Manipulate","StarChef"],"picked":"StuffTheSpire:DoubleShiv","floor":20},{"not_picked":["Bane","Crippling Poison","DancingSilver","Deadly Poison"],"picked":"SKIP","floor":21},{"not_picked":["Slice","Hidden Blade","Revamp"],"picked":"TimeWarp+1","floor":25},{"not_picked":["Deadline","Atom Bomb","StuffTheSpire:BumpUp"],"picked":"Acrobatics","floor":27},{"not_picked":["Quick Slash","StuffTheSpire:MirrorStance","Foresight+1","Slice"],"picked":"SKIP","floor":28},{"not_picked":["Quick Slash","StuffTheSpire:MirrorStance","Foresight+1"],"picked":"Slice","floor":28},{"not_picked":["Grand Finale","SilverMatrix+1","Corpse Explosion"],"picked":"FloweringNight+1","floor":33},{"not_picked":["ShatteredReality","Poisoned Stab","Ricochet"],"picked":"Acrobatics+1","floor":35},{"not_picked":["Alleviate","StuffTheSpire:Python","Pace"],"picked":"Slice","floor":39},{"not_picked":["Glass Knife","ReplayTheSpireMod:From All Sides"],"picked":"FlawlessForm+1","floor":40},{"not_picked":["StuffTheSpire:Python","Quick Slash","Accuracy+1"],"picked":"Distraction+1","floor":40},{"not_picked":["DoubleEdge","TimeWarp","Reset"],"picked":"Adrenaline","floor":42},{"not_picked":["Unruled","Rewind+1","Acrobatics","StuffTheSpire:Injection"],"picked":"SKIP","floor":45},{"not_picked":["Flechettes","Deflect+1","InfectiousVector"],"picked":"FloweringNight+1","floor":47},{"not_picked":["StuffTheSpire:Python+1","Bane","Rewind+1"],"picked":"StarChef+1","floor":48},{"not_picked":["conspire:DoublingDagger+1","Choke+1","StuffTheSpire:MirrorStance"],"picked":"Replace+1","floor":51},{"not_picked":["Terror+1","Flechettes","Moonlight"],"picked":"Reflex+1","floor":52},{"not_picked":["Acrobatics","StuffTheSpire:Injection+1","Outmaneuver+1"],"picked":"Deflect","floor":56}],"player_experience":1916639,"relics_obtained":[{"floor":8,"key":"Nunchaku"},{"floor":9,"key":"Anchor"},{"floor":12,"key":"StrikeDummy"},{"floor":25,"key":"Frozen Egg 2"},{"floor":26,"key":"Regal Pillow"},{"floor":38,"key":"conspire:DeflatedDodgeball"},{"floor":39,"key":"HeavenlyBonsai"},{"floor":40,"key":"conspire:GiftBox"},{"floor":42,"key":"Ancient Tea Set"},{"floor":43,"key":"conspire:GlowingRock"},{"floor":45,"key":"SuspiciousGoo"},{"floor":47,"key":"SpikesRelics:DaevaFist"},{"floor":51,"key":"paleoftheancients:SoulOfTheGuardian"},{"floor":53,"key":"Lizard Tail"},{"floor":54,"key":"Happy Flower"}],"event_choices":[{"damage_healed":0,"gold_gain":0,"player_choice":"Leave","damage_taken":0,"max_hp_gain":0,"max_hp_loss":0,"event_name":"conspire:Investor","floor":3,"gold_loss":0},{"damage_healed":0,"gold_gain":0,"player_choice":"Grow","damage_taken":0,"max_hp_gain":0,"max_hp_loss":0,"event_name":"Living Wall","floor":4,"gold_loss":0,"cards_upgraded":["Neutralize"]},{"damage_healed":0,"gold_gain":0,"player_choice":"Ignored","damage_taken":0,"max_hp_gain":0,"max_hp_loss":0,"event_name":"Beggar","floor":30,"gold_loss":0},{"cards_removed":["StuffTheSpire:Injection"],"damage_healed":5,"gold_gain":0,"player_choice":"Offered Common","damage_taken":0,"max_hp_gain":0,"max_hp_loss":0,"event_name":"Bonfire Elementals","floor":36,"gold_loss":0},{"cards_removed":["StuffTheSpire:Injection"],"damage_healed":5,"gold_gain":0,"player_choice":"Offered Special","damage_taken":0,"max_hp_gain":0,"max_hp_loss":0,"event_name":"Bonfire Elementals","floor":36,"gold_loss":0},{"damage_healed":0,"gold_gain":0,"player_choice":"Fight","damage_taken":0,"max_hp_gain":0,"max_hp_loss":0,"event_name":"Mysterious Sphere","floor":39,"gold_loss":0}],"is_beta":false,"boss_relics":[{"not_picked":["theForsaken:PaleLantern","energizedSpire:PogoStick"],"picked":"aspiration:ServantSkillbook"},{"not_picked":["Snecko Heart","aspiration:SecretTechniqueScroll"],"picked":"Sandwich"}],"items_purged_floors":[31,37],"is_endless":false,"potions_floor_spawned":[1,10,14,18,27,28,42,47,48,51,52],"ascension_level":15}}