{"host":"7k2a2omxz3voj5ax","time":1610214777,"event":{"mods":["BaseMod","Marisa£¨ìFÓê¡¡Ä§ÀíÉ³£©","Minty Spire (QoL Compilation)","Quick Restart","Spicy Shops","StSLib","Starting Relic: Pandora\u0027s Box","óô»ðÖ¸ÄÏ"],"gold_per_floor":[2228,2262,2187,1840,1856,1881,1881,903,903,903,937,957,973,1005,1005,1078,1078,1090,1090,918,929,762,762,605,702,702,702,729,729,956,1213,257,662,662,697,380,517,534,534,788,788,788,812,812,1135,1147,1147,1807,1807,1919,2183,2183,1778,1410,1438,1438],"floor_reached":57,"playtime":2771,"items_purged":["NonDirectionalLaser","UpSweep","DC","MilkyWay","EarthLightRay","Robbery+1"],"score":3874,"play_id":"a11e008e-ccdd-459f-8dab-f70cecc44695","local_time":"20210110025257","is_ascension_mode":true,"campfire_choices":[{"data":"BlazeAway","floor":7.0,"key":"SMITH"},{"data":"1","floor":15.0,"key":"LIFT"},{"data":"Phantasmal Killer","floor":27.0,"key":"SMITH"},{"data":"Shrug It Off","floor":29.0,"key":"SMITH"},{"data":"Turbo","floor":41.0,"key":"SMITH"},{"data":"EscapeVelocity","floor":47,"key":"SMITH"},{"floor":49,"key":"RECALL"}],"circlet_count":0,"master_deck":["AscendersBane","GasGiant+1","BlazeAway+1","Acceleration+1","EscapeVelocity+1","6A+1","Singularity","MachineGunSpark+1","Reaper","Shrug It Off+1","Turbo+1","Machine Learning","Phantasmal Killer+1","OortCloud","Reboot+1","Seeing Red+1","Impatience+1","Steam Power+1","OrrerysSun"],"relics":["MiniHakkero","Letter Opener","PrismaticShard","Ice Cream","Singing Bowl","Kunai","Vajra","Girya","Black Star","Orrery","TheAbacus","Strange Spoon","Anchor","Nunchaku","StoneCalendar","Orichalcum","FossilizedHelix","Tiny Chest","Medical Kit","Smiling Mask","Bag of Preparation","Toxic Egg 2","Calling Bell","Pen Nib","Shuriken","Torii","Membership Card","AmplifyWand","CatCart","HornCleat","Happy Flower","Whetstone","Lantern","Bag of Marbles","Akabeko","CeramicFish","Pantograph","SimpleLauncher","War Paint","Ornamental Fan","Sling","Art of War","Bottled Tornado","Unceasing Top","BreadOfAWashokuLover"],"acts_visited":["Exordium","TheCity","TheBeyond","TheEnding"],"potions_floor_usage":[50,56],"damage_taken":[{"damage":6.0,"enemies":"Cultist","floor":1.0,"turns":3.0},{"damage":0.0,"enemies":"2 Louse","floor":2.0,"turns":2.0},{"damage":0.0,"enemies":"Jaw Worm","floor":5.0,"turns":1.0},{"damage":0.0,"enemies":"Lagavulin","floor":6.0,"turns":4.0},{"damage":3.0,"enemies":"Gremlin Nob","floor":11.0,"turns":3.0},{"damage":0.0,"enemies":"Looter","floor":12.0,"turns":2.0},{"damage":0.0,"enemies":"Exordium Wildlife","floor":13.0,"turns":1.0},{"damage":0.0,"enemies":"3 Sentries","floor":14.0,"turns":3.0},{"damage":0.0,"enemies":"Hexaghost","floor":16.0,"turns":2.0},{"damage":0.0,"enemies":"Chosen","floor":18.0,"turns":1.0},{"damage":0.0,"enemies":"Spheric Guardian","floor":21.0,"turns":1.0},{"damage":31.0,"enemies":"Gremlin Leader","floor":25.0,"turns":9.0},{"damage":0.0,"enemies":"Book of Stabbing","floor":28.0,"turns":4.0},{"damage":6.0,"enemies":"Centurion and Healer","floor":30.0,"turns":6.0},{"damage":2.0,"enemies":"Gremlin Leader","floor":31.0,"turns":5.0},{"damage":0.0,"enemies":"Collector","floor":33.0,"turns":7.0},{"damage":0.0,"enemies":"3 Shapes","floor":35.0,"turns":5.0},{"damage":0.0,"enemies":"Orin","floor":37.0,"turns":4.0},{"damage":0.0,"enemies":"Orb Walker","floor":38.0,"turns":1.0},{"damage":0.0,"enemies":"Giant Head","floor":40.0,"turns":3.0},{"damage":0.0,"enemies":"Nemesis","floor":45.0,"turns":4.0},{"damage":0.0,"enemies":"Spire Growth","floor":46.0,"turns":1.0},{"damage":0,"enemies":"Giant Head","floor":48,"turns":2},{"damage":0,"enemies":"Donu and Deca","floor":50,"turns":2},{"damage":0,"enemies":"Awakened One","floor":51,"turns":3},{"damage":0,"enemies":"Shield and Spear","floor":55,"turns":2},{"damage":0,"enemies":"The Heart","floor":56,"turns":6}],"seed_played":"2580737176972273029","potions_obtained":[{"floor":1.0,"key":"SteroidPotion"},{"floor":2.0,"key":"SmokeBomb"},{"floor":25.0,"key":"Strength Potion"},{"floor":28.0,"key":"Swift Potion"},{"floor":30.0,"key":"Dexterity Potion"},{"floor":31.0,"key":"SpeedPotion"}],"is_trial":false,"path_per_floor":["M","M","?","$","M","E","R","$","T","?","E","M","M","E","R","B",null,"M","?","$","M","$","?","$","E","T","R","E","R","M","E","R","B",null,"M","$","?","M","?","E","R","?","T","T","E","M","R","E","R","B","B",null,"R","$","E","B",null],"character_chosen":"MARISA","items_purchased":["Singularity","EarthLightRay","MachineGunSpark","PrismaticShard","Ice Cream","Singing Bowl","Orrery","TheAbacus","Strange Spoon","Medical Kit","Smiling Mask","Bag of Preparation","Toxic Egg 2","OortCloud","Membership Card","AmplifyWand","Impatience+1","SimpleLauncher","War Paint","OrrerysSun","Ornamental Fan","Sling","Art of War","Bottled Tornado"],"campfire_rested":0,"item_purchase_floors":[4,4,4,8,8,8,20,22,24,32,32,32,32,32,36,36,36,53,53,53,54,54,54,54],"current_hp_per_floor":[57,57,57,57,57,61,61,61,61,61,60,66,68,74,74,74,77,79,79,83,85,85,85,85,86,86,86,88,88,84,92,92,92,92,92,92,94,96,96,98,98,93,93,93,95,95,95,97,97,97,97,97,97,97,99,112],"gold":1438,"neow_bonus":"TRANSFORM_TWO_CARDS","is_daily":false,"chose_seed":false,"campfire_upgraded":5,"win_rate":0.0,"timestamp":1610214777,"path_taken":["M","M","?","$","M","E","R","$","T","?","E","?","?","E","R","BOSS","M","?","$","M","$","?","?","E","T","R","E","R","M","E","R","BOSS","M","$","?","M","?","E","R","?","T","?","E","?","R","E","R","BOSS","BOSS","R","$","E","BOSS"],"items_purchased_type":["Card","Card","Card","Relic","Relic","Relic","Relic","Relic","Relic","Relic","Relic","Relic","Relic","Card","Relic","Relic","Card","Relic","Relic","Card","Relic","Relic","Relic","Relic"],"build_version":"2020-12-22","purchased_purges":6,"victory":true,"max_hp_per_floor":[70,70,70,70,70,70,70,70,70,70,72,74,76,78,78,78,78,80,80,84,86,86,86,86,86,86,86,88,88,90,92,92,92,92,92,92,94,96,96,98,98,93,93,93,95,95,95,97,97,97,97,97,97,97,99,112],"card_choices":[{"not_picked":["PulseMagic","GravityBeat"],"picked":"6A","floor":1.0},{"not_picked":["OrrerysSun","DC","ShootingEcho"],"picked":"SKIP","floor":2.0},{"not_picked":["AsteroidBelt","SporeBomb","LuminesStrike"],"picked":"SKIP","floor":5.0},{"not_picked":["6A","PropBag","MysteriousBeam"],"picked":"SKIP","floor":6.0},{"not_picked":["Sever Soul","DC","LuminesStrike"],"picked":"Singing Bowl","floor":11.0},{"not_picked":["Twin Strike","Ball Lightning","PathToVictory"],"picked":"Singing Bowl","floor":12.0},{"not_picked":["Dodge and Roll","DC","Accuracy"],"picked":"Singing Bowl","floor":13.0},{"not_picked":["MasterReality","Streamline","Leap"],"picked":"Singing Bowl","floor":14.0},{"not_picked":["MillisecondPulsars","Limit Break"],"picked":"Reaper","floor":16.0},{"not_picked":["Ghostly Armor","GravityBeat","Anger"],"picked":"Singing Bowl","floor":18.0},{"not_picked":["Panacea","Dramatic Entrance"],"picked":"Shrug It Off","floor":20.0},{"not_picked":["EmptyBody+1","Pray","GravityBeat"],"picked":"Singing Bowl","floor":20.0},{"not_picked":["Iron Wave","BattleHymn"],"picked":"Turbo","floor":20.0},{"not_picked":["Pray","Endless Agony","WheelKick"],"picked":"Singing Bowl","floor":20.0},{"not_picked":["ThirdEye","GravityBeat+1"],"picked":"Machine Learning","floor":20.0},{"not_picked":["Rebound","Genetic Algorithm","Consecrate"],"picked":"Singing Bowl","floor":21.0},{"not_picked":["CrushJoints+1","FearNoEvil"],"picked":"Phantasmal Killer","floor":25.0},{"not_picked":["SashWhip","Noxious Fumes","Anger"],"picked":"Singing Bowl","floor":28.0},{"not_picked":["Underhanded Strike+1","CrushJoints","GravityBeat"],"picked":"Singing Bowl","floor":30.0},{"not_picked":["6A","LikeWater","Gash"],"picked":"Singing Bowl","floor":31.0},{"not_picked":["Chrysalis+1","Bludgeon"],"picked":"Reboot+1","floor":33.0},{"not_picked":["ChargeUpSpray","Consecrate"],"picked":"Seeing Red+1","floor":35.0},{"not_picked":["Blind+1","Gash","Outmaneuver+1"],"picked":"Singing Bowl","floor":37.0},{"not_picked":["Escape Plan+1","Undo+1","Tactician+1"],"picked":"Singing Bowl","floor":38.0},{"not_picked":["Streamline","Go for the Eyes","Deflect+1"],"picked":"Singing Bowl","floor":40.0},{"not_picked":["Wild Strike+1","FlurryOfBlows","PiercingWail+1"],"picked":"Singing Bowl","floor":45.0},{"not_picked":["SandsOfTime","Indignation+1"],"picked":"Steam Power+1","floor":46},{"not_picked":["Catalyst+1","Underhanded Strike","Heatsinks"],"picked":"Singing Bowl","floor":48},{"not_picked":["PanicButton+1","FlurryOfBlows","Enlightenment+1"],"picked":"Singing Bowl","floor":55}],"player_experience":430126,"relics_obtained":[{"floor":6.0,"key":"Letter Opener"},{"floor":9.0,"key":"Kunai"},{"floor":11.0,"key":"Vajra"},{"floor":14.0,"key":"Girya"},{"floor":25.0,"key":"Anchor"},{"floor":25.0,"key":"Nunchaku"},{"floor":28.0,"key":"StoneCalendar"},{"floor":28.0,"key":"Orichalcum"},{"floor":31.0,"key":"FossilizedHelix"},{"floor":31.0,"key":"Tiny Chest"},{"floor":34.0,"key":"Pen Nib"},{"floor":34.0,"key":"Shuriken"},{"floor":34.0,"key":"Torii"},{"floor":37.0,"key":"CatCart"},{"floor":40.0,"key":"HornCleat"},{"floor":40.0,"key":"Happy Flower"},{"floor":43.0,"key":"Whetstone"},{"floor":44.0,"key":"Lantern"},{"floor":45.0,"key":"Bag of Marbles"},{"floor":45.0,"key":"Akabeko"},{"floor":48,"key":"CeramicFish"},{"floor":48,"key":"Pantograph"},{"floor":55,"key":"Unceasing Top"},{"floor":55,"key":"BreadOfAWashokuLover"}],"event_choices":[{"cards_removed":["UnstableBomb"],"damage_healed":0.0,"max_hp_gain":0.0,"max_hp_loss":0.0,"gold_gain":0.0,"event_name":"The Cleric","player_choice":"Card Removal","floor":3.0,"gold_loss":75.0,"damage_taken":0.0},{"damage_healed":0.0,"max_hp_gain":0.0,"max_hp_loss":0.0,"gold_gain":0.0,"event_name":"Upgrade Shrine","player_choice":"Upgraded","floor":10.0,"gold_loss":0.0,"damage_taken":0.0,"cards_upgraded":["MachineGunSpark"]},{"damage_healed":0.0,"max_hp_gain":0.0,"max_hp_loss":0.0,"gold_gain":0.0,"event_name":"Ghosts","player_choice":"Ignored","floor":19.0,"gold_loss":0.0,"damage_taken":0.0},{"damage_healed":0.0,"max_hp_gain":0.0,"max_hp_loss":0.0,"gold_gain":0.0,"event_name":"Vampires","player_choice":"Ignored","floor":23.0,"gold_loss":0.0,"damage_taken":0.0},{"damage_healed":0.0,"max_hp_gain":0.0,"max_hp_loss":0.0,"gold_gain":0.0,"event_name":"OrinTheCat","player_choice":"Fight","floor":37.0,"gold_loss":0.0,"damage_taken":0.0},{"damage_healed":0.0,"max_hp_gain":0.0,"max_hp_loss":0.0,"gold_gain":0.0,"event_name":"Tomb of Lord Red Mask","player_choice":"Ignored","floor":39.0,"gold_loss":0.0,"damage_taken":0.0},{"damage_healed":0.0,"max_hp_gain":0.0,"max_hp_loss":5.0,"gold_gain":0.0,"event_name":"Winding Halls","player_choice":"Max HP","floor":42.0,"gold_loss":0.0,"damage_taken":0.0}],"is_beta":false,"boss_relics":[{"not_picked":["Astrolabe","Sozu"],"picked":"Black Star"},{"not_picked":["BewitchedHakkero","Velvet Choker"],"picked":"Calling Bell"}],"items_purged_floors":[4,8,8,32,36,53],"is_endless":false,"potions_floor_spawned":[1,2,6,25,28,30,31,33,38,46],"ascension_level":20}}