{"host":"840yoaz69lavfcgt","time":1610160182,"event":{"mods":["BaseMod","Colored Powertips","DeckTracker","Highlight Path","Minty Spire (QoL Compilation)","Synergy Search"],"gold_per_floor":[117,130,130,8,8,8,25,59,85,63,63,25,55,73,73,178,178,195,0,20,35,35,35],"floor_reached":22,"playtime":1242,"items_purged":["Regret"],"score":194,"play_id":"d7bdf349-2a52-4ea4-9988-0449e2da9316","local_time":"20210108214302","is_ascension_mode":false,"campfire_choices":[{"data":"Eruption","floor":6.0,"key":"SMITH"},{"floor":11.0,"key":"REST"},{"floor":15.0,"key":"REST"}],"circlet_count":0,"master_deck":["Strike_P+1","Strike_P","Strike_P","Defend_P","Defend_P","Defend_P","Defend_P","Eruption+1","Vigilance","Indignation","FollowUp+1","Halt","BattleHymn","SashWhip","EmptyFist","Nirvana","Alpha","CutThroughFate","ConjureBlade","Crescendo+1","Alpha","Protect","TalkToTheHand+1","ClearTheMind+1"],"relics":["PureWater","NeowsBlessing","Omamori","Nunchaku","Whetstone","PreservedInsect","Black Star","DollysMirror"],"acts_visited":["Exordium","TheCity"],"potions_floor_usage":[20,21,21,21,21,21],"damage_taken":[{"damage":0.0,"enemies":"2 Louse","floor":1.0,"turns":1.0},{"damage":0.0,"enemies":"Jaw Worm","floor":2.0,"turns":1.0},{"damage":0.0,"enemies":"Cultist","floor":7.0,"turns":1.0},{"damage":30.0,"enemies":"Gremlin Nob","floor":8.0,"turns":5.0},{"damage":34.0,"enemies":"Lagavulin","floor":13.0,"turns":4.0},{"damage":2.0,"enemies":"Exordium Thugs","floor":14.0,"turns":3.0},{"damage":35.0,"enemies":"Hexaghost","floor":16.0,"turns":7.0},{"damage":10.0,"enemies":"3 Byrds","floor":18.0,"turns":3.0},{"damage":36,"enemies":"Shell Parasite","floor":20,"turns":6},{"damage":11,"enemies":"Snecko","floor":21,"turns":4},{"damage":19,"enemies":"Cultist and Chosen","floor":22,"turns":4}],"seed_played":"-9080860836921869122","potions_obtained":[{"floor":7.0,"key":"Ancient Potion"},{"floor":8.0,"key":"Fire Potion"},{"floor":16.0,"key":"Explosive Potion"},{"floor":18.0,"key":"DistilledChaos"},{"floor":20,"key":"EntropicBrew"}],"is_trial":false,"path_per_floor":["M","M","?","$","?","R","M","E","T","$","R","$","E","M","R","B",null,"M","$","M","M","M"],"character_chosen":"WATCHER","items_purchased":["Halt","EmptyFist","Nirvana","DollysMirror","Protect"],"campfire_rested":2,"item_purchase_floors":[4,10,12,19,19],"current_hp_per_floor":[72,72,72,72,72,72,72,42,42,42,63,63,29,27,48,13,72,62,62,26,15,0,0],"gold":35,"neow_bonus":"THREE_ENEMY_KILL","is_daily":false,"chose_seed":false,"campfire_upgraded":1,"win_rate":0.0,"timestamp":1610160182,"path_taken":["M","M","?","$","?","R","M","E","T","$","R","$","E","M","R","BOSS","M","$","M","M","M"],"items_purchased_type":["Card","Card","Card","Relic","Card"],"build_version":"2020-12-22","purchased_purges":1,"victory":false,"max_hp_per_floor":[72,72,72,72,72,72,72,72,72,72,72,72,72,72,72,72,72,72,72,72,72,72,72],"card_choices":[{"not_picked":["Halt","Fasting2"],"picked":"Indignation","floor":1.0},{"not_picked":["Wireheading","Evaluate"],"picked":"FollowUp","floor":2.0},{"not_picked":["FollowUp","Halt"],"picked":"BattleHymn","floor":7.0},{"not_picked":["ClearTheMind","ThirdEye"],"picked":"SashWhip","floor":8.0},{"not_picked":["JustLucky","SpiritShield"],"picked":"Alpha","floor":13.0},{"not_picked":["Vengeance","Fasting2"],"picked":"CutThroughFate","floor":14.0},{"not_picked":["Wish","Vault"],"picked":"ConjureBlade","floor":16.0},{"not_picked":["PathToVictory","EmptyBody"],"picked":"Crescendo+1","floor":18.0},{"not_picked":["JustLucky+1","Vengeance"],"picked":"TalkToTheHand+1","floor":20},{"not_picked":["Vengeance","BowlingBash"],"picked":"ClearTheMind+1","floor":21}],"player_experience":162296,"relics_obtained":[{"floor":8.0,"key":"Nunchaku"},{"floor":9.0,"key":"Whetstone"},{"floor":13.0,"key":"PreservedInsect"}],"event_choices":[{"damage_healed":0.0,"max_hp_gain":0.0,"max_hp_loss":0.0,"gold_gain":0.0,"event_name":"Big Fish","player_choice":"Box","floor":3.0,"gold_loss":0.0,"damage_taken":0.0,"relics_obtained":["Omamori"],"cards_obtained":["Regret"]},{"cards_removed":["Strike_P"],"damage_healed":0.0,"max_hp_gain":0.0,"max_hp_loss":0.0,"gold_gain":0.0,"event_name":"Wheel of Change","player_choice":"Card Removal","floor":5.0,"gold_loss":0.0,"damage_taken":0.0}],"is_beta":false,"boss_relics":[{"not_picked":["Astrolabe","Runic Dome"],"picked":"Black Star"}],"items_purged_floors":[4],"is_endless":false,"potions_floor_spawned":[7,8,16,18,20],"killed_by":"Cultist and Chosen","ascension_level":0}}