{"host":"anpwk55bj6rntrcq","time":1610225614,"event":{"mods":["Act Like it!","BaseMod","BetterRewards","GifTheSpireLib","Hermit","Hubris","Kratos Character Expansion","Minty Spire (QoL Compilation)","Replay The Spire","Robot Space Explorer","SCP261 Mod","StSLib","The Blackbeard","The Death Knight","The Exalted","The Necromancer","The Servant 0.9.4"],"gold_per_floor":[149,92,92,107,121,146,146,162,162,186,186,186,200,220,220,319,419,435,423,423,441,356,356,375,387,387,387,412,412,430,430,430,529,529,541,488,505,505,515,540,560,560,585,600,600,613,540,540,540,540,540,540,840,872,872],"floor_reached":56,"playtime":1878,"items_purged":[],"score":1351,"play_id":"6c0c7c30-9f8e-4120-8cc6-55244ab7d03b","local_time":"20210109155334","is_ascension_mode":false,"campfire_choices":[{"floor":7,"key":"RECALL"},{"floor":11,"key":"REST"},{"floor":15,"key":"REST"},{"data":"KratosMod:Roll","floor":23,"key":"SMITH"},{"data":"KratosMod:clawsofhades","floor":23,"key":"SMITH"},{"data":"KratosMod:Tempor","floor":29,"key":"SMITH"},{"data":"KratosMod:Tempor","floor":29,"key":"SMITH"},{"data":"KratosMod:Revenge","floor":32,"key":"SMITH"},{"data":"KratosMod:Tempor","floor":32,"key":"SMITH"},{"data":"KratosMod:Revenge","floor":49,"key":"SMITH"},{"data":"KratosMod:cyclone","floor":49,"key":"SMITH"},{"data":"KratosMod:clawsofhades","floor":52,"key":"SMITH"},{"data":"KratosMod:ShieldBash","floor":52,"key":"SMITH"}],"circlet_count":0,"master_deck":["KratosMod:Strike_K","KratosMod:Strike_K","KratosMod:Strike_K","KratosMod:Strike_K","KratosMod:Defend_K","KratosMod:Defend_K","KratosMod:Defend_K","KratosMod:Defend_K","KratosMod:cyclone+1","KratosMod:AthenaBane","KratosMod:Roll+1","KratosMod:Tempor+1","KratosMod:clawsofhades+1","KratosMod:ShieldBash+1","KratosMod:Tempor+1","KratosMod:clawsofhades+1","KratosMod:Tempor+1","KratosMod:BladeWhip+1","KratosMod:clawsofhades+1","KratosMod:tartarusrage+1","KratosMod:Endure","KratosMod:BladeWhip+1","KratosMod:BladeWhip+1","KratosMod:BladeWhip+1","KratosMod:ShieldBash+1","KratosMod:BladeWhip+1","KratosMod:Revenge+1","KratosMod:blades+1","KratosMod:Endure+1","KratosMod:BladeWhip+1","KratosMod:Tempor+1","KratosMod:BladeWhip+1","KratosMod:Revenge+1","KratosMod:BladeWhip+1","KratosMod:BladeWhip+1","KratosMod:clawsofhades+1","KratosMod:BladeWhip+1","KratosMod:ShieldBash+1"],"relics":["KratosMod:eagle","hubris:Icosahedron","Bromod:ArcaneAwakening","Molten Egg 2","Odd Mushroom","Replay:Wanted Poster","Replay:Arrowhead","hubris:SlimyHat","Coffee Dripper","Gremlin Food","Replay:Baseball","hubris:NiceRug","Vajra","ClockworkSouvenir","hubris:BottledRain","White Beast Statue"],"acts_visited":["Exordium","TheCity","TheBeyond","TheEnding"],"potions_floor_usage":[14,16,16,18,18,25,28,28,41,55,55],"damage_taken":[{"damage":9,"enemies":"2 Louse","floor":1,"turns":3},{"damage":17,"enemies":"Jaw Worm","floor":4,"turns":5},{"damage":11,"enemies":"Small Slimes","floor":5,"turns":5},{"damage":34,"enemies":"3 Sentries","floor":6,"turns":7},{"damage":17,"enemies":"Red Slaver","floor":8,"turns":4},{"damage":40,"enemies":"The Mushroom Lair","floor":10,"turns":6},{"damage":19,"enemies":"3 Louse","floor":13,"turns":4},{"damage":17,"enemies":"Exordium Wildlife","floor":14,"turns":5},{"damage":3,"enemies":"Hexaghost","floor":16,"turns":8},{"damage":16,"enemies":"Shell Parasite","floor":18,"turns":5},{"damage":33,"enemies":"2 Thieves","floor":19,"turns":4},{"damage":54,"enemies":"Centurion and Healer","floor":21,"turns":8},{"damage":20,"enemies":"3 Cultists","floor":24,"turns":4},{"damage":0,"enemies":"Snake Plant","floor":25,"turns":3},{"damage":41,"enemies":"Gremlin Leader","floor":28,"turns":10},{"damage":0,"enemies":"Cultist and Chosen","floor":30,"turns":4},{"damage":4,"enemies":"Champ","floor":33,"turns":6},{"damage":6,"enemies":"3 Shapes","floor":35,"turns":1},{"damage":0,"enemies":"3 Darklings","floor":37,"turns":3},{"damage":13,"enemies":"4 Shapes","floor":39,"turns":2},{"damage":18,"enemies":"Reptomancer","floor":40,"turns":4},{"damage":0,"enemies":"Transient","floor":41,"turns":5},{"damage":0,"enemies":"Jaw Worm Horde","floor":44,"turns":2},{"damage":15,"enemies":"Sphere and 2 Shapes","floor":46,"turns":2},{"damage":49,"enemies":"Awakened One","floor":50,"turns":5},{"damage":30,"enemies":"hubris:Merchant","floor":53,"turns":6},{"damage":4,"enemies":"Shield and Spear","floor":54,"turns":2},{"damage":52,"enemies":"The Heart","floor":55,"turns":6}],"seed_played":"6167036636886510018","potions_obtained":[{"floor":1,"key":"Languid Potion"},{"floor":10,"key":"SCP261:AppleJuicePotion"},{"floor":12,"key":"DistilledChaos"},{"floor":14,"key":"Languid Potion"},{"floor":16,"key":"Swift Potion"},{"floor":19,"key":"SpeedPotion"},{"floor":21,"key":"SkillPotion"},{"floor":25,"key":"SkillPotion"},{"floor":33,"key":"DuplicationPotion"},{"floor":35,"key":"SCP261:BarrettColaPotion"},{"floor":39,"key":"EntropicBrew"},{"floor":40,"key":"FairyPotion"},{"floor":44,"key":"Ancient Potion"}],"is_trial":false,"path_per_floor":["M","$","?","M","M","E","R","M","T","?","R","?","M","M","R","B",null,"M","M","?","M","?","R","M","M","T","?","E","R","M","?","R","B",null,"M","$","M","?","M","E","M","?","T","M","?","M","$","?","R","B",null,"R","$","E","B",null],"character_chosen":"KRATOS","items_purchased":["KratosMod:clawsofhades+1","KratosMod:BladeWhip+1","KratosMod:clawsofhades+1"],"campfire_rested":2,"item_purchase_floors":[2,36,47],"current_hp_per_floor":[51,51,51,47,45,43,43,43,43,39,57,57,53,58,68,68,68,55,50,50,46,46,46,68,68,68,56,73,73,73,76,76,76,76,70,70,76,76,63,75,75,75,75,75,75,61,61,61,61,76,76,76,76,72,45],"gold":872,"neow_bonus":"THREE_CARDS","is_daily":false,"chose_seed":false,"campfire_upgraded":10,"win_rate":0.0,"timestamp":1610225614,"path_taken":["M","$","?","M","M","E","R","M","T","?","R","?","?","M","R","BOSS","M","M","?","M","?","R","M","M","T","?","E","R","M","?","R","BOSS","M","$","M","?","M","E","M","?","T","M","?","M","$","?","R","BOSS","R","$","E","BOSS"],"items_purchased_type":["Card","Card","Card"],"build_version":"2020-12-22","purchased_purges":0,"victory":true,"max_hp_per_floor":[60,60,60,60,60,60,60,60,60,60,60,60,60,68,68,68,68,68,68,68,68,68,68,68,68,68,73,73,73,73,76,76,76,76,76,76,76,76,76,76,76,76,76,76,76,76,76,76,76,76,76,76,76,76,76],"card_choices":[{"not_picked":["KratosMod:Endure","KratosMod:BladeWhip"],"picked":"KratosMod:Roll","floor":0},{"not_picked":["KratosMod:rattle","KratosMod:settle"],"picked":"KratosMod:Tempor","floor":1},{"not_picked":["KratosMod:Tempor","KratosMod:Endure"],"picked":"KratosMod:ShieldBash","floor":4},{"not_picked":["KratosMod:settle","KratosMod:conjuresoul"],"picked":"KratosMod:Tempor","floor":5},{"not_picked":["KratosMod:Endure","KratosMod:rattle"],"picked":"KratosMod:clawsofhades","floor":6},{"not_picked":["KratosMod:settle","KratosMod:Tempor"],"picked":"KratosMod:clawsofhades","floor":8},{"not_picked":["KratosMod:Roll","KratosMod:conjuresoul"],"picked":"KratosMod:Tempor","floor":10},{"not_picked":["KratosMod:ShieldBash+1","KratosMod:Endure"],"picked":"KratosMod:BladeWhip+1","floor":13},{"not_picked":["KratosMod:settle","KratosMod:conjuresoul"],"picked":"KratosMod:clawsofhades+1","floor":14},{"not_picked":["KratosMod:styx","KratosMod:ablockalypse"],"picked":"KratosMod:tartarusrage+1","floor":16},{"not_picked":["KratosMod:settle","KratosMod:conjuresoul"],"picked":"KratosMod:Endure","floor":18},{"not_picked":["KratosMod:Tempor","KratosMod:Roll"],"picked":"KratosMod:BladeWhip+1","floor":19},{"not_picked":["KratosMod:ShieldBash+1","KratosMod:Endure"],"picked":"KratosMod:BladeWhip+1","floor":21},{"not_picked":["KratosMod:Tempor","KratosMod:rattle+1"],"picked":"KratosMod:BladeWhip+1","floor":24},{"not_picked":["KratosMod:clawsofhades+1","KratosMod:Endure"],"picked":"KratosMod:ShieldBash+1","floor":25},{"not_picked":["KratosMod:ShieldBash+1","KratosMod:conjuresoul+1"],"picked":"KratosMod:BladeWhip+1","floor":28},{"not_picked":["KratosMod:Roll","KratosMod:Endure"],"picked":"KratosMod:Revenge","floor":30},{"not_picked":["KratosMod:styx","KratosMod:kBerserk"],"picked":"KratosMod:blades+1","floor":33},{"not_picked":["KratosMod:settle","KratosMod:Roll"],"picked":"KratosMod:Endure+1","floor":35},{"not_picked":["KratosMod:conjuresoul+1","KratosMod:ShieldBash+1"],"picked":"KratosMod:Tempor+1","floor":37},{"not_picked":["KratosMod:ShieldBash+1","KratosMod:Tempor"],"picked":"KratosMod:BladeWhip+1","floor":39},{"not_picked":["KratosMod:SmashStone+1","KratosMod:conjuresoul"],"picked":"KratosMod:Revenge","floor":40},{"not_picked":["KratosMod:Roll","KratosMod:Endure+1"],"picked":"KratosMod:BladeWhip+1","floor":41},{"not_picked":["KratosMod:Endure+1","KratosMod:SmashStone+1"],"picked":"KratosMod:BladeWhip+1","floor":44},{"not_picked":["KratosMod:rattle","KratosMod:Endure+1","KratosMod:settle+1"],"picked":"SKIP","floor":46},{"not_picked":[],"picked":"KratosMod:BladeWhip+1","floor":53},{"not_picked":[],"picked":"KratosMod:ShieldBash+1","floor":53},{"not_picked":["KratosMod:styx"],"picked":"SKIP","floor":53},{"not_picked":["KratosMod:settle"],"picked":"SKIP","floor":53},{"not_picked":["KratosMod:conjuresoul"],"picked":"SKIP","floor":53},{"not_picked":["Replay:BasicMightCard"],"picked":"SKIP","floor":53},{"not_picked":["ReplayTheSpireMod:Necrogeddon+1"],"picked":"SKIP","floor":53},{"not_picked":["KratosMod:Endure","KratosMod:settle+1","KratosMod:ShieldBash+1"],"picked":"SKIP","floor":54}],"player_experience":376645,"relics_obtained":[{"floor":6,"key":"Bromod:ArcaneAwakening"},{"floor":9,"key":"Molten Egg 2"},{"floor":10,"key":"Odd Mushroom"},{"floor":28,"key":"hubris:SlimyHat"},{"floor":40,"key":"Gremlin Food"},{"floor":43,"key":"Replay:Baseball"},{"floor":53,"key":"Vajra"},{"floor":53,"key":"ClockworkSouvenir"},{"floor":53,"key":"hubris:BottledRain"},{"floor":54,"key":"White Beast Statue"}],"event_choices":[{"damage_healed":0,"gold_gain":0,"player_choice":"Fought Mushrooms","damage_taken":0,"max_hp_gain":0,"max_hp_loss":0,"event_name":"Mushrooms","floor":10,"gold_loss":0},{"damage_healed":0,"gold_gain":0,"player_choice":"Got Potions","damage_taken":0,"max_hp_gain":0,"max_hp_loss":0,"event_name":"Lab","floor":12,"gold_loss":0},{"damage_healed":0,"gold_gain":0,"player_choice":"Ignored","damage_taken":0,"max_hp_gain":0,"max_hp_loss":0,"event_name":"Cursed Tome","floor":20,"gold_loss":0},{"damage_healed":0,"gold_gain":0,"player_choice":"Obtained Relic","damage_taken":0,"relics_obtained":["Replay:Arrowhead"],"max_hp_gain":0,"max_hp_loss":0,"event_name":"Addict","floor":22,"gold_loss":85},{"damage_healed":0,"gold_gain":0,"player_choice":"Shed Blood","damage_taken":17,"max_hp_gain":5,"max_hp_loss":0,"event_name":"Forgotten Altar","floor":27,"gold_loss":0},{"cards_removed":["KratosMod:clawsofhades"],"damage_healed":0,"gold_gain":0,"player_choice":"Removed Attack","damage_taken":0,"max_hp_gain":0,"max_hp_loss":0,"event_name":"Falling","floor":42,"gold_loss":0},{"damage_healed":0,"gold_gain":0,"player_choice":"Bought 0 Potions","damage_taken":0,"max_hp_gain":0,"max_hp_loss":0,"event_name":"The Woman in Blue","floor":48,"gold_loss":0}],"is_beta":false,"boss_relics":[{"not_picked":["Fusion Hammer","hubris:GrandSneckoEye"],"picked":"Replay:Wanted Poster"},{"not_picked":["hubris:VirtuousBlindfold","hubris:HollowSoul"],"picked":"Coffee Dripper"}],"items_purged_floors":[],"is_endless":false,"potions_floor_spawned":[1,10,13,14,16,19,21,25,28,33,35,39,40,44],"ascension_level":0}}