{"host":"2se5dq1do2gp0x9k","time":1610234885,"event":{"mods":["AchievementEnabler","BaseMod","Block Reminder","Colored Map","Colored Powertips","Minty Spire (QoL Compilation)","Relic Stats","StSLib","SuperFastMode"],"gold_per_floor":[119,135,67,142,192,192,249,249],"floor_reached":7,"playtime":162,"items_purged":[],"score":86,"play_id":"4c20c59b-7f16-4570-83d2-cb3b46e1f4c5","local_time":"20210109152805","is_ascension_mode":true,"campfire_choices":[{"data":"Eruption","floor":6,"key":"SMITH"}],"circlet_count":0,"master_deck":["AscendersBane","Strike_P","Strike_P","Strike_P","Strike_P","Defend_P","Defend_P","Defend_P","Defend_P","Eruption+1","Vigilance","CutThroughFate","CutThroughFate","Wish"],"relics":["Velvet Choker","Ice Cream"],"acts_visited":["Exordium"],"potions_floor_usage":[7],"damage_taken":[{"damage":2,"enemies":"Jaw Worm","floor":1,"turns":3},{"damage":0,"enemies":"2 Louse","floor":2,"turns":2},{"damage":20,"enemies":"Gremlin Nob","floor":7,"turns":3}],"seed_played":"5043377844021220784","potions_obtained":[{"floor":1,"key":"Fire Potion"}],"is_trial":false,"path_per_floor":["M","M","$","?","?","R","E"],"character_chosen":"WATCHER","items_purchased":["Wish"],"campfire_rested":0,"item_purchase_floors":[3],"current_hp_per_floor":[59,59,59,48,48,48,28,28],"gold":249,"neow_bonus":"BOSS_RELIC","is_daily":false,"chose_seed":false,"campfire_upgraded":1,"win_rate":0.0,"timestamp":1610234885,"path_taken":["M","M","$","?","?","R","E"],"items_purchased_type":["Card"],"build_version":"2020-12-22","purchased_purges":0,"victory":false,"max_hp_per_floor":[68,68,68,68,68,68,68,68],"relic_stats":{"counters":[3,8],"obtain_stats":[{"Ice Cream":7,"Velvet Choker":0,"PureWater":0},{"Ice Cream":3,"Velvet Choker":0,"PureWater":0},{"Ice Cream":8,"Velvet Choker":0,"PureWater":0}]},"card_choices":[{"not_picked":["LikeWater","Protect"],"picked":"CutThroughFate","floor":1},{"not_picked":["SashWhip","Protect"],"picked":"CutThroughFate","floor":2}],"player_experience":3822312,"relics_obtained":[{"floor":7,"key":"Ice Cream"}],"event_choices":[{"damage_healed":0,"gold_gain":75,"player_choice":"Gather Gold","damage_taken":11,"max_hp_gain":0,"max_hp_loss":0,"event_name":"World of Goop","floor":4,"gold_loss":0},{"damage_healed":0,"gold_gain":50,"player_choice":"Pray","damage_taken":0,"max_hp_gain":0,"max_hp_loss":0,"event_name":"Golden Shrine","floor":5,"gold_loss":0}],"is_beta":false,"boss_relics":[],"items_purged_floors":[],"is_endless":false,"potions_floor_spawned":[1],"killed_by":"Gremlin Nob","ascension_level":15}}