{"host":"4rvakrj1idbgia3f","time":1610156987,"event":{"mods":["BaseMod","Colored Map","Colored Powertips","DeckTracker","Highlight Path","Minty Spire (QoL Compilation)","Random Character Button","StSLib"],"gold_per_floor":[117,267,267,287,5,33,33,59,138,138,159,173,213,235,235,315,315,328,337,118,132,150,150,184,6,87,100,142,142,180,191,191,191,191],"floor_reached":33,"playtime":1107,"items_purged":["Strike_R","Strike_R","Strike_R"],"score":850,"play_id":"ceae4e1b-db91-40e7-b730-b02887700996","local_time":"20210109104947","is_ascension_mode":true,"campfire_choices":[{"data":"Bludgeon","floor":7.0,"key":"SMITH"},{"data":"Cleave","floor":10.0,"key":"SMITH"},{"data":"Carnage","floor":15.0,"key":"SMITH"},{"data":"Feed","floor":23.0,"key":"SMITH"},{"data":"Bludgeon","floor":29,"key":"SMITH"},{"data":"Whirlwind","floor":32,"key":"SMITH"}],"circlet_count":0,"master_deck":["AscendersBane","Strike_R","Defend_R","Defend_R","Defend_R","Defend_R","Bash","Cleave+1","Sword Boomerang","Bludgeon+1","Feed+1","Carnage+1","Battle Trance+1","Offering","Bludgeon+1","Offering+1","Sever Soul","Dark Embrace","Power Through","Feed","Whirlwind+1"],"relics":["Burning Blood","NeowsBlessing","Membership Card","CeramicFish","Pen Nib","White Beast Statue","Bag of Marbles","Runic Pyramid","DollysMirror","War Paint","Kunai","Bronze Scales","Pear","Oddly Smooth Stone","Shuriken"],"acts_visited":["Exordium","TheCity"],"potions_floor_usage":[24,30,33,33],"damage_taken":[{"damage":0.0,"enemies":"Cultist","floor":1.0,"turns":1.0},{"damage":0.0,"enemies":"Small Slimes","floor":4.0,"turns":1.0},{"damage":0.0,"enemies":"3 Sentries","floor":6.0,"turns":1.0},{"damage":31.0,"enemies":"Gremlin Nob","floor":8.0,"turns":4.0},{"damage":0.0,"enemies":"2 Louse","floor":11.0,"turns":2.0},{"damage":21.0,"enemies":"Exordium Thugs","floor":12.0,"turns":3.0},{"damage":0.0,"enemies":"Lagavulin","floor":13.0,"turns":2.0},{"damage":0.0,"enemies":"Looter","floor":14.0,"turns":1.0},{"damage":43.0,"enemies":"The Guardian","floor":16.0,"turns":9.0},{"damage":7.0,"enemies":"Spheric Guardian","floor":18.0,"turns":3.0},{"damage":1.0,"enemies":"2 Thieves","floor":21.0,"turns":4.0},{"damage":6.0,"enemies":"Snake Plant","floor":22.0,"turns":1.0},{"damage":17,"enemies":"Slavers","floor":24,"turns":5},{"damage":12,"enemies":"Centurion and Healer","floor":27,"turns":4},{"damage":25,"enemies":"Gremlin Leader","floor":28,"turns":3},{"damage":32,"enemies":"Slavers","floor":30,"turns":4},{"damage":6,"enemies":"Snecko","floor":31,"turns":2},{"damage":41,"enemies":"Collector","floor":33,"turns":7}],"seed_played":"-6736075469931965853","potions_obtained":[{"floor":6.0,"key":"FairyPotion"},{"floor":8.0,"key":"HeartOfIron"},{"floor":11.0,"key":"LiquidMemories"},{"floor":13.0,"key":"SteroidPotion"},{"floor":14.0,"key":"Regen Potion"},{"floor":16.0,"key":"Block Potion"},{"floor":21.0,"key":"GamblersBrew"},{"floor":22.0,"key":"SteroidPotion"},{"floor":24,"key":"FearPotion"},{"floor":30,"key":"LiquidMemories"}],"is_trial":false,"path_per_floor":["M","?","?","M","$","E","R","E","T","R","M","M","E","M","R","B",null,"M","?","$","M","M","R","E","$","T","M","E","R","E","M","R","B"],"character_chosen":"IRONCLAD","items_purchased":["Membership Card","Bludgeon","DollysMirror","War Paint","Sever Soul","Power Through","Bronze Scales"],"campfire_rested":0,"item_purchase_floors":[5,5,20,20,20,25,25],"current_hp_per_floor":[74,74,74,75,75,75,75,50,50,50,56,44,50,59,59,25,69,68,68,68,76,76,76,69,69,79,77,62,62,43,46,46,5,5],"gold":191,"neow_bonus":"THREE_ENEMY_KILL","is_daily":false,"chose_seed":false,"campfire_upgraded":6,"win_rate":0.0,"timestamp":1610156987,"path_taken":["M","?","?","M","$","E","R","E","T","R","M","?","E","M","R","BOSS","M","?","$","M","M","R","E","?","T","M","E","R","E","M","R","BOSS"],"items_purchased_type":["Relic","Card","Relic","Relic","Card","Card","Relic"],"build_version":"2020-12-22","purchased_purges":3,"victory":false,"max_hp_per_floor":[75,75,75,75,75,75,75,75,75,75,75,78,78,81,81,84,84,84,84,84,87,87,87,91,91,101,105,109,109,116,119,119,119,119],"card_choices":[{"not_picked":["Flex","Iron Wave"],"picked":"Cleave","floor":1.0},{"not_picked":["Cleave","Clash"],"picked":"Sword Boomerang","floor":4.0},{"not_picked":["Clothesline","Body Slam","Inflame"],"picked":"SKIP","floor":6.0},{"not_picked":["Sentinel","Dual Wield","Iron Wave"],"picked":"SKIP","floor":8.0},{"not_picked":["Wild Strike","Intimidate"],"picked":"Feed","floor":11.0},{"not_picked":["Heavy Blade","Thunderclap","Flex"],"picked":"SKIP","floor":12.0},{"not_picked":["Anger","True Grit"],"picked":"Carnage","floor":13.0},{"not_picked":["Wild Strike","Thunderclap"],"picked":"Battle Trance","floor":14.0},{"not_picked":["Double Tap","Juggernaut"],"picked":"Offering","floor":16.0},{"not_picked":["Cleave","Armaments","Clash+1"],"picked":"SKIP","floor":18.0},{"not_picked":["Twin Strike","Cleave","Evolve"],"picked":"SKIP","floor":21.0},{"not_picked":["Twin Strike","Iron Wave","Havoc"],"picked":"SKIP","floor":22.0},{"not_picked":["Inflame+1","Rampage"],"picked":"Dark Embrace","floor":24},{"not_picked":["Uppercut","Cleave","Body Slam+1"],"picked":"SKIP","floor":27},{"not_picked":["Sever Soul","Headbutt"],"picked":"Feed","floor":28},{"not_picked":["Searing Blow","Barricade"],"picked":"Whirlwind","floor":30},{"not_picked":["Iron Wave","Pommel Strike","Perfected Strike"],"picked":"SKIP","floor":31}],"player_experience":1972958,"relics_obtained":[{"floor":6.0,"key":"CeramicFish"},{"floor":8.0,"key":"Pen Nib"},{"floor":9.0,"key":"White Beast Statue"},{"floor":13.0,"key":"Bag of Marbles"},{"floor":24,"key":"Kunai"},{"floor":26,"key":"Pear"},{"floor":28,"key":"Oddly Smooth Stone"},{"floor":30,"key":"Shuriken"}],"event_choices":[{"damage_healed":0.0,"max_hp_gain":0.0,"max_hp_loss":0.0,"gold_gain":150.0,"event_name":"Liars Game","player_choice":"AGREE","floor":2.0,"gold_loss":0.0,"damage_taken":0.0,"cards_obtained":["Doubt"]},{"cards_removed":["Doubt"],"damage_healed":0.0,"max_hp_gain":0.0,"max_hp_loss":0.0,"gold_gain":0.0,"event_name":"Fountain of Cleansing","player_choice":"Removed Curses","floor":3.0,"gold_loss":0.0,"damage_taken":0.0},{"damage_healed":0.0,"max_hp_gain":0.0,"max_hp_loss":0.0,"gold_gain":0.0,"cards_transformed":["Strike_R"],"event_name":"Transmorgrifier","player_choice":"Transformed","floor":19.0,"gold_loss":0.0,"damage_taken":0.0,"cards_obtained":["Bludgeon"]}],"is_beta":false,"boss_relics":[{"not_picked":["Sozu","Busted Crown"],"picked":"Runic Pyramid"}],"items_purged_floors":[5,20,25],"is_endless":false,"potions_floor_spawned":[6,8,11,12,13,14,16,18,21,22,24,27,28,30,31],"killed_by":"Collector","ascension_level":20}}