{"host":"d739yreqm0rh30t5","time":1610235194,"event":{"mods":["BaseMod","BetterRewards","Colored Powertips","Downfall","Googly Eyes","Hermit","Minty Spire (QoL Compilation)","Replay The Spire","Shop Mod","StSLib","The Cursed"],"gold_per_floor":[99,115,115,115,135,147,157,173,173,193,193,206,221,221,221,232,250,348,348,348,366,366,379,389,389,389,207,235,235,42,42,56,56,70,166,166,166,179,234,22,32,82,82,102,102,102,102,119,131,142,152,152],"floor_reached":53,"playtime":5339,"items_purged":["Regret","Shame","Writhe"],"score":679,"play_id":"856e0169-a418-41b7-ae3f-536519451ce3","local_time":"20210110003314","is_ascension_mode":false,"campfire_choices":[{"data":"Slimebound:Split","floor":1,"key":"SMITH"},{"data":"Slimebound:ViciousTackle","floor":15,"key":"SMITH"},{"data":"Slimebound:Gluttony","floor":20,"key":"SMITH"},{"data":"Slimebound:OozeBath","floor":31,"key":"SMITH"},{"data":"1","floor":37,"key":"LIFT"},{"data":"Slimebound:AcidTongue","floor":46,"key":"SMITH"},{"data":"Slimebound:Gluttony","floor":46,"key":"SMITH"}],"circlet_count":0,"master_deck":["Slimebound:Strike_Slimebound","Slimebound:Strike_Slimebound+1","Slimebound:Strike_Slimebound","Slimebound:Tackle","Slimebound:Defend_Slimebound+1","Slimebound:Defend_Slimebound+1","Slimebound:Defend_Slimebound","Slimebound:Defend_Slimebound+1","Slimebound:Split+1","Slimebound:CorrosiveSpit","Slimebound:GrowthPunch","Slimebound:LeechingTouch","Slimebound:MegaLick","Slimebound:ViciousTackle+1","Slimebound:Teamwork","Slimebound:Grow","Slimebound:GoopSpray","Slimebound:Gluttony+1","Slimebound:LeechLife","Slimebound:SamplingLick","Slimebound:Prepare","Slimebound:OozeBath+1","Slimebound:FirmFortitude+1","Slimebound:FinishingTackle+1","Slimebound:SamplingLick","Slimebound:GoopSpray+1","Slimebound:Dissolve","Slimebound:AcidTongue+1","Slimebound:Gluttony+1","Slimebound:WasteNot","Slimebound:LeechEnergy+1","Slimebound:MegaLick+1","Slimebound:LivingWall","Slimebound:HauntingLick","Slimebound:ViciousTackle+1","Slimebound:SamplingLick+1","Slimebound:RejuvenatingLick+1","Slimebound:Schlurp"],"relics":["Slimebound:AbsorbEndCombat","Pantograph","ReplayTheSpireMod:Ring of Addiction","SacredBark","Potion Belt","Ring of Panic","Philosopher\u0027s Stone","Girya","Replay:Accelerometer","ReplayTheSpireMod:Ninjato","downfall:RedIOU","Sozu","Counterbalance","Replay:Arrowhead","CaptainsWheel"],"acts_visited":["Exordium","TheCity","TheBeyond"],"potions_floor_usage":[17,23,24,28,28,39,48,50,52],"damage_taken":[{"damage":9,"enemies":"Small Slimes","floor":2,"turns":3},{"damage":11,"enemies":"Jaw Worm","floor":5,"turns":4},{"damage":8,"enemies":"2 Louse","floor":6,"turns":3},{"damage":10,"enemies":"Blue Slaver","floor":7,"turns":5},{"damage":15,"enemies":"3 Louse","floor":8,"turns":3},{"damage":18,"enemies":"Large Slime","floor":10,"turns":5},{"damage":22,"enemies":"Lots of Slimes","floor":12,"turns":5},{"damage":27,"enemies":"Large Slime","floor":13,"turns":5},{"damage":0,"enemies":"3 Louse","floor":16,"turns":2},{"damage":18,"enemies":"Blue Slaver","floor":17,"turns":3},{"damage":56,"enemies":"downfall:Ironclad","floor":18,"turns":10},{"damage":21,"enemies":"Shell Parasite","floor":21,"turns":4},{"damage":71,"enemies":"3 Byrds","floor":23,"turns":7},{"damage":37,"enemies":"3 Cultists","floor":24,"turns":5},{"damage":22,"enemies":"downfall:FleeingMerchant","floor":27,"turns":4},{"damage":51,"enemies":"Replay:Snechameleon","floor":28,"turns":8},{"damage":7,"enemies":"downfall:FleeingMerchant","floor":30,"turns":4},{"damage":52,"enemies":"Snecko","floor":32,"turns":9},{"damage":25,"enemies":"Snake Plant","floor":34,"turns":5},{"damage":52,"enemies":"downfall:Defect","floor":35,"turns":9},{"damage":20,"enemies":"3 Shapes","floor":38,"turns":5},{"damage":52,"enemies":"2 Orb Walkers","floor":39,"turns":7},{"damage":16,"enemies":"downfall:FleeingMerchant","floor":40,"turns":4},{"damage":20,"enemies":"Orb Walker","floor":41,"turns":4},{"damage":4,"enemies":"Mind Bloom Boss Battle","floor":42,"turns":5},{"damage":0,"enemies":"Spire Growth","floor":44,"turns":4},{"damage":35,"enemies":"Jaw Worm Horde","floor":48,"turns":5},{"damage":48,"enemies":"Sphere and 2 Shapes","floor":49,"turns":9},{"damage":60,"enemies":"Writhing Mass","floor":50,"turns":9},{"damage":18,"enemies":"Jaw Worm Horde","floor":51,"turns":5},{"damage":12,"enemies":"downfall:Watcher","floor":52,"turns":5}],"seed_played":"685226203656551178","potions_obtained":[{"floor":5,"key":"Regen Potion"},{"floor":8,"key":"FearPotion"},{"floor":12,"key":"ColorlessPotion"},{"floor":14,"key":"PowerPotion"},{"floor":14,"key":"Regen Potion"},{"floor":23,"key":"AttackPotion"},{"floor":24,"key":"SpeedPotion"},{"floor":25,"key":"CultistPotion"},{"floor":28,"key":"Death Potion"},{"floor":35,"key":"Dexterity Potion"}],"is_trial":false,"path_per_floor":["R","M","PTL","PTL","M","M","M","M","T","M","?","M","M","?","R","M","M","B",null,"R","M","?","M","M","?","T","$","E","?","$","R","M","?","M","B",null,"R","M","?","$","M","?","T","M","?","R","?","M","M","M","M","B",null],"character_chosen":"SLIMEBOUND","items_purchased":["Slimebound:FinishingTackle+1","Slimebound:SamplingLick","Slimebound:Dissolve","Slimebound:LivingWall"],"campfire_rested":0,"item_purchase_floors":[27,27,30,40],"current_hp_per_floor":[66,66,66,66,66,66,66,66,66,66,66,64,63,63,63,66,66,48,66,66,64,64,40,45,45,45,51,36,36,62,62,60,60,60,34,58,58,56,24,56,56,56,54,54,54,52,44,52,52,52,52,52],"gold":152,"neow_bonus":"TEN_PERCENT_HP_BONUS","is_daily":false,"chose_seed":false,"campfire_upgraded":6,"win_rate":0.0,"timestamp":1610235194,"path_taken":["R","M","PTL","PTL","M","M","M","M","T","M","?","M","M","?","R","M","M","BOSS","R","M","?","M","M","?","T","$","E","?","$","R","M","?","M","BOSS","R","M","?","$","M","?","T","M","?","R","?","M","M","?","M","BOSS"],"items_purchased_type":["Card","Card","Card","Card"],"build_version":"2020-12-22","purchased_purges":3,"victory":true,"max_hp_per_floor":[66,66,66,66,66,66,66,66,66,66,66,66,66,66,66,66,66,66,66,66,64,64,64,64,64,64,64,62,62,62,62,60,60,60,58,58,58,56,56,56,56,56,54,54,54,52,52,52,52,52,52,52],"card_choices":[{"not_picked":["Slimebound:SlimeSpikes","Slimebound:PressTheAttack"],"picked":"Slimebound:GrowthPunch","floor":2},{"not_picked":["Slimebound:SlimeSpikes","Slimebound:FinishingTackle"],"picked":"Slimebound:LeechingTouch","floor":5},{"not_picked":["Slimebound:LeechEnergy","Slimebound:SplitMire"],"picked":"Slimebound:MegaLick","floor":6},{"not_picked":["Slimebound:FinishingTackle","Slimebound:SplitLeeching"],"picked":"Slimebound:SplitMire","floor":7},{"not_picked":["Slimebound:FinishingTackle","Slimebound:SlimeBrawl"],"picked":"Slimebound:ViciousTackle","floor":8},{"not_picked":["Slimebound:ComboTackle","Slimebound:ViciousTackle"],"picked":"Slimebound:Teamwork","floor":10},{"not_picked":["Slimebound:Replication","Slimebound:ForwardTackle"],"picked":"Slimebound:Grow","floor":12},{"not_picked":["Slimebound:LeechingTouch","Slimebound:FlameTackle"],"picked":"Slimebound:GoopSpray","floor":13},{"not_picked":["Slimebound:PressTheAttack","Slimebound:GoopTackle","Slimebound:SplitAcid"],"picked":"SKIP","floor":16},{"not_picked":["Slimebound:ComboTackle","Slimebound:SamplingLick"],"picked":"Slimebound:Gluttony","floor":17},{"not_picked":["Slimebound:WasteNot","Slimebound:OneTwoCombo"],"picked":"Slimebound:LeechLife","floor":18},{"not_picked":["Slimebound:RollThrough","Slimebound:FinishingTackle"],"picked":"Slimebound:SamplingLick","floor":21},{"not_picked":["Slimebound:ViciousTackle","Slimebound:Nibble+1"],"picked":"Slimebound:Prepare","floor":23},{"not_picked":["Slimebound:SamplingLick+1","Slimebound:GoopSpray"],"picked":"Slimebound:OozeBath","floor":24},{"not_picked":["Slimebound:ViciousTackle+1","Slimebound:MinionMaster"],"picked":"Slimebound:FirmFortitude+1","floor":27},{"not_picked":["Slimebound:SlimeBrawl","Slimebound:GrowthPunch"],"picked":"Slimebound:GoopSpray+1","floor":28},{"not_picked":["Slimebound:SlimeSpikes","Slimebound:BestDefense+1","Slimebound:SplitLeeching"],"picked":"SKIP","floor":30},{"not_picked":["Slimebound:ComboTackle+1","Slimebound:LeechingTouch"],"picked":"Slimebound:AcidTongue","floor":32},{"not_picked":["Slimebound:Grow+1","Slimebound:FinishingTackle"],"picked":"Slimebound:Gluttony","floor":34},{"not_picked":["Slimebound:Teamwork","Slimebound:DuplicatedForm"],"picked":"Slimebound:WasteNot","floor":35},{"not_picked":["Slimebound:RollThrough+1","Slimebound:SamplingLick+1"],"picked":"Slimebound:LeechEnergy+1","floor":38},{"not_picked":["Slimebound:HauntingLick","Slimebound:LeadByExample+1"],"picked":"Slimebound:MegaLick+1","floor":39},{"not_picked":["Slimebound:RollThrough+1","Slimebound:SlimeBrawl","Slimebound:SplitLeeching"],"picked":"SKIP","floor":40},{"not_picked":["Slimebound:GrowthPunch","Slimebound:WasteNot"],"picked":"Slimebound:HauntingLick","floor":41},{"not_picked":["Slimebound:FinishingTackle","Slimebound:RollThrough+1"],"picked":"Slimebound:ViciousTackle+1","floor":42},{"not_picked":["Slimebound:PressTheAttack+1","Slimebound:SlimeSpikes"],"picked":"Slimebound:ViciousTackle+1","floor":44},{"not_picked":["Slimebound:SplitLeeching+1","Slimebound:Gluttony"],"picked":"Slimebound:SamplingLick+1","floor":48},{"not_picked":["Slimebound:RollThrough","Slimebound:TongueLash+1","Slimebound:SplitAcid+1"],"picked":"SKIP","floor":49},{"not_picked":["Slimebound:SplitBruiser","Slimebound:SlimeSpikes+1"],"picked":"Slimebound:RejuvenatingLick+1","floor":50},{"not_picked":["Slimebound:SamplingLick+1","Slimebound:GrowthPunch+1"],"picked":"Slimebound:Schlurp","floor":51}],"player_experience":113416,"relics_obtained":[{"floor":9,"key":"Pantograph"},{"floor":14,"key":"ReplayTheSpireMod:Ring of Addiction"},{"floor":14,"key":"SacredBark"},{"floor":14,"key":"Potion Belt"},{"floor":14,"key":"Ring of Panic"},{"floor":26,"key":"Replay:Accelerometer"},{"floor":28,"key":"ReplayTheSpireMod:Ninjato"},{"floor":39,"key":"Counterbalance"},{"floor":42,"key":"Replay:Arrowhead"},{"floor":43,"key":"CaptainsWheel"}],"event_choices":[{"damage_healed":0,"gold_gain":0,"player_choice":"Stole Relic","damage_taken":0,"relics_obtained":["Replay:Mystery Machine"],"max_hp_gain":0,"max_hp_loss":0,"event_name":"Addict","floor":29,"gold_loss":0,"cards_obtained":["Shame"]},{"damage_healed":0,"gold_gain":0,"player_choice":"Fight","damage_taken":0,"max_hp_gain":0,"max_hp_loss":0,"event_name":"Mysterious Sphere","floor":39,"gold_loss":0},{"cards_removed":["Slimebound:ViciousTackle"],"damage_healed":0,"gold_gain":0,"player_choice":"Removed Attack","damage_taken":0,"max_hp_gain":0,"max_hp_loss":0,"event_name":"Falling","floor":45,"gold_loss":0}],"is_beta":false,"boss_relics":[{"not_picked":["Replay:Drink Me","Replay:Bronze Core"],"picked":"Philosopher\u0027s Stone"},{"not_picked":["Coffee Dripper","Snecko Eye"],"picked":"Sozu"}],"items_purged_floors":[27,30,40],"is_endless":false,"potions_floor_spawned":[5,8,12,13,23,24,28,35,39,42,44,48,51],"ascension_level":0}}