{"host":"gqcohn9v5baj3dmw","time":1610222091,"event":{"mods":["BaseMod","Better Note","Better Sensory Stone","Better Skull","Colored Map","Downfall","Marked Mod","Minty Spire (QoL Compilation)","Rare Cards Sparkle","Relic Stats","StSLib"],"gold_per_floor":[99,99,199,47,47,47,47,47,67,82,115,134,67,97,109,207,207,207,225,225,225,225,253,253,253,253,87,98,127,138,138,138,138],"floor_reached":31,"playtime":1279,"items_purged":["champ:Strike"],"score":296,"play_id":"0d963cb6-8ead-4301-8354-b694d6a43c31","local_time":"20210109205451","is_ascension_mode":true,"campfire_choices":[{"data":"champ:Execute","floor":1,"key":"SMITH"},{"data":"champ:Taunt","floor":6,"key":"SMITH"},{"data":"champ:Backstep","floor":8,"key":"SMITH"},{"data":"champ:StrikeOfGenius","floor":18,"key":"SMITH"},{"data":"champ:Balance","floor":26,"key":"SMITH"}],"circlet_count":0,"master_deck":["champ:Defend+1","champ:Defend+1","champ:Defend+1","champ:Defend+1","champ:Execute+1","champ:Taunt+1","champ:FanOfKnives","champ:DeathBlow","champ:FlashCut","champ:FanOfKnives","champ:Backstep+1","champ:BringItOn","champ:GutPunch+1","champ:BringItOn","champ:Balance+1","champ:AdrenalArmor","champ:StrikeOfGenius+1","Slimebound:Tackle+1","Slimebound:Tackle+1","Slimebound:Tackle+1","champ:EnragedBash+1","champ:Aggression+1"],"relics":["champ:ChampionCrown","downfall:HeartsMalice","Calipers","Sundial","Anchor","Velvet Choker","Whetstone","InkBottle","Oddly Smooth Stone","Peace Pipe"],"acts_visited":["Exordium","TheCity"],"potions_floor_usage":[10,23],"damage_taken":[{"damage":0,"enemies":"Small Slimes","floor":2,"turns":1},{"damage":0,"enemies":"downfall:FleeingMerchant","floor":4,"turns":1},{"damage":0,"enemies":"Jaw Worm","floor":5,"turns":1},{"damage":3,"enemies":"2 Louse","floor":9,"turns":2},{"damage":29,"enemies":"Large Slime","floor":10,"turns":5},{"damage":25,"enemies":"3 Sentries","floor":11,"turns":4},{"damage":2,"enemies":"3 Louse","floor":12,"turns":3},{"damage":10,"enemies":"downfall:FleeingMerchant","floor":13,"turns":4},{"damage":14,"enemies":"Exordium Thugs","floor":15,"turns":2},{"damage":49,"enemies":"downfall:Ironclad","floor":16,"turns":7},{"damage":25,"enemies":"3 Byrds","floor":19,"turns":4},{"damage":59,"enemies":"Slavers","floor":23,"turns":4},{"damage":23,"enemies":"downfall:FleeingMerchant","floor":27,"turns":4},{"damage":12,"enemies":"Spheric Guardian","floor":28,"turns":3},{"damage":62,"enemies":"Gremlin Leader","floor":29,"turns":7},{"damage":35,"enemies":"Chosen and Byrds","floor":30,"turns":8},{"damage":44,"enemies":"Slavers","floor":31,"turns":4}],"seed_played":"-6714963425404708659","potions_obtained":[{"floor":9,"key":"Block Potion"},{"floor":11,"key":"Weak Potion"},{"floor":12,"key":"LiquidMemories"},{"floor":15,"key":"SteroidPotion"},{"floor":28,"key":"champ:CounterPotion"}],"is_trial":false,"path_per_floor":["R","M","?","$","M","R","T","R","M","M","E","M","$","?","M","B",null,"R","M","?","?","?","E","T","?","R","$","M","E","M","E"],"character_chosen":"THE_CHAMP","items_purchased":["champ:FlashCut","champ:FanOfKnives","champ:AdrenalArmor","Oddly Smooth Stone"],"campfire_rested":0,"item_purchase_floors":[4,4,13,27],"current_hp_per_floor":[90,90,90,90,90,90,90,90,90,86,82,80,80,80,79,67,90,90,90,90,90,90,57,57,57,57,55,55,37,24,0,0,0],"gold":138,"neow_bonus":"THREE_ENEMY_KILL","is_daily":false,"chose_seed":false,"campfire_upgraded":5,"win_rate":0.0,"timestamp":1610222091,"path_taken":["R","M","?","$","M","R","T","R","M","M","E","M","$","?","M","BOSS","R","M","?","?","?","E","T","?","R","$","M","E","M","E"],"items_purchased_type":["Card","Card","Card","Relic"],"build_version":"2020-12-22","purchased_purges":1,"victory":false,"max_hp_per_floor":[90,90,90,90,90,90,90,90,90,90,90,90,90,90,90,90,90,90,90,90,90,90,90,90,90,90,90,90,90,90,90,90,90],"relic_stats":{"Peace Pipe":0,"counters":[17,61],"Sundial":[4],"Whetstone":["champ:GutPunch","champ:EnragedBash"],"obtain_stats":[{"Peace Pipe":29,"Anchor":14,"Calipers":7,"Sundial":11,"Velvet Choker":17,"Oddly Smooth Stone":27,"champ:ChampionCrown":0,"downfall:HeartsMalice":0,"Whetstone":23,"InkBottle":24},{"Peace Pipe":15,"Anchor":8,"Calipers":3,"Sundial":6,"Velvet Choker":10,"Oddly Smooth Stone":13,"champ:ChampionCrown":0,"downfall:HeartsMalice":0,"Whetstone":12,"InkBottle":12},{"Peace Pipe":49,"Anchor":18,"Calipers":0,"Sundial":11,"Velvet Choker":27,"Oddly Smooth Stone":39,"champ:ChampionCrown":0,"downfall:HeartsMalice":0,"Whetstone":35,"InkBottle":35}],"InkBottle":[10]},"card_choices":[{"not_picked":["champ:GladiatorsShout","champ:TornadoPunch"],"picked":"champ:FanOfKnives","floor":2},{"not_picked":["champ:EnGarde","champ:BerserkerStyle"],"picked":"champ:DeathBlow","floor":4},{"not_picked":["champ:FlashCut","champ:DefensiveStyle"],"picked":"champ:Backstep","floor":5},{"not_picked":["champ:RapidStrikes","champ:Haymaker"],"picked":"champ:BringItOn","floor":9},{"not_picked":["champ:PerfectedStrike","champ:FocusedBerserking"],"picked":"champ:GutPunch","floor":10},{"not_picked":["champ:BladeFlurry","champ:ArenaPreparation","champ:FocusedDefense"],"picked":"SKIP","floor":11},{"not_picked":["champ:GladiatorsShout","champ:Backstep"],"picked":"champ:BringItOn","floor":12},{"not_picked":["champ:Backstep","champ:CalledShot"],"picked":"champ:Balance","floor":13},{"not_picked":["champ:DefensiveShout","champ:FalseCounter","champ:Backstep"],"picked":"SKIP","floor":15},{"not_picked":["champ:CrownThrow","champ:ShieldThrow"],"picked":"champ:StrikeOfGenius","floor":16},{"not_picked":["champ:BerserkersShout","champ:HeartStrike","champ:RageSigil"],"picked":"SKIP","floor":19},{"not_picked":["champ:Haymaker+1","champ:Circumvent+1","champ:Shatter"],"picked":"SKIP","floor":23},{"not_picked":["champ:BerserkersShout","champ:FightOn","champ:BringItOn"],"picked":"SKIP","floor":27},{"not_picked":["champ:ShieldSigil","champ:Backstep","champ:CrookedStrike"],"picked":"SKIP","floor":28},{"not_picked":["champ:Duel","champ:BladeFlurry","champ:GutPunch"],"picked":"SKIP","floor":29},{"not_picked":["champ:ShieldThrow","champ:StanceDance"],"picked":"champ:Aggression+1","floor":30}],"player_experience":484299,"relics_obtained":[{"floor":7,"key":"Calipers"},{"floor":11,"key":"Sundial"},{"floor":23,"key":"Whetstone"},{"floor":24,"key":"InkBottle"},{"floor":29,"key":"Peace Pipe"}],"event_choices":[{"damage_healed":0,"gold_gain":0,"player_choice":"Ignored","damage_taken":0,"max_hp_gain":0,"max_hp_loss":0,"event_name":"Ghosts","floor":21,"gold_loss":0},{"damage_healed":0,"gold_gain":0,"player_choice":"Read","damage_taken":0,"max_hp_gain":0,"max_hp_loss":0,"event_name":"The Library","floor":22,"gold_loss":0,"cards_obtained":["champ:EnragedBash"]}],"is_beta":false,"boss_relics":[{"not_picked":["Calling Bell","champ:ChampionCrownUpgraded"],"picked":"Velvet Choker"}],"items_purged_floors":[4],"is_endless":false,"potions_floor_spawned":[9,11,12,15,19,28,29],"killed_by":"Slavers","ascension_level":2}}