{"host":"e4hse1vg61zltgzv","time":1610192785,"event":{"mods":["AchievementEnabler","BaseMod","Block Reminder","Colored Map","DeckTracker","GifTheSpireLib","Minty Spire (QoL Compilation)","Rare Cards Sparkle","StSLib","SuperFastMode","everything is the same but u backflip on backflip"],"gold_per_floor":[114,39,39,9,9,53,77,77,77,147,165,90,128,146,146,237,237,262,262,262,162,162,162,195,195,271,295,295,310,350,368,368,368,368],"floor_reached":33,"playtime":1089,"items_purged":["Riddle With Holes","Heel Hook+1"],"score":707,"play_id":"b4fa5838-268f-4e85-bd92-efbe02589467","local_time":"20210109204625","is_ascension_mode":true,"campfire_choices":[{"data":"Noxious Fumes","floor":8.0,"key":"SMITH"},{"data":"Burst","floor":15.0,"key":"SMITH"},{"data":"Acrobatics","floor":23,"key":"SMITH"},{"data":"Malaise","floor":25,"key":"SMITH"},{"data":"Eviscerate","floor":32,"key":"SMITH"}],"circlet_count":0,"master_deck":["AscendersBane","Neutralize","Eviscerate+1","Malaise+1","Backflip","Deflect","Acrobatics+1","Burst+1","After Image+1","After Image+1","Leg Sweep","Blade Dance"],"relics":["Ring of the Snake","Pandora\u0027s Box","NeowsBlessing","Golden Idol","Happy Flower","Regal Pillow","Du-Vu Doll","Astrolabe","Bag of Marbles","Pear","Gremlin Horn"],"acts_visited":["Exordium","TheCity"],"potions_floor_usage":[24,30,31],"damage_taken":[{"damage":0.0,"enemies":"Small Slimes","floor":1.0,"turns":1.0},{"damage":0.0,"enemies":"Lagavulin","floor":6.0,"turns":2.0},{"damage":0.0,"enemies":"Jaw Worm","floor":7.0,"turns":1.0},{"damage":24.0,"enemies":"Gremlin Nob","floor":10.0,"turns":4.0},{"damage":0.0,"enemies":"2 Louse","floor":11.0,"turns":3.0},{"damage":34.0,"enemies":"Gremlin Nob","floor":13.0,"turns":4.0},{"damage":2.0,"enemies":"Looter","floor":14.0,"turns":3.0},{"damage":13.0,"enemies":"Slime Boss","floor":16.0,"turns":7.0},{"damage":19.0,"enemies":"2 Thieves","floor":18.0,"turns":4.0},{"damage":10,"enemies":"Gremlin Leader","floor":24,"turns":7},{"damage":0,"enemies":"3 Byrds","floor":27,"turns":4},{"damage":0,"enemies":"Snecko","floor":29,"turns":5},{"damage":44,"enemies":"Slavers","floor":30,"turns":7},{"damage":7,"enemies":"Shelled Parasite and Fungi","floor":31,"turns":4},{"damage":0,"enemies":"Champ","floor":33,"turns":4}],"seed_played":"-2482361231606736783","potions_obtained":[{"floor":10.0,"key":"Dexterity Potion"},{"floor":11.0,"key":"BlessingOfTheForge"},{"floor":18.0,"key":"Explosive Potion"},{"floor":24,"key":"LiquidBronze"},{"floor":30,"key":"Fruit Juice"}],"is_trial":false,"path_per_floor":["M","?","?","$","?","E","M","R","T","?","M","$","E","M","R","B",null,"M","?","?","$","?","R","E","R","T","M","?","M","E","M","R","B"],"character_chosen":"THE_SILENT","items_purchased":["Deflect"],"campfire_rested":0,"item_purchase_floors":[4],"current_hp_per_floor":[59,59,59,59,59,59,59,59,59,35,35,70,36,34,34,21,58,39,39,39,39,80,80,70,70,80,80,80,80,36,34,34,34,34],"gold":368,"neow_bonus":"THREE_ENEMY_KILL","is_daily":false,"chose_seed":false,"campfire_upgraded":5,"win_rate":0.0,"timestamp":1610192785,"path_taken":["M","?","?","?","?","E","?","R","T","?","M","$","E","M","R","BOSS","M","?","?","$","?","R","E","R","T","?","?","M","E","M","R","BOSS"],"items_purchased_type":["Card"],"build_version":"2020-12-22","purchased_purges":2,"victory":false,"max_hp_per_floor":[66,66,66,66,60,60,60,60,60,60,60,70,70,70,70,70,70,70,70,70,70,80,80,80,80,90,90,90,90,90,95,95,95,95],"card_choices":[{"not_picked":["Sucker Punch","Dagger Throw"],"picked":"Backflip","floor":1.0},{"not_picked":["Choke","Dagger Spray"],"picked":"Acrobatics","floor":6.0},{"not_picked":["Dodge and Roll","Outmaneuver","Accuracy"],"picked":"SKIP","floor":7.0},{"not_picked":["Endless Agony","Acrobatics","Caltrops"],"picked":"SKIP","floor":11.0},{"not_picked":["Outmaneuver","Dagger Throw"],"picked":"Burst","floor":13.0},{"not_picked":["Finisher","Endless Agony","Cloak And Dagger"],"picked":"SKIP","floor":14.0},{"not_picked":["Slice","Expertise","Prepared"],"picked":"SKIP","floor":18.0},{"not_picked":["Quick Slash","Leg Sweep","PiercingWail"],"picked":"SKIP","floor":24},{"not_picked":["Poisoned Stab","Dagger Spray","Quick Slash"],"picked":"SKIP","floor":27},{"not_picked":["Flechettes","Outmaneuver","Quick Slash"],"picked":"SKIP","floor":29},{"not_picked":["Masterful Stab","PiercingWail","Dodge and Roll"],"picked":"SKIP","floor":30},{"not_picked":["Predator","Skewer","Distraction"],"picked":"SKIP","floor":31}],"player_experience":784436,"relics_obtained":[{"floor":9.0,"key":"Happy Flower"},{"floor":10.0,"key":"Regal Pillow"},{"floor":13.0,"key":"Du-Vu Doll"},{"floor":24,"key":"Bag of Marbles"},{"floor":26,"key":"Pear"},{"floor":30,"key":"Gremlin Horn"}],"event_choices":[{"cards_removed":["Outmaneuver"],"damage_healed":0.0,"max_hp_gain":0.0,"max_hp_loss":0.0,"gold_gain":0.0,"event_name":"The Cleric","player_choice":"Card Removal","floor":2.0,"gold_loss":75.0,"damage_taken":0.0},{"damage_healed":0.0,"max_hp_gain":0.0,"max_hp_loss":0.0,"gold_gain":0.0,"event_name":"Liars Game","player_choice":"Ignored","floor":3.0,"gold_loss":0.0,"damage_taken":0.0},{"damage_healed":0.0,"max_hp_gain":0.0,"max_hp_loss":6.0,"gold_gain":0.0,"event_name":"Golden Idol","player_choice":"Lose Max HP","floor":5.0,"gold_loss":0.0,"damage_taken":0.0,"relics_obtained":["Golden Idol"]},{"damage_healed":0.0,"max_hp_gain":0.0,"max_hp_loss":0.0,"gold_gain":0.0,"event_name":"Dead Adventurer","player_choice":"Searched \u00272\u0027 times","floor":10.0,"gold_loss":0.0,"damage_taken":0.0},{"cards_removed":["Storm of Steel"],"damage_healed":25.0,"max_hp_gain":10.0,"max_hp_loss":0.0,"gold_gain":0.0,"event_name":"Bonfire Elementals","player_choice":"Offered Rare","floor":12.0,"gold_loss":0.0,"damage_taken":0.0},{"damage_healed":0.0,"max_hp_gain":0.0,"max_hp_loss":0.0,"gold_gain":0.0,"event_name":"The Mausoleum","player_choice":"Ignored","floor":19.0,"gold_loss":0.0,"damage_taken":0.0},{"cards_removed":["Endless Agony"],"damage_healed":0,"gold_gain":0,"player_choice":"Elegance","damage_taken":0,"max_hp_gain":0,"max_hp_loss":0,"event_name":"Back to Basics","floor":20,"gold_loss":0},{"damage_healed":0,"gold_gain":0,"player_choice":"Copied","damage_taken":0,"max_hp_gain":0,"max_hp_loss":0,"event_name":"Duplicator","floor":22,"gold_loss":0,"cards_obtained":["After Image"]},{"cards_removed":["Malaise"],"damage_healed":31,"gold_gain":0,"player_choice":"Offered Rare","damage_taken":0,"max_hp_gain":10,"max_hp_loss":0,"event_name":"Bonfire Elementals","floor":22,"gold_loss":0},{"damage_healed":0,"gold_gain":0,"cards_transformed":["Deadly Poison","Noxious Fumes"],"player_choice":"Became Test Subject","damage_taken":0,"max_hp_gain":0,"max_hp_loss":0,"event_name":"Drug Dealer","floor":28,"gold_loss":0,"cards_obtained":["Leg Sweep","Blade Dance"]}],"is_beta":false,"boss_relics":[{"not_picked":["HoveringKite","Snecko Eye"],"picked":"Astrolabe"}],"items_purged_floors":[12,21],"is_endless":false,"potions_floor_spawned":[10,11,14,18,24,30],"killed_by":"Champ","ascension_level":20}}