{"host":"ixbvfs3so5a39bhe","time":1610176195,"event":{"mods":["BaseMod","Downfall","Minty Spire (QoL Compilation)","Quick Restart","StSLib"],"gold_per_floor":[113,113,127,127,127,161,180,180,203,229,229,248,262,272,272,272,272],"floor_reached":16,"playtime":512,"items_purged":[],"score":151,"play_id":"b7109758-c32e-42a5-a171-f42466532162","local_time":"20210109150955","is_ascension_mode":true,"campfire_choices":[{"data":"Armaments","floor":8,"key":"SMITH"},{"floor":15,"key":"RECALL"}],"circlet_count":0,"master_deck":["Strike_R","Strike_R","Strike_R","Strike_R","Strike_R","Defend_R","Defend_R","Defend_R","Defend_R","Dual Wield","Armaments+1","Regret"],"relics":["Burning Blood","NeowsBlessing","Regal Pillow","Bag of Preparation","Turnip"],"acts_visited":["Exordium"],"potions_floor_usage":[10,14],"damage_taken":[{"damage":0.0,"enemies":"Small Slimes","floor":1.0,"turns":1.0},{"damage":0.0,"enemies":"2 Louse","floor":3.0,"turns":1.0},{"damage":0,"enemies":"Lagavulin","floor":6,"turns":2},{"damage":9,"enemies":"Jaw Worm","floor":7,"turns":4},{"damage":50,"enemies":"Gremlin Nob","floor":10,"turns":7},{"damage":14,"enemies":"Blue Slaver","floor":12,"turns":5},{"damage":10,"enemies":"2 Fungi Beasts","floor":13,"turns":3},{"damage":26,"enemies":"Lots of Slimes","floor":14,"turns":4},{"damage":29,"enemies":"The Guardian","floor":16,"turns":2}],"seed_played":"-1977468990278214526","potions_obtained":[{"floor":1.0,"key":"FairyPotion"},{"floor":3.0,"key":"Block Potion"},{"floor":10,"key":"champ:CounterPotion"},{"floor":14,"key":"SkillPotion"}],"is_trial":false,"path_per_floor":["M","?","M","$","?","E","M","R","T","E","?","M","M","M","R","B"],"character_chosen":"IRONCLAD","items_purchased":[],"campfire_rested":0,"item_purchase_floors":[],"current_hp_per_floor":[80,73,79,79,79,80,77,77,77,33,33,25,21,28,28,0,0],"gold":272,"neow_bonus":"THREE_ENEMY_KILL","is_daily":false,"chose_seed":false,"campfire_upgraded":1,"win_rate":0.0,"timestamp":1610176195,"path_taken":["M","?","M","$","?","E","M","R","T","E","?","M","?","M","R","BOSS"],"items_purchased_type":[],"build_version":"2020-12-22","purchased_purges":0,"victory":false,"max_hp_per_floor":[80,80,80,80,80,80,80,80,80,80,80,80,80,80,80,80,80],"card_choices":[{"not_picked":["Sword Boomerang","Blood for Blood"],"picked":"Dual Wield","floor":1.0},{"not_picked":["Seeing Red","Ghostly Armor","Heavy Blade"],"picked":"SKIP","floor":3.0},{"not_picked":["Pommel Strike","Body Slam"],"picked":"Armaments","floor":6},{"not_picked":["Combust","Exhume","Hemokinesis"],"picked":"SKIP","floor":7},{"not_picked":["Hemokinesis","Clothesline","Pummel"],"picked":"SKIP","floor":10},{"not_picked":["Headbutt","Clothesline","Rupture"],"picked":"SKIP","floor":12},{"not_picked":["Flex","Headbutt","Blood for Blood"],"picked":"SKIP","floor":13},{"not_picked":["Flex","Havoc","Pommel Strike"],"picked":"SKIP","floor":14}],"player_experience":149397,"relics_obtained":[{"floor":6,"key":"Regal Pillow"},{"floor":10,"key":"Bag of Preparation"}],"event_choices":[{"cards_removed":["Bash"],"damage_healed":0.0,"max_hp_gain":0.0,"max_hp_loss":0.0,"gold_gain":0.0,"event_name":"Golden Wing","player_choice":"Card Removal","floor":2.0,"gold_loss":0.0,"damage_taken":7.0},{"damage_healed":0,"gold_gain":0,"player_choice":"Ignored","damage_taken":0,"max_hp_gain":0,"max_hp_loss":0,"event_name":"Shining Light","floor":5,"gold_loss":0},{"damage_healed":0,"gold_gain":0,"player_choice":"Box","damage_taken":0,"relics_obtained":["Turnip"],"max_hp_gain":0,"max_hp_loss":0,"event_name":"Big Fish","floor":11,"gold_loss":0,"cards_obtained":["Regret"]}],"is_beta":false,"boss_relics":[],"items_purged_floors":[],"is_endless":false,"potions_floor_spawned":[1,3,10,14],"killed_by":"The Guardian","ascension_level":2}}