{"host":"idmgg8r816nmas40","time":1610153573,"event":{"mods":["AchievementEnabler","AlwaysNeverKeys","BaseMod","BetterRewards","Block Reminder","Colored Map","Colored Powertips","DeckTracker","Googly Eyes","Highlight Path","Hubris","Infinite Spire","Minty Spire (QoL Compilation)","Quick Restart","Relic Stats","Replay The Spire","Shop Mod","StSLib","SuperFastMode","Synergy Search","Transform Curses"],"gold_per_floor":[136,101,149,184,184,280,307,307,307,333,333,400,400,451,451,632,632,700,287,340,340,340,340,418,88,88,88,119,176,176,224,224,408,408,451,514,514,565,610,620,620],"floor_reached":40,"playtime":1602,"items_purged":[],"score":833,"play_id":"7d71afda-799e-4608-a541-af5a4f1eee7d","local_time":"20210108175253","is_ascension_mode":true,"campfire_choices":[{"data":"Eruption","floor":8,"key":"SMITH"},{"floor":13,"key":"REST"},{"data":"LikeWater","floor":15,"key":"SMITH"},{"data":"DevaForm","floor":23,"key":"SMITH"},{"floor":32,"key":"REST"}],"circlet_count":0,"master_deck":["AscendersBane","Strike_P","Strike_P","Strike_P","Strike_P","Defend_P","Defend_P","Defend_P","Eruption+1","Vigilance","Halt+1","Protect","Crescendo","MentalFortress","LikeWater+1","Consecrate","BowlingBash","DevaForm+1","FollowUp","MentalFortress","BowlingBash","PathToVictory+1","Tantrum","Wallop","Crescendo+1","BattleHymn+1","ReachHeaven","Replay:LoomingThreat","Replay:BluntJabs+1","WindmillStrike","Perseverance","Wish","FlyingSleeves","BowlingBash","hubris:InfiniteBlow","Replay:LoomingThreat","Parasite"],"relics":["PureWater","Replay:Ringing Soul","Sling","Replay:Bandana","OrangePellets","Vajra","Pet Ghost","hubris:MobiusCoin","hubris:Potato","PreservedInsect","hubris:TerracottaHorce","infinitespire:CheckeredPen","MutagenicStrength","Unceasing Top","Centennial Puzzle","Orrery","MealTicket","Regal Pillow","Ring of Chaos"],"acts_visited":["Exordium","TheCity","TheBeyond"],"potions_floor_usage":[6,14,16,18,29,38],"damage_taken":[{"damage":6,"enemies":"2 Louse","floor":1,"turns":2},{"damage":9,"enemies":"Jaw Worm","floor":3,"turns":5},{"damage":0,"enemies":"Small Slimes","floor":4,"turns":3},{"damage":20,"enemies":"3 Sentries","floor":6,"turns":6},{"damage":4,"enemies":"3 Louse","floor":10,"turns":4},{"damage":6,"enemies":"Lagavulin","floor":12,"turns":4},{"damage":12,"enemies":"Gremlin Nob","floor":14,"turns":3},{"damage":32,"enemies":"The Guardian","floor":16,"turns":10},{"damage":12,"enemies":"Shell Parasite","floor":18,"turns":5},{"damage":7,"enemies":"Chosen","floor":20,"turns":3},{"damage":42,"enemies":"Nightmare","floor":24,"turns":4},{"damage":16,"enemies":"Snake Plant","floor":28,"turns":2},{"damage":1,"enemies":"Gremlin Leader","floor":29,"turns":2},{"damage":0,"enemies":"Snecko","floor":31,"turns":2},{"damage":54,"enemies":"Automaton","floor":33,"turns":5},{"damage":17,"enemies":"Orb Walker","floor":35,"turns":2},{"damage":8,"enemies":"3 Shapes","floor":36,"turns":4},{"damage":26,"enemies":"3 Darklings","floor":38,"turns":2},{"damage":19,"enemies":"Writhing Mass","floor":39,"turns":5},{"damage":50,"enemies":"R_Hoarder","floor":40,"turns":2}],"seed_played":"-8622099508344029296","potions_obtained":[{"floor":4,"key":"AttackPotion"},{"floor":6,"key":"Block Potion"},{"floor":12,"key":"SpeedPotion"},{"floor":14,"key":"ColorlessPotion"},{"floor":16,"key":"AttackPotion"},{"floor":24,"key":"Fire Potion"},{"floor":33,"key":"Strength Potion"},{"floor":39,"key":"LiquidBronze"}],"is_trial":false,"path_per_floor":["M","?","M","M","?","E","T","R","T","M","?","E","R","E","R","B",null,"M","$","M","?","?","R","NM","$","T","?","M","E","?","M","R","B",null,"M","M","?","M","M","E"],"character_chosen":"WATCHER","items_purchased":["Replay:Ringing Soul","Sling","Halt+1","Replay:Bandana","OrangePellets","infinitespire:CheckeredPen","MentalFortress","BowlingBash","Centennial Puzzle","Orrery"],"campfire_rested":2,"item_purchase_floors":[0,0,0,0,0,19,19,19,25,25],"current_hp_per_floor":[65,78,72,75,75,58,58,58,58,54,54,51,78,69,69,40,82,73,76,72,72,72,72,33,36,36,36,23,25,25,28,79,28,99,85,80,52,29,13,0,0],"gold":620,"neow_bonus":"","is_daily":false,"chose_seed":false,"campfire_upgraded":3,"win_rate":0.0,"timestamp":1610153573,"path_taken":["M","?","M","M","?","E","?","R","T","M","?","E","R","E","R","BOSS","M","$","?","?","?","R","NM","$","T","?","?","E","?","M","R","BOSS","M","?","?","M","M","E"],"items_purchased_type":["Relic","Relic","Card","Relic","Relic","Relic","Card","Card","Relic","Relic"],"build_version":"2020-12-22","purchased_purges":0,"victory":false,"max_hp_per_floor":[78,78,81,84,84,87,87,87,87,87,87,90,90,93,93,96,96,99,102,105,105,105,105,108,111,111,111,114,117,117,120,120,123,123,126,129,132,135,138,138,138],"relic_stats":{"OrangePellets":[10],"Centennial Puzzle":[21],"Regal Pillow":15,"counters":[20,75],"MealTicket":0,"PreservedInsect":200,"obtain_stats":[{"hubris:MobiusCoin":9,"Regal Pillow":29,"Vajra":6,"PreservedInsect":14,"Ring of Chaos":34,"infinitespire:CheckeredPen":19,"Sling":0,"Pet Ghost":7,"hubris:TerracottaHorce":17,"Replay:Ringing Soul":0,"OrangePellets":0,"Replay:Bandana":0,"Centennial Puzzle":25,"MutagenicStrength":21,"Orrery":25,"MealTicket":26,"PureWater":0,"hubris:Potato":12,"Unceasing Top":24},{"hubris:MobiusCoin":4,"Regal Pillow":13,"Vajra":4,"PreservedInsect":7,"Ring of Chaos":15,"infinitespire:CheckeredPen":9,"Sling":0,"Pet Ghost":4,"hubris:TerracottaHorce":8,"Replay:Ringing Soul":0,"OrangePellets":0,"Replay:Bandana":0,"Centennial Puzzle":11,"MutagenicStrength":10,"Orrery":11,"MealTicket":11,"PureWater":0,"hubris:Potato":6,"Unceasing Top":11},{"hubris:MobiusCoin":16,"Regal Pillow":53,"Vajra":16,"PreservedInsect":27,"Ring of Chaos":60,"infinitespire:CheckeredPen":42,"Sling":0,"Pet Ghost":16,"hubris:TerracottaHorce":37,"Replay:Ringing Soul":0,"OrangePellets":0,"Replay:Bandana":0,"Centennial Puzzle":49,"MutagenicStrength":45,"Orrery":49,"MealTicket":49,"PureWater":0,"hubris:Potato":24,"Unceasing Top":49}],"Unceasing Top":[0]},"card_choices":[{"not_picked":["SandsOfTime","CutThroughFate"],"picked":"Protect","floor":1},{"not_picked":["ClearTheMind","Fasting2"],"picked":"Crescendo","floor":3},{"not_picked":["BowlingBash","Halt"],"picked":"MentalFortress","floor":4},{"not_picked":["ClearTheMind","ThirdEye"],"picked":"LikeWater","floor":6},{"not_picked":["Replay:AllIn","ThirdEye","Replay:ManipulateFuture"],"picked":"SKIP","floor":10},{"not_picked":["FlurryOfBlows","Halt"],"picked":"Consecrate","floor":12},{"not_picked":["Replay:DivineShield","Replay:Vibes"],"picked":"BowlingBash","floor":14},{"not_picked":["Replay:LoomingThreat","Vault"],"picked":"DevaForm","floor":16},{"not_picked":["Replay:AtTheReady","Crescendo"],"picked":"FollowUp","floor":18},{"not_picked":["ConjureBlade","Study"],"picked":"PathToVictory+1","floor":20},{"not_picked":["Replay:ManipulateFuture","WaveOfTheHand"],"picked":"Tantrum","floor":24},{"not_picked":["CutThroughFate","Weave"],"picked":"Wallop","floor":25},{"not_picked":["SignatureMove","ConjureBlade"],"picked":"Crescendo+1","floor":25},{"not_picked":["PathToVictory+1","CutThroughFate"],"picked":"BattleHymn+1","floor":25},{"not_picked":["Replay:ManipulateFuture","Worship"],"picked":"ReachHeaven","floor":25},{"not_picked":["EmptyFist","Swivel"],"picked":"Replay:LoomingThreat","floor":25},{"not_picked":["WreathOfFlame","FollowUp"],"picked":"Replay:BluntJabs+1","floor":28},{"not_picked":["Prostrate","Vengeance"],"picked":"WindmillStrike","floor":29},{"not_picked":["JustLucky","Replay:ManipulateFuture"],"picked":"Perseverance","floor":31},{"not_picked":["DeusExMachina","Blasphemy"],"picked":"Wish","floor":33},{"not_picked":["Worship","SandsOfTime"],"picked":"FlyingSleeves","floor":35},{"not_picked":["FollowUp","Prostrate"],"picked":"BowlingBash","floor":36},{"not_picked":["infinitespire:Gouge","Replay:Fractal Strike"],"picked":"hubris:InfiniteBlow","floor":37},{"not_picked":["BattleHymn","CrushJoints"],"picked":"Replay:LoomingThreat","floor":38},{"not_picked":["Meditate","Wallop+1","Replay:Vibes"],"picked":"SKIP","floor":39}],"player_experience":1065063,"relics_obtained":[{"floor":6,"key":"Vajra"},{"floor":7,"key":"Pet Ghost"},{"floor":9,"key":"hubris:MobiusCoin"},{"floor":12,"key":"hubris:Potato"},{"floor":14,"key":"PreservedInsect"},{"floor":24,"key":"Unceasing Top"},{"floor":26,"key":"MealTicket"},{"floor":29,"key":"Regal Pillow"}],"event_choices":[{"damage_healed":19,"gold_gain":0,"player_choice":"Healed","damage_taken":0,"max_hp_gain":0,"max_hp_loss":0,"event_name":"The Cleric","floor":2,"gold_loss":35},{"damage_healed":0,"gold_gain":0,"player_choice":"Ignored","damage_taken":0,"max_hp_gain":0,"max_hp_loss":0,"event_name":"Golden Wing","floor":5,"gold_loss":0},{"cards_removed":["Defend_P"],"damage_healed":0,"gold_gain":0,"player_choice":"Purged","damage_taken":0,"max_hp_gain":0,"max_hp_loss":0,"event_name":"Purifier","floor":11,"gold_loss":0},{"damage_healed":0,"gold_gain":0,"player_choice":"Inject Mutagens","damage_taken":0,"relics_obtained":["MutagenicStrength"],"max_hp_gain":0,"max_hp_loss":0,"event_name":"Drug Dealer","floor":21,"gold_loss":0},{"damage_healed":0,"gold_gain":0,"player_choice":"0 cards matched","damage_taken":0,"max_hp_gain":0,"max_hp_loss":0,"event_name":"Match and Keep!","floor":30,"gold_loss":0,"cards_obtained":[]}],"is_beta":false,"boss_relics":[{"not_picked":["Velvet Choker","Busted Crown"],"picked":"hubris:TerracottaHorce"},{"not_picked":["SlaversCollar","hubris:BlackHole"],"picked":"Ring of Chaos"}],"items_purged_floors":[],"is_endless":false,"potions_floor_spawned":[4,6,12,14,16,24,33,35,39],"killed_by":"R_Hoarder","ascension_level":13}}