{"host":"k85tjwrh7mjrrc9a","time":1610228939,"event":{"mods":["AchievementEnabler","BaseMod","Colored Powertips","Highlight Path","Minty Spire (QoL Compilation)","Rare Cards Sparkle","StSLib"],"gold_per_floor":[119,135,135,135,152,152,168,168,168,168,199,215,215,215,215,312,312,328,328,344,360,275,275,310,310,310,310,326,326,98,109,109,213,213,227,127,182,200,114,114,114,128,128,128,142,155,155,169,169,169],"floor_reached":51,"playtime":4631,"items_purged":["Defend_P","Defend_P"],"score":597,"play_id":"d5735bbd-37bc-41ca-b965-f752f12bd216","local_time":"20210109164859","is_ascension_mode":false,"campfire_choices":[{"data":"Eruption","floor":6,"key":"SMITH"},{"data":"EmptyMind","floor":8,"key":"SMITH"},{"data":"CrushJoints","floor":10,"key":"SMITH"},{"data":"Evaluate","floor":13,"key":"SMITH"},{"data":"SandsOfTime","floor":15,"key":"SMITH"},{"data":"Collect","floor":23,"key":"SMITH"},{"data":"Study","floor":27,"key":"SMITH"},{"data":"Evaluate","floor":32,"key":"SMITH"},{"floor":40,"key":"REST"},{"floor":47,"key":"REST"},{"floor":49,"key":"REST"}],"circlet_count":0,"master_deck":["Strike_P","Strike_P","Defend_P","Eruption+1","Vigilance","SandsOfTime+1","EmptyMind+1","CrushJoints+1","SandsOfTime","Evaluate+1","Scrawl","Collect+1","Study+1","Writhe","Evaluate+1","CrushJoints","WindmillStrike","JustLucky","Writhe","WaveOfTheHand+1"],"relics":["PureWater","White Beast Statue","Pantograph","HornCleat","Nunchaku","Empty Cage","Regal Pillow","Red Mask","Lantern","Blue Candle","Melange","Philosopher\u0027s Stone","GoldenEye","The Courier"],"acts_visited":["Exordium","TheCity","TheBeyond"],"potions_floor_usage":[7,16,24,33,33,33,37,37,38,42,46,46,50,50],"damage_taken":[{"damage":1,"enemies":"2 Louse","floor":1,"turns":2},{"damage":12,"enemies":"Jaw Worm","floor":2,"turns":5},{"damage":6,"enemies":"Cultist","floor":5,"turns":3},{"damage":0,"enemies":"Blue Slaver","floor":7,"turns":2},{"damage":5,"enemies":"Lagavulin","floor":11,"turns":5},{"damage":0,"enemies":"Looter","floor":12,"turns":3},{"damage":12,"enemies":"The Guardian","floor":16,"turns":5},{"damage":2,"enemies":"Shell Parasite","floor":18,"turns":7},{"damage":10,"enemies":"Spheric Guardian","floor":20,"turns":4},{"damage":23,"enemies":"3 Cultists","floor":21,"turns":5},{"damage":6,"enemies":"Masked Bandits","floor":24,"turns":3},{"damage":12,"enemies":"Snake Plant","floor":28,"turns":4},{"damage":2,"enemies":"Chosen and Byrds","floor":31,"turns":4},{"damage":24,"enemies":"Automaton","floor":33,"turns":9},{"damage":4,"enemies":"Orb Walker","floor":35,"turns":4},{"damage":73,"enemies":"2 Orb Walkers","floor":37,"turns":7},{"damage":0,"enemies":"3 Shapes","floor":38,"turns":4},{"damage":14,"enemies":"Transient","floor":42,"turns":5},{"damage":42,"enemies":"4 Shapes","floor":45,"turns":7},{"damage":2,"enemies":"3 Darklings","floor":46,"turns":4},{"damage":25,"enemies":"Spire Growth","floor":48,"turns":6},{"damage":55,"enemies":"Awakened One","floor":50,"turns":15}],"seed_played":"-2148304876640853932","potions_obtained":[{"floor":1,"key":"Fire Potion"},{"floor":2,"key":"ColorlessPotion"},{"floor":5,"key":"Regen Potion"},{"floor":7,"key":"Fire Potion"},{"floor":11,"key":"Dexterity Potion"},{"floor":16,"key":"Ancient Potion"},{"floor":21,"key":"GamblersBrew"},{"floor":24,"key":"StancePotion"},{"floor":28,"key":"LiquidMemories"},{"floor":31,"key":"DuplicationPotion"},{"floor":33,"key":"Weak Potion"},{"floor":35,"key":"AttackPotion"},{"floor":37,"key":"FearPotion"},{"floor":38,"key":"ColorlessPotion"},{"floor":42,"key":"LiquidBronze"},{"floor":45,"key":"Dexterity Potion"},{"floor":46,"key":"Explosive Potion"},{"floor":48,"key":"Fire Potion"}],"is_trial":false,"path_per_floor":["M","M","$","?","M","R","M","R","T","R","E","M","R","T","R","B",null,"M","?","M","M","?","R","?","?","T","R","M","?","$","M","R","B",null,"M","$","?","M","$","R","?","M","T","?","M","M","R","M","R","B",null],"character_chosen":"WATCHER","items_purchased":["Melange","WindmillStrike","JustLucky"],"campfire_rested":3,"item_purchase_floors":[30,39,39],"current_hp_per_floor":[78,66,66,59,53,53,53,53,53,53,48,48,48,48,48,61,79,77,77,67,44,44,44,38,38,38,38,26,26,26,24,24,25,79,75,75,2,2,2,40,60,46,46,46,4,2,40,15,53,23],"gold":169,"neow_bonus":"TEN_PERCENT_HP_BONUS","is_daily":false,"chose_seed":false,"campfire_upgraded":8,"win_rate":0.0,"timestamp":1610228939,"path_taken":["M","M","$","?","M","R","M","R","T","R","E","M","R","?","R","BOSS","M","?","?","M","?","R","?","?","T","R","M","?","$","M","R","BOSS","M","$","?","M","$","R","?","M","T","?","?","?","R","M","R","BOSS"],"items_purchased_type":["Relic","Card","Card"],"build_version":"2020-12-22","purchased_purges":2,"victory":true,"max_hp_per_floor":[79,79,79,79,79,79,79,79,79,79,79,79,79,79,79,79,79,79,79,79,79,79,79,79,79,79,79,79,79,79,79,79,79,79,79,79,79,79,79,79,79,79,79,79,79,79,79,79,79,79],"card_choices":[{"not_picked":["Fasting2","CrushJoints"],"picked":"SandsOfTime","floor":1},{"not_picked":["EmptyBody","Protect"],"picked":"EmptyMind","floor":2},{"not_picked":["PathToVictory","EmptyBody"],"picked":"CrushJoints","floor":5},{"not_picked":["Crescendo","Wallop"],"picked":"SandsOfTime","floor":7},{"not_picked":["ClearTheMind","Halt"],"picked":"Evaluate","floor":11},{"not_picked":["Prostrate","Protect","Conclude"],"picked":"SKIP","floor":12},{"not_picked":["ConjureBlade","LessonLearned"],"picked":"Scrawl","floor":16},{"not_picked":["BattleHymn","TalkToTheHand+1","SignatureMove"],"picked":"SKIP","floor":18},{"not_picked":["PathToVictory","Prostrate","ClearTheMind+1"],"picked":"SKIP","floor":20},{"not_picked":["EmptyFist","ClearTheMind"],"picked":"Collect","floor":21},{"not_picked":["Worship","Prostrate"],"picked":"Study","floor":24},{"not_picked":["Crescendo","Weave"],"picked":"Evaluate","floor":28},{"not_picked":["Meditate+1","Crescendo+1","Study+1"],"picked":"SKIP","floor":31},{"not_picked":["ConjureBlade","LessonLearned"],"picked":"MasterReality","floor":33},{"not_picked":["CrushJoints+1","EmptyFist","FollowUp"],"picked":"SKIP","floor":35},{"not_picked":["Fasting2+1","WheelKick"],"picked":"CrushJoints","floor":37},{"not_picked":["ThirdEye+1","Meditate+1","Sanctity+1"],"picked":"SKIP","floor":38},{"not_picked":["CutThroughFate+1","WindmillStrike"],"picked":"WaveOfTheHand+1","floor":42},{"not_picked":["FlyingSleeves","ReachHeaven","Halt"],"picked":"SKIP","floor":45},{"not_picked":["Study+1","EmptyFist","ThirdEye"],"picked":"SKIP","floor":46},{"not_picked":["EmptyBody","ClearTheMind+1","Halt+1"],"picked":"SKIP","floor":48}],"player_experience":174185,"relics_obtained":[{"floor":9,"key":"Pantograph"},{"floor":11,"key":"HornCleat"},{"floor":14,"key":"Nunchaku"},{"floor":24,"key":"Red Mask"},{"floor":26,"key":"Blue Candle"},{"floor":37,"key":"GoldenEye"},{"floor":43,"key":"The Courier"}],"event_choices":[{"damage_healed":0,"gold_gain":0,"player_choice":"Success","damage_taken":7,"relics_obtained":["White Beast Statue"],"max_hp_gain":0,"max_hp_loss":0,"event_name":"Scrap Ooze","floor":4,"gold_loss":0},{"cards_removed":["Defend_P"],"damage_healed":0,"gold_gain":0,"player_choice":"Offered Basic","damage_taken":0,"max_hp_gain":0,"max_hp_loss":0,"event_name":"Bonfire Elementals","floor":19,"gold_loss":0},{"damage_healed":0,"gold_gain":0,"player_choice":"Obtained Relic","damage_taken":0,"relics_obtained":["Regal Pillow"],"max_hp_gain":0,"max_hp_loss":0,"event_name":"Addict","floor":22,"gold_loss":85},{"damage_healed":0,"gold_gain":0,"player_choice":"Fought Bandits","damage_taken":0,"max_hp_gain":0,"max_hp_loss":0,"event_name":"Masked Bandits","floor":24,"gold_loss":0},{"damage_healed":0,"gold_gain":0,"player_choice":"Opened","damage_taken":0,"relics_obtained":["Lantern"],"max_hp_gain":0,"max_hp_loss":0,"event_name":"The Mausoleum","floor":25,"gold_loss":0,"cards_obtained":["Writhe"]},{"damage_healed":0,"gold_gain":0,"player_choice":"Ignored","damage_taken":0,"max_hp_gain":0,"max_hp_loss":0,"event_name":"Vampires","floor":29,"gold_loss":0},{"damage_healed":0,"gold_gain":0,"player_choice":"Fight","damage_taken":0,"max_hp_gain":0,"max_hp_loss":0,"event_name":"Mysterious Sphere","floor":37,"gold_loss":0},{"damage_healed":20,"gold_gain":0,"player_choice":"Writhe","damage_taken":0,"max_hp_gain":0,"max_hp_loss":0,"event_name":"Winding Halls","floor":41,"gold_loss":0,"cards_obtained":["Writhe"]},{"cards_removed":["MasterReality"],"damage_healed":0,"gold_gain":0,"player_choice":"Removed Power","damage_taken":0,"max_hp_gain":0,"max_hp_loss":0,"event_name":"Falling","floor":44,"gold_loss":0}],"is_beta":false,"boss_relics":[{"not_picked":["HolyWater","Ectoplasm"],"picked":"Empty Cage"},{"not_picked":["SacredBark","Sozu"],"picked":"Philosopher\u0027s Stone"}],"items_purged_floors":[30,36],"is_endless":false,"potions_floor_spawned":[1,2,5,7,11,12,16,18,20,21,24,28,31,33,35,37,38,42,45,46,48],"ascension_level":0}}