{"host":"hfxp6ue4pvwo3fit","time":1610186856,"event":{"mods":["AchievementEnabler","BaseMod","Colored Map","Colored Powertips","Highlight Path","Minty Spire (QoL Compilation)","Relic Stats","StSLib","SuperFastMode"],"gold_per_floor":[119,119,119,10,10,10,40,40,40,40,75,75,100,100,100,171,171,188,206,131,131,144,172,172,172,172],"floor_reached":25,"playtime":767,"items_purged":[],"score":466,"play_id":"5749e759-6cda-4d7d-a538-9f9512c3ff65","local_time":"20210109040736","is_ascension_mode":true,"campfire_choices":[{"floor":6,"key":"REST"},{"data":"Calculated Gamble","floor":8,"key":"SMITH"},{"floor":12,"key":"REST"},{"data":"Neutralize","floor":15,"key":"SMITH"},{"floor":24,"key":"REST"}],"circlet_count":0,"master_deck":["AscendersBane","Strike_G","Strike_G","Strike_G","Defend_G","Defend_G+1","Defend_G+1","Defend_G+1","Defend_G","Survivor+1","Neutralize+1","CurseOfTheBell","Calculated Gamble+1","Quick Slash","Leg Sweep+1","Dagger Throw","Escape Plan","Envenom+1","Backflip","Acrobatics","Wraith Form v2+1"],"relics":["Calling Bell","War Paint","Tingsha","Du-Vu Doll","Frozen Egg 2","Mercury Hourglass","Pen Nib","Paper Crane","HoveringKite","Nloth\u0027s Gift","White Beast Statue"],"acts_visited":["Exordium","TheCity"],"potions_floor_usage":[7,16,16,25,25],"damage_taken":[{"damage":10,"enemies":"Small Slimes","floor":1,"turns":4},{"damage":19,"enemies":"Lagavulin","floor":7,"turns":9},{"damage":22,"enemies":"3 Sentries","floor":11,"turns":7},{"damage":4,"enemies":"Lagavulin","floor":13,"turns":6},{"damage":20,"enemies":"Hexaghost","floor":16,"turns":11},{"damage":13,"enemies":"Chosen","floor":18,"turns":5},{"damage":4,"enemies":"3 Byrds","floor":19,"turns":5},{"damage":0,"enemies":"Snake Plant","floor":22,"turns":5},{"damage":25,"enemies":"Gremlin Leader","floor":23,"turns":6},{"damage":45,"enemies":"Slavers","floor":25,"turns":6}],"seed_played":"-1592828391153814991","potions_obtained":[{"floor":7,"key":"LiquidMemories"},{"floor":11,"key":"GhostInAJar"},{"floor":16,"key":"Block Potion"},{"floor":22,"key":"SkillPotion"}],"is_trial":false,"path_per_floor":["M","?","?","$","?","R","E","R","T","?","E","R","E","?","R","B",null,"M","M","?","?","M","E","R","E"],"character_chosen":"THE_SILENT","items_purchased":["Quick Slash","Regen Potion"],"campfire_rested":3,"item_purchase_floors":[4,4],"current_hp_per_floor":[49,29,11,11,4,23,19,19,19,41,19,38,34,34,34,14,53,40,36,36,36,36,11,30,0,0],"gold":172,"neow_bonus":"BOSS_RELIC","is_daily":false,"chose_seed":false,"campfire_upgraded":2,"win_rate":0.0,"timestamp":1610186856,"path_taken":["M","?","?","$","?","R","E","R","T","?","E","R","E","?","R","BOSS","M","M","?","?","?","E","R","E"],"items_purchased_type":["Card","Potion"],"build_version":"2020-12-22","purchased_purges":0,"victory":false,"max_hp_per_floor":[66,66,66,66,66,66,66,66,66,66,66,66,66,66,66,66,66,66,66,66,66,66,66,66,66,66],"relic_stats":{"counters":[10,64],"HoveringKite":[20],"Tingsha":[277],"Pen Nib":[6],"Nloth\u0027s Gift":1,"War Paint":["Defend_G","Survivor"],"obtain_stats":[{"Darkstone Periapt":0,"HoveringKite":17,"Tingsha":0,"Pen Nib":11,"War Paint":0,"Frozen Egg 2":7,"Paper Crane":13,"White Beast Statue":23,"Mercury Hourglass":9,"Calling Bell":0,"Du-Vu Doll":3,"Nloth\u0027s Gift":21,"Ring of the Snake":0},{"Darkstone Periapt":0,"HoveringKite":5,"Tingsha":0,"Pen Nib":3,"War Paint":0,"Frozen Egg 2":2,"Paper Crane":4,"White Beast Statue":9,"Mercury Hourglass":2,"Calling Bell":0,"Du-Vu Doll":1,"Nloth\u0027s Gift":7,"Ring of the Snake":0},{"Darkstone Periapt":0,"HoveringKite":37,"Tingsha":0,"Pen Nib":20,"War Paint":0,"Frozen Egg 2":13,"Paper Crane":26,"White Beast Statue":58,"Mercury Hourglass":13,"Calling Bell":0,"Du-Vu Doll":4,"Nloth\u0027s Gift":47,"Ring of the Snake":0}],"Mercury Hourglass":[251]},"card_choices":[{"not_picked":["Underhanded Strike","Sucker Punch"],"picked":"Calculated Gamble","floor":1},{"not_picked":["Masterful Stab","Escape Plan"],"picked":"Leg Sweep","floor":7},{"not_picked":["Prepared","Concentrate"],"picked":"Dagger Throw","floor":11},{"not_picked":["Skewer","Poisoned Stab"],"picked":"Escape Plan","floor":13},{"not_picked":["Die Die Die","A Thousand Cuts+1"],"picked":"Envenom+1","floor":16},{"not_picked":["Dagger Spray","Sucker Punch"],"picked":"Backflip","floor":18},{"not_picked":["Dodge and Roll","Dagger Spray","Finisher+1"],"picked":"SKIP","floor":19},{"not_picked":["Eviscerate+1","Bane"],"picked":"Acrobatics","floor":22},{"not_picked":["A Thousand Cuts+1","Skewer"],"picked":"Wraith Form v2+1","floor":23}],"player_experience":492904,"relics_obtained":[{"floor":0,"key":"War Paint"},{"floor":0,"key":"Darkstone Periapt"},{"floor":0,"key":"Tingsha"},{"floor":7,"key":"Frozen Egg 2"},{"floor":9,"key":"Mercury Hourglass"},{"floor":11,"key":"Pen Nib"},{"floor":13,"key":"Paper Crane"},{"floor":23,"key":"White Beast Statue"}],"event_choices":[{"damage_healed":0,"gold_gain":0,"player_choice":"Entered Light","damage_taken":20,"max_hp_gain":0,"max_hp_loss":0,"event_name":"Shining Light","floor":2,"gold_loss":0,"cards_upgraded":["Defend_G","Defend_G"]},{"damage_healed":0,"gold_gain":0,"player_choice":"Success","damage_taken":18,"relics_obtained":["Du-Vu Doll"],"max_hp_gain":0,"max_hp_loss":0,"event_name":"Scrap Ooze","floor":3,"gold_loss":0},{"cards_removed":["Strike_G"],"damage_healed":0,"gold_gain":0,"player_choice":"Card Removal","damage_taken":7,"max_hp_gain":0,"max_hp_loss":0,"event_name":"Golden Wing","floor":5,"gold_loss":0},{"damage_healed":22,"gold_gain":0,"player_choice":"Banana","damage_taken":0,"max_hp_gain":0,"max_hp_loss":0,"event_name":"Big Fish","floor":10,"gold_loss":0},{"damage_healed":0,"gold_gain":0,"player_choice":"Grow","damage_taken":0,"max_hp_gain":0,"max_hp_loss":0,"event_name":"Living Wall","floor":14,"gold_loss":0,"cards_upgraded":["Leg Sweep"]},{"cards_removed":["Strike_G"],"damage_healed":0,"gold_gain":0,"player_choice":"Gave Gold","damage_taken":0,"max_hp_gain":0,"max_hp_loss":0,"event_name":"Beggar","floor":20,"gold_loss":75},{"damage_healed":0,"gold_gain":0,"player_choice":"Traded Relic","damage_taken":0,"relics_obtained":["Nloth\u0027s Gift"],"max_hp_gain":0,"max_hp_loss":0,"event_name":"N\u0027loth","floor":21,"relics_lost":["Darkstone Periapt"],"gold_loss":0}],"is_beta":false,"boss_relics":[{"not_picked":["Empty Cage","Runic Dome"],"picked":"HoveringKite"}],"items_purged_floors":[],"is_endless":false,"potions_floor_spawned":[7,11,16,22],"killed_by":"Slavers","ascension_level":20}}