{"host":"ixqzyafodex1tsi5","time":1610167253,"event":{"mods":["ATMod(°¢èªMod)","AchievementEnabler","Act Like it!","BaseMod","Gensokyo","GifTheSpireLib","Lobotomy","LobotomyExtend","Luminous","Minty Spire (QoL Compilation)","Relic Stats","Replay The Spire","RumiaBox-Â¶Ã×æ«µÄÉñÃØºÐ×Ó","Shop Mod","Spicy Shops","StSLib","The Cursed","[IsaacMod]ÒÔÈö¼âËþ","¡¾¹¦ÄÜMod¡¿»ìãçÖ®»·ÐÞ¸´²¹¶¡","¡¾ÒÅÎï¿¨ÅÆ¡¿REMEMod"],"gold_per_floor":[114,114,114,77,96,125,139,167,191,319,319,337,352,382,382,485,485,498,513,453,453,469,469,469,469,469],"floor_reached":25,"playtime":1172,"items_purged":["Strike_R"],"score":428,"play_id":"e83f4379-9ff2-4e4b-b60b-541ad9077706","local_time":"20210109124053","is_ascension_mode":true,"campfire_choices":[{"data":"Ragnarok","floor":11,"key":"SMITH"},{"data":"REME_Scribble","floor":15,"key":"SMITH"}],"circlet_count":0,"master_deck":["Strike_R","Strike_R","Strike_R","Strike_R","Defend_R","Defend_R","Defend_R","Defend_R","Bash","AT_ChampionStep","Ragnarok+1","Thunderclap","AT_BodySlamDance+1","Infernal Blade","Battle Trance","RedShoes","Feed","Replay:Many Hands","REME_Scribble+1","Bomb","Demonic Infusion","Hemogenesis","Impervious","Barricade","BlueStar","Woodsman","Pommel Strike"],"relics":["Burning Blood","REME_ComplimentaryCards","HushsDoor","AT_ATBox","Chaos","CogitoBucket","RabbitCall","LetterFromLob","HornCleat","AT_TrinityForce","Replay:Bottled Flurry","Lantern","Replay:Wanted Poster","SkinProphecy","Gambling Chip","TungstenRod","GuppysHead","Runic Dome","ChangeAnything"],"acts_visited":["Exordium","TheCity"],"potions_floor_usage":[12,19,19],"damage_taken":[{"damage":9,"enemies":"Jaw Worm","floor":1,"turns":3},{"damage":0,"enemies":"Cultist","floor":5,"turns":3},{"damage":21,"enemies":"Lagavulin","floor":6,"turns":5},{"damage":0,"enemies":"2 Louse","floor":7,"turns":2},{"damage":2,"enemies":"3 Sentries","floor":8,"turns":1},{"damage":0,"enemies":"Gremlin Nob","floor":10,"turns":2},{"damage":14,"enemies":"Exordium Thugs","floor":12,"turns":1},{"damage":13,"enemies":"2 Fungi Beasts","floor":13,"turns":2},{"damage":2,"enemies":"3 Sentries","floor":14,"turns":2},{"damage":18,"enemies":"Hexaghost","floor":16,"turns":2},{"damage":7,"enemies":"Chosen","floor":18,"turns":2},{"damage":40,"enemies":"Shell Parasite","floor":19,"turns":4},{"damage":2,"enemies":"Snake Plant","floor":22,"turns":2},{"damage":43,"enemies":"REME_1_Revenger","floor":25,"turns":2}],"seed_played":"868877181017926309","potions_obtained":[{"floor":5,"key":"Adrenaline Potion"},{"floor":7,"key":"DuplicationPotion"},{"floor":12,"key":"BloodPotion"},{"floor":13,"key":"PowerPotion"},{"floor":16,"key":"Block Potion"},{"floor":19,"key":"SkillPotion"},{"floor":22,"key":"Cursed Concoction"}],"is_trial":false,"path_per_floor":["M","?","?","$","M","E","M","E","T","E","R","M","M","E","R","B",null,"M","M","?","?","M","PTL","PTL","E"],"character_chosen":"IRONCLAD","items_purchased":["AT_BodySlamDance+1","GuppysHead","Hemogenesis","Impervious","Barricade","Runic Dome"],"campfire_rested":0,"item_purchase_floors":[4,17,17,17,17,17],"current_hp_per_floor":[69,54,54,54,60,45,51,55,55,61,61,53,45,50,50,37,37,43,16,16,16,28,28,28,0,0],"gold":469,"neow_bonus":"","is_daily":false,"chose_seed":false,"campfire_upgraded":2,"win_rate":0.0,"timestamp":1610167253,"path_taken":["M","?","?","?","?","E","M","E","T","E","R","M","M","E","R","BOSS","M","M","?","?","M","PTL","PTL","E"],"items_purchased_type":["Card","Relic","Card","Card","Card","Relic"],"build_version":"2020-12-22","purchased_purges":1,"victory":false,"max_hp_per_floor":[80,80,80,80,80,80,80,80,80,80,80,80,85,92,92,97,37,45,55,55,55,63,63,63,75,75],"relic_stats":{"counters":[16,35],"Gambling Chip":[8],"obtain_stats":[{"KeepersGift":0,"Chaos":0,"RabbitCall":0,"Lantern":9,"AT_ATBox":0,"SkinProphecy":12,"Burning Blood":0,"Replay:Wanted Poster":10,"Runic Dome":17,"CogitoBucket":0,"HornCleat":2,"Gambling Chip":14,"AT_TrinityForce":6,"LetterFromLob":1,"Replay:Bottled Flurry":8,"GuppysHead":17,"ChangeAnything":19,"HushsDoor":0,"TungstenRod":17,"REME_ComplimentaryCards":0},{"KeepersGift":0,"Chaos":0,"RabbitCall":0,"Lantern":5,"AT_ATBox":0,"SkinProphecy":8,"Burning Blood":0,"Replay:Wanted Poster":6,"Runic Dome":11,"CogitoBucket":0,"HornCleat":1,"Gambling Chip":10,"AT_TrinityForce":3,"LetterFromLob":1,"Replay:Bottled Flurry":5,"GuppysHead":11,"ChangeAnything":14,"HushsDoor":0,"TungstenRod":11,"REME_ComplimentaryCards":0},{"KeepersGift":0,"Chaos":0,"RabbitCall":0,"Lantern":14,"AT_ATBox":0,"SkinProphecy":18,"Burning Blood":0,"Replay:Wanted Poster":16,"Runic Dome":24,"CogitoBucket":0,"HornCleat":3,"Gambling Chip":22,"AT_TrinityForce":11,"LetterFromLob":3,"Replay:Bottled Flurry":14,"GuppysHead":24,"ChangeAnything":31,"HushsDoor":0,"TungstenRod":24,"REME_ComplimentaryCards":0}],"Burning Blood":78,"TungstenRod":21},"card_choices":[{"not_picked":["PunishingBird","Freischutz","DreamingCurrent"],"picked":"Singing Bowl","floor":1},{"not_picked":["Defy Death","Clothesline"],"picked":"Thunderclap","floor":1},{"not_picked":["HeroicMonk","PunishingBird","BeautyBeast"],"picked":"Singing Bowl","floor":5},{"not_picked":["Bomb","Iron Wave"],"picked":"Infernal Blade","floor":5},{"not_picked":["SpiderBud","CherryBlossoms","Wellcheers"],"picked":"Singing Bowl","floor":6},{"not_picked":["Run Through","Demonic Infusion"],"picked":"Battle Trance","floor":6},{"not_picked":["BeautyBeast","NakedNest","OldLady"],"picked":"Singing Bowl","floor":7},{"not_picked":["OldLady","QueenOfHatred"],"picked":"RedShoes","floor":7},{"not_picked":["Clothesline","Body Slam","Armaments"],"picked":"SKIP","floor":7},{"not_picked":["MeatLantern","PunishingBird","Mercenary"],"picked":"Singing Bowl","floor":8},{"not_picked":["REME_FearOfPain","AT_IchimonjiDouble"],"picked":"Feed","floor":8},{"not_picked":["CrumblingArmor","LaLuna","MeatLantern"],"picked":"Singing Bowl","floor":10},{"not_picked":["Dual Wield","Armaments"],"picked":"Replay:Many Hands","floor":10},{"not_picked":["Murderer","MHz","Variant"],"picked":"Singing Bowl","floor":12},{"not_picked":["Dropkick","Clothesline"],"picked":"REME_Scribble","floor":12},{"not_picked":["LittleHelper","Rudolta","Bloodbath"],"picked":"Singing Bowl","floor":13},{"not_picked":["Twin Strike","True Grit"],"picked":"Bomb","floor":13},{"not_picked":["CrumblingArmor","BlackArmy","SpiderBud"],"picked":"Singing Bowl","floor":14},{"not_picked":["ReplayTheSpireMod:Strike From Hell","Wild Strike","Havoc"],"picked":"SKIP","floor":14},{"not_picked":["WhitesApple","Murderer","MHz"],"picked":"Singing Bowl","floor":16},{"not_picked":["Berserk","Reaper"],"picked":"Demonic Infusion","floor":16},{"not_picked":["HeroicMonk","UniverseFragment"],"picked":"BlueStar","floor":18},{"not_picked":["Shrug It Off","Blood for Blood","Warcry+1"],"picked":"SKIP","floor":18},{"not_picked":["BeautyBeast","Murderer","CrumblingArmor"],"picked":"Singing Bowl","floor":19},{"not_picked":["VoidDream","Alriune"],"picked":"Woodsman","floor":19},{"not_picked":["REME_FearOfPain+1","Body Slam+1"],"picked":"Pommel Strike","floor":19},{"not_picked":["Freischutz","Murderer","Wellcheers"],"picked":"Singing Bowl","floor":22},{"not_picked":["Clothesline+1","REME_Cut","Anger"],"picked":"SKIP","floor":22}],"player_experience":250942,"relics_obtained":[{"floor":1,"key":"LetterFromLob"},{"floor":6,"key":"AT_TrinityForce"},{"floor":8,"key":"Replay:Bottled Flurry"},{"floor":9,"key":"Lantern"},{"floor":10,"key":"Replay:Wanted Poster"},{"floor":14,"key":"Gambling Chip"}],"event_choices":[{"damage_healed":0,"gold_gain":0,"player_choice":"Ignored","damage_taken":0,"max_hp_gain":0,"max_hp_loss":0,"event_name":"Ghosts","floor":21,"gold_loss":0}],"is_beta":false,"boss_relics":[{"not_picked":["Replay:Kaleidoscope","TwistedFunnel"],"picked":"TungstenRod"},{"not_picked":[]}],"items_purged_floors":[17],"is_endless":false,"potions_floor_spawned":[5,7,12,13,16,19,22],"killed_by":"REME_1_Revenger","ascension_level":8}}