{"host":"z4nt7tdd4gjrinn7","time":1610160891,"event":{"mods":["BaseMod","Minty Spire (QoL Compilation)","StSLib","The Servant 0.9.4"],"gold_per_floor":[113,113,129,16,63,97,97,97,97,97,127,145,158,183,183,280,280,291,291,311,311,328,356,356,371,371,383,395,423,455,481,493,600,612,637,649,679,59,71,71,71,71,71,71,71,71,85,85,85,85,85],"floor_reached":50,"playtime":4469,"items_purged":[],"score":555,"play_id":"e97705e2-87bf-4c13-b14a-1f8cab547041","local_time":"20210108215451","is_ascension_mode":false,"campfire_choices":[{"floor":8,"key":"REST"},{"floor":15,"key":"REST"},{"floor":24,"key":"REST"},{"data":"Fire Breathing","floor":28,"key":"SMITH"},{"floor":32,"key":"REST"},{"floor":40,"key":"REST"},{"data":"Barricade","floor":42,"key":"SMITH"},{"data":"Perfected Strike","floor":44,"key":"SMITH"},{"data":"Armaments","floor":46,"key":"SMITH"},{"floor":49,"key":"REST"}],"circlet_count":0,"master_deck":["Strike_R","Strike_R","Strike_R","Strike_R","Strike_R","Defend_R","Defend_R","Defend_R","Defend_R","Bash","Twin Strike","Shrug It Off","Perfected Strike+1","Thunderclap+1","Clothesline+1","Seeing Red","Perfected Strike+1","Barricade+1","Headbutt+1","Iron Wave+1","Decay","Sword Boomerang+1","Perfected Strike+1","Anger+1","Fire Breathing+1","Armaments+1","Perfected Strike+1","Flame Barrier+1","Reaper+1","Reckless Charge+1","Iron Wave+1","Shrug It Off","Mayhem","Rampage+1","Doubt","Infernal Blade+1"],"relics":["Burning Blood","Bag of Marbles","Pen Nib","Molten Egg 2","Incense Burner","Self Forming Clay","SlaversCollar","Bottled Lightning","MawBank","SacredBark","Ginger","Sling","Kunai","MealTicket"],"acts_visited":["Exordium","TheCity","TheBeyond"],"potions_floor_usage":[16,16,16,22,33,33,33,50,50],"damage_taken":[{"damage":8,"enemies":"2 Louse","floor":1,"turns":4},{"damage":1,"enemies":"Cultist","floor":3,"turns":3},{"damage":33,"enemies":"Gremlin Nob","floor":6,"turns":5},{"damage":23,"enemies":"3 Sentries","floor":11,"turns":7},{"damage":0,"enemies":"Jaw Worm","floor":12,"turns":1},{"damage":11,"enemies":"Large Slime","floor":13,"turns":4},{"damage":13,"enemies":"Gremlin Nob","floor":14,"turns":3},{"damage":39,"enemies":"The Guardian","floor":16,"turns":9},{"damage":37,"enemies":"Spheric Guardian","floor":18,"turns":6},{"damage":3,"enemies":"2 Thieves","floor":20,"turns":3},{"damage":7,"enemies":"Snake Plant","floor":22,"turns":3},{"damage":11,"enemies":"Slavers","floor":23,"turns":4},{"damage":12,"enemies":"3 Cultists","floor":25,"turns":4},{"damage":0,"enemies":"Snecko","floor":29,"turns":2},{"damage":18,"enemies":"Snake Plant","floor":30,"turns":3},{"damage":18,"enemies":"Cultist and Chosen","floor":31,"turns":5},{"damage":54,"enemies":"Champ","floor":33,"turns":9},{"damage":4,"enemies":"Orb Walker","floor":35,"turns":3},{"damage":54,"enemies":"3 Darklings","floor":37,"turns":11},{"damage":34,"enemies":"Jaw Worm Horde","floor":39,"turns":5},{"damage":34,"enemies":"Maw","floor":47,"turns":10},{"damage":89,"enemies":"Awakened One","floor":50,"turns":9}],"seed_played":"5571242515697917599","potions_obtained":[{"floor":11,"key":"FearPotion"},{"floor":13,"key":"Dexterity Potion"},{"floor":14,"key":"LiquidBronze"},{"floor":20,"key":"Energy Potion"},{"floor":22,"key":"BloodPotion"},{"floor":25,"key":"LiquidMemories"},{"floor":31,"key":"Weak Potion"},{"floor":37,"key":"LiquidBronze"},{"floor":47,"key":"GamblersBrew"}],"is_trial":false,"path_per_floor":["M","?","M","$","T","E","?","R","T","?","E","M","M","E","R","B",null,"M","?","M","?","M","E","R","M","T","?","R","M","M","M","R","B",null,"M","?","M","$","M","R","?","R","T","R","?","R","M","T","R","B"],"character_chosen":"IRONCLAD","items_purchased":["Bandage Up","Shrug It Off","Ginger","Sling","Mayhem"],"campfire_rested":6,"item_purchase_floors":[4,4,38,38,38],"current_hp_per_floor":[78,80,80,80,80,53,53,77,77,77,64,70,69,66,80,51,80,51,51,54,54,73,68,80,74,74,74,74,80,72,64,80,36,80,80,80,37,37,12,36,80,80,80,80,80,80,54,54,78,0,0],"gold":85,"neow_bonus":"","is_daily":false,"chose_seed":false,"campfire_upgraded":4,"win_rate":0.0,"timestamp":1610160891,"path_taken":["M","?","M","$","?","E","?","R","T","?","E","?","M","E","R","BOSS","M","?","M","?","M","E","R","M","T","?","R","M","M","M","R","BOSS","M","?","?","$","M","R","?","R","T","R","?","R","?","?","R","BOSS"],"items_purchased_type":["Card","Card","Relic","Relic","Card"],"build_version":"2020-12-22","purchased_purges":0,"victory":false,"max_hp_per_floor":[80,80,80,80,80,80,80,80,80,80,80,80,80,80,80,80,80,80,80,80,80,80,80,80,80,80,80,80,80,80,80,80,80,80,80,80,80,80,80,80,80,80,80,80,80,80,80,80,80,80,80],"card_choices":[{"not_picked":["Pommel Strike","Infernal Blade"],"picked":"Thunderclap","floor":1},{"not_picked":["Ghostly Armor","Armaments"],"picked":"Twin Strike","floor":3},{"not_picked":["Reckless Charge","Dual Wield"],"picked":"Perfected Strike","floor":6},{"not_picked":["Iron Wave+1","Clash+1"],"picked":"Thunderclap+1","floor":11},{"not_picked":["True Grit","Offering"],"picked":"Clothesline+1","floor":12},{"not_picked":["Flex","Dark Embrace"],"picked":"Seeing Red","floor":13},{"not_picked":["Inflame","Armaments"],"picked":"Perfected Strike+1","floor":14},{"not_picked":["Corruption","Impervious"],"picked":"Barricade","floor":16},{"not_picked":["Body Slam+1","Clash+1"],"picked":"Headbutt+1","floor":18},{"not_picked":["Feel No Pain+1","Armaments"],"picked":"Iron Wave+1","floor":20},{"not_picked":["Disarm","Pummel+1"],"picked":"Sword Boomerang+1","floor":22},{"not_picked":["Bloodletting","Sever Soul+1"],"picked":"Perfected Strike+1","floor":23},{"not_picked":["Iron Wave+1","True Grit"],"picked":"Anger+1","floor":25},{"not_picked":["Clash+1","True Grit"],"picked":"Armaments","floor":29},{"not_picked":["Seeing Red+1","Fiend Fire+1"],"picked":"Perfected Strike+1","floor":30},{"not_picked":["Twin Strike+1","Seeing Red"],"picked":"Flame Barrier","floor":31},{"not_picked":["Corruption","Impervious"],"picked":"Reaper+1","floor":33},{"not_picked":["Intimidate+1","Sword Boomerang+1"],"picked":"Reckless Charge+1","floor":35},{"not_picked":["Burning Pact","Combust"],"picked":"Shrug It Off","floor":37},{"not_picked":["Flex","Warcry"],"picked":"Rampage+1","floor":39},{"not_picked":["Combust","Armaments"],"picked":"Infernal Blade+1","floor":47}],"player_experience":0,"relics_obtained":[{"floor":5,"key":"Bag of Marbles"},{"floor":6,"key":"Pen Nib"},{"floor":9,"key":"Molten Egg 2"},{"floor":11,"key":"Incense Burner"},{"floor":14,"key":"Self Forming Clay"},{"floor":23,"key":"Bottled Lightning"},{"floor":26,"key":"MawBank"},{"floor":43,"key":"Kunai"},{"floor":48,"key":"MealTicket"}],"event_choices":[{"cards_removed":["Thunderclap"],"damage_healed":5,"gold_gain":0,"player_choice":"Offered Common","damage_taken":0,"max_hp_gain":0,"max_hp_loss":0,"event_name":"Bonfire Elementals","floor":2,"gold_loss":0},{"cards_removed":["Thunderclap"],"damage_healed":5,"gold_gain":0,"player_choice":"Offered Special","damage_taken":0,"max_hp_gain":0,"max_hp_loss":0,"event_name":"Bonfire Elementals","floor":2,"gold_loss":0},{"damage_healed":0,"gold_gain":0,"player_choice":"Ignored","damage_taken":0,"max_hp_gain":0,"max_hp_loss":0,"event_name":"Golden Wing","floor":7,"gold_loss":0},{"damage_healed":0,"gold_gain":0,"player_choice":"Leave","damage_taken":0,"max_hp_gain":0,"max_hp_loss":0,"event_name":"FaceTrader","floor":10,"gold_loss":0},{"damage_healed":0,"gold_gain":0,"player_choice":"Ignored","damage_taken":0,"max_hp_gain":0,"max_hp_loss":0,"event_name":"Ghosts","floor":19,"gold_loss":0},{"damage_healed":0,"gold_gain":0,"player_choice":"Smashed Altar","damage_taken":0,"max_hp_gain":0,"max_hp_loss":0,"event_name":"Forgotten Altar","floor":21,"gold_loss":0,"cards_obtained":["Decay"]},{"damage_healed":0,"gold_gain":0,"player_choice":"Read","damage_taken":0,"max_hp_gain":0,"max_hp_loss":0,"event_name":"The Library","floor":27,"gold_loss":0,"cards_obtained":["Fire Breathing"]},{"cards_removed":["Bandage Up"],"damage_healed":0,"gold_gain":0,"player_choice":"Took Card","damage_taken":0,"max_hp_gain":0,"max_hp_loss":0,"event_name":"NoteForYourself","floor":36,"gold_loss":0,"cards_obtained":["Iron Wave"]},{"damage_healed":44,"gold_gain":0,"player_choice":"Heal","damage_taken":0,"max_hp_gain":0,"max_hp_loss":0,"event_name":"MindBloom","floor":41,"gold_loss":0,"cards_obtained":["Doubt"]},{"damage_healed":0,"gold_gain":0,"player_choice":"Upgraded","damage_taken":0,"max_hp_gain":0,"max_hp_loss":0,"event_name":"Upgrade Shrine","floor":45,"gold_loss":0,"cards_upgraded":["Flame Barrier"]}],"is_beta":false,"boss_relics":[{"not_picked":["Snecko Eye","Sozu"],"picked":"SlaversCollar"},{"not_picked":["Black Star","Velvet Choker"],"picked":"SacredBark"}],"items_purged_floors":[],"is_endless":false,"potions_floor_spawned":[11,13,14,20,22,25,31,37,47],"killed_by":"Awakened One","ascension_level":0}}