{"host":"51f0ad793vly1w6u","time":1610183425,"event":{"mods":["BaseMod","Colored Map","DeckTracker","Minty Spire (QoL Compilation)","StSLib","SuperFastMode"],"gold_per_floor":[114,114,129,179,195,195,205,205,205,205,224,235,34,63,63,134,134,145,157,172,51,67,98,98,118,196,196,206,206,221,236,236,312,312,323,335,1334,1334,933,933,402,420,420,434,434,464,464,481,481,481,481,481,481,147,182,182,182],"floor_reached":56,"playtime":1583,"items_purged":["Strike_G","Dash","Normality","Normality","Slice"],"score":1931,"play_id":"2897a20b-3e00-41d4-ac6b-4928001662a2","local_time":"20210109181025","is_ascension_mode":true,"campfire_choices":[{"data":"Deadly Poison","floor":6.0,"key":"SMITH"},{"data":"Cloak And Dagger","floor":8.0,"key":"SMITH"},{"data":"Neutralize","floor":10.0,"key":"SMITH"},{"data":"Deadly Poison","floor":15,"key":"SMITH"},{"floor":24,"key":"REST"},{"data":"Prepared","floor":27,"key":"SMITH"},{"data":"Calculated Gamble","floor":29,"key":"SMITH"},{"data":"Catalyst","floor":32,"key":"SMITH"},{"data":"Apotheosis","floor":40,"key":"SMITH"},{"data":"Noxious Fumes","floor":45,"key":"SMITH"},{"data":"Footwork","floor":47,"key":"SMITH"},{"data":"Master of Strategy","floor":49,"key":"SMITH"},{"data":"Acrobatics","floor":53,"key":"SMITH"}],"circlet_count":0,"master_deck":["AscendersBane","Survivor","Neutralize+1","Deadly Poison+1","Dagger Spray","Cloak And Dagger+1","Blade Dance","Deadly Poison+1","Dash","Escape Plan","Corpse Explosion","Catalyst+1","Backflip","Bouncing Flask","Backstab","Reflex","Reflex","Eviscerate","PiercingWail","Calculated Gamble+1","Prepared+1","Acrobatics+1","Backflip","Storm of Steel","Apotheosis+1","Master of Strategy+1","Noxious Fumes+1","Footwork+1","Venomology+1","Blur+1","Tactician+1","Tactician+1","Finesse+1"],"relics":["Ring of the Serpent","HornCleat","Membership Card","Tough Bandages","Pandora\u0027s Box","Bag of Preparation","InkBottle","Snake Skull","TwistedFunnel","Thread and Needle","Eternal Feather","Ornamental Fan","Torii","Toxic Egg 2","Mango","Happy Flower"],"acts_visited":["Exordium","TheCity","TheBeyond","TheEnding"],"potions_floor_usage":[14,19,23,33,33,50,50,51,55,56,56],"damage_taken":[{"damage":0.0,"enemies":"Jaw Worm","floor":1.0,"turns":8.0},{"damage":6.0,"enemies":"Small Slimes","floor":3.0,"turns":4.0},{"damage":0.0,"enemies":"Cultist","floor":5.0,"turns":3.0},{"damage":1.0,"enemies":"3 Louse","floor":7.0,"turns":3.0},{"damage":11.0,"enemies":"Large Slime","floor":11.0,"turns":5.0},{"damage":3.0,"enemies":"Exordium Wildlife","floor":12.0,"turns":4.0},{"damage":0,"enemies":"Gremlin Nob","floor":14,"turns":3},{"damage":9,"enemies":"Hexaghost","floor":16,"turns":9},{"damage":0,"enemies":"Spheric Guardian","floor":18,"turns":3},{"damage":12,"enemies":"Chosen","floor":19,"turns":4},{"damage":11,"enemies":"Centurion and Healer","floor":20,"turns":7},{"damage":0,"enemies":"Sentry and Sphere","floor":22,"turns":3},{"damage":14,"enemies":"Slavers","floor":23,"turns":2},{"damage":0,"enemies":"Snake Plant","floor":25,"turns":3},{"damage":0,"enemies":"3 Cultists","floor":28,"turns":2},{"damage":0,"enemies":"Sentry and Sphere","floor":30,"turns":3},{"damage":0,"enemies":"Chosen and Byrds","floor":31,"turns":4},{"damage":20,"enemies":"Collector","floor":33,"turns":5},{"damage":0,"enemies":"Orb Walker","floor":35,"turns":2},{"damage":3,"enemies":"3 Shapes","floor":36,"turns":3},{"damage":1,"enemies":"Jaw Worm Horde","floor":42,"turns":4},{"damage":2,"enemies":"Writhing Mass","floor":44,"turns":4},{"damage":15,"enemies":"Nemesis","floor":46,"turns":4},{"damage":0,"enemies":"Sphere and 2 Shapes","floor":48,"turns":3},{"damage":1,"enemies":"Donu and Deca","floor":50,"turns":6},{"damage":51,"enemies":"Time Eater","floor":51,"turns":11},{"damage":28,"enemies":"Shield and Spear","floor":55,"turns":8},{"damage":11,"enemies":"The Heart","floor":56,"turns":4}],"seed_played":"-7689344617514874024","potions_obtained":[{"floor":1.0,"key":"SpeedPotion"},{"floor":3.0,"key":"Ancient Potion"},{"floor":7.0,"key":"SteroidPotion"},{"floor":20,"key":"Dexterity Potion"},{"floor":23,"key":"Explosive Potion"},{"floor":31,"key":"DistilledChaos"},{"floor":35,"key":"SpeedPotion"},{"floor":44,"key":"Ancient Potion"},{"floor":55,"key":"ColorlessPotion"}],"is_trial":false,"path_per_floor":["M","?","M","?","M","R","M","R","T","R","M","M","$","E","R","B",null,"M","M","M","$","M","E","R","M","T","R","M","R","M","M","R","B",null,"M","M","?","?","$","R","$","M","T","M","R","E","R","M","R","B","B",null,"R","$","E","B"],"character_chosen":"THE_SILENT","items_purchased":["Membership Card","Calculated Gamble","Poison Potion","Snake Skull","TwistedFunnel","Thread and Needle","Eternal Feather","Ornamental Fan","Master of Strategy","Noxious Fumes","Poison Potion","Finesse+1","Mango","Swift Potion"],"campfire_rested":1,"item_purchase_floors":[13,21,21,39,39,39,41,41,41,41,41,54,54,54],"current_hp_per_floor":[59,39,33,33,33,33,32,32,32,32,21,18,18,18,18,9,52,52,40,29,29,29,15,34,34,34,34,34,34,34,34,34,14,53,53,50,50,40,40,40,40,39,39,37,52,37,55,55,66,65,14,53,66,80,52,41,41],"gold":182,"neow_bonus":"REMOVE_CARD","is_daily":false,"chose_seed":false,"campfire_upgraded":12,"win_rate":0.0,"timestamp":1610183425,"path_taken":["M","?","M","?","M","R","M","R","T","R","M","M","$","E","R","BOSS","M","M","M","$","M","E","R","?","T","R","M","R","M","M","R","BOSS","M","M","?","?","?","R","$","?","T","M","R","E","R","M","R","BOSS","BOSS","R","$","E","BOSS"],"items_purchased_type":["Relic","Card","Potion","Relic","Relic","Relic","Relic","Relic","Card","Card","Potion","Card","Relic","Potion"],"build_version":"2020-12-22","purchased_purges":5,"victory":false,"max_hp_per_floor":[66,66,66,66,66,66,66,66,66,66,66,66,66,66,66,66,66,66,66,66,66,66,66,66,66,66,66,66,66,66,66,66,66,66,66,66,66,66,66,66,66,66,66,66,66,66,66,66,66,66,66,66,66,80,80,80,80],"card_choices":[{"not_picked":["Masterful Stab","Bane"],"picked":"Deadly Poison","floor":1.0},{"not_picked":["Outmaneuver","Riddle With Holes"],"picked":"Dagger Spray","floor":3.0},{"not_picked":["Quick Slash","Leg Sweep"],"picked":"Cloak And Dagger","floor":5.0},{"not_picked":["Dodge and Roll","Sucker Punch"],"picked":"Blade Dance","floor":7.0},{"not_picked":["Caltrops","Endless Agony"],"picked":"Deadly Poison","floor":11.0},{"not_picked":["Deadly Poison","Flying Knee"],"picked":"Dash","floor":12.0},{"not_picked":["Heel Hook","Poisoned Stab"],"picked":"Escape Plan","floor":14},{"not_picked":["Venomology","Grand Finale"],"picked":"Corpse Explosion","floor":16},{"not_picked":["Flying Knee","Sucker Punch"],"picked":"Eviscerate","floor":18},{"not_picked":["Reflex","Slice","Outmaneuver"],"picked":"SKIP","floor":19},{"not_picked":["Bane","Cloak And Dagger","PiercingWail"],"picked":"SKIP","floor":20},{"not_picked":["Bane","Cloak And Dagger"],"picked":"PiercingWail","floor":20},{"not_picked":["Outmaneuver","Quick Slash"],"picked":"Prepared","floor":22},{"not_picked":["Poisoned Stab+1","Underhanded Strike"],"picked":"Acrobatics","floor":23},{"not_picked":["Backflip","Night Terror","Flying Knee"],"picked":"SKIP","floor":25},{"not_picked":["Underhanded Strike","Bane"],"picked":"Backflip","floor":28},{"not_picked":["Eviscerate","Quick Slash","Bouncing Flask"],"picked":"SKIP","floor":30},{"not_picked":["Deadly Poison","Caltrops","Quick Slash"],"picked":"SKIP","floor":31},{"not_picked":["Unload","Venomology"],"picked":"Storm of Steel","floor":33},{"not_picked":["PiercingWail","Deadly Poison","Blade Dance+1"],"picked":"SKIP","floor":35},{"not_picked":["Poisoned Stab","Predator","Outmaneuver"],"picked":"SKIP","floor":36},{"not_picked":["Purity","PanicButton"],"picked":"Apotheosis","floor":38},{"not_picked":["Flying Knee+1","Cloak And Dagger"],"picked":"Footwork","floor":42},{"not_picked":["Slice+1","Sucker Punch","Dash"],"picked":"SKIP","floor":44},{"not_picked":["Escape Plan+1","Tools of the Trade"],"picked":"Venomology+1","floor":46},{"not_picked":["Quick Slash","Eviscerate+1"],"picked":"Blur+1","floor":48},{"not_picked":["Finisher","Die Die Die","Blade Dance+1"],"picked":"SKIP","floor":55}],"player_experience":1388472,"relics_obtained":[{"floor":9.0,"key":"HornCleat"},{"floor":14,"key":"Tough Bandages"},{"floor":23,"key":"Bag of Preparation"},{"floor":26,"key":"InkBottle"},{"floor":43,"key":"Torii"},{"floor":46,"key":"Toxic Egg 2"},{"floor":55,"key":"Happy Flower"}],"event_choices":[{"damage_healed":0.0,"max_hp_gain":0.0,"max_hp_loss":0.0,"gold_gain":0.0,"event_name":"Shining Light","player_choice":"Entered Light","floor":2.0,"gold_loss":0.0,"damage_taken":20.0,"cards_upgraded":["Defend_G","Strike_G"]},{"damage_healed":0.0,"max_hp_gain":0.0,"max_hp_loss":0.0,"gold_gain":50.0,"event_name":"Golden Shrine","player_choice":"Pray","floor":4.0,"gold_loss":0.0,"damage_taken":0.0},{"damage_healed":0,"gold_gain":999,"player_choice":"Gold","damage_taken":0,"max_hp_gain":0,"max_hp_loss":0,"event_name":"MindBloom","floor":37,"gold_loss":0,"cards_obtained":["Normality","Normality"]},{"damage_healed":0,"gold_gain":0,"player_choice":"Memory 3","damage_taken":10,"max_hp_gain":0,"max_hp_loss":0,"event_name":"SensoryStone","floor":38,"gold_loss":0}],"is_beta":false,"boss_relics":[{"not_picked":["HoveringKite","Tiny House"],"picked":"Pandora\u0027s Box"},{"not_picked":["Cursed Key","SlaversCollar"],"picked":"Ring of the Serpent"}],"items_purged_floors":[13,21,39,41,54],"is_endless":false,"potions_floor_spawned":[1,3,7,12,20,23,30,31,35,44,55],"killed_by":"The Heart","ascension_level":20}}