{"host":"ayh4nqhr0ddw4ozv","time":1610162582,"event":{"mods":["BaseMod","Minty Spire (QoL Compilation)","Relic Stats","Replay The Spire","Robot Space Explorer","StSLib"],"gold_per_floor":[113,9,9,21,38,66,141,173,173,190,207,207,207,233,233,331,331,343,118,129,129,147,147,175,187,187,187,214,239,239,259,259,356,356,371,371,371,78,96,96,108,29,29,39,64,80,99,109,109,109,109,109,9,38,38],"floor_reached":56,"playtime":3280,"items_purged":["Strike_P","Defend_P","Defend_P"],"score":2097,"play_id":"56b6e3ed-7a62-4fdb-9344-d89678a3672e","local_time":"20210108192302","is_ascension_mode":true,"campfire_choices":[{"floor":12,"key":"REST"},{"data":"SandsOfTime","floor":15,"key":"SMITH"},{"data":"TalkToTheHand","floor":23,"key":"SMITH"},{"floor":27,"key":"REST"},{"floor":30,"key":"REST"},{"data":"Defend_P","floor":32,"key":"PURGE"},{"data":"TalkToTheHand","floor":40,"key":"SMITH"},{"floor":49,"key":"RECALL"},{"data":"ReplayUltimateDefense","floor":52,"key":"SMITH"}],"circlet_count":0,"master_deck":["AscendersBane","Strike_P+1","Strike_P","Defend_P","Eruption","Vigilance","SandsOfTime+1","Indignation+1","Consecrate","Wallop+1","ThirdEye","Meditate","CutThroughFate","Scrawl","WheelKick","Omniscience","Omniscience","Scrawl","TalkToTheHand+1","Collect","TalkToTheHand+1","TalkToTheHand","Omniscience","ReplayUltimateDefense+1","Wireheading+1","Worship"],"relics":["PureWater","NeowsBlessing","Lantern","StrikeDummy","Omamori","Replay:Towering Pillar of Hats","Snecko Eye","Orrery","Enchiridion","Whetstone","Bottled Lightning","MealTicket","FossilizedHelix","Coffee Dripper","Replay:Wax Seal","The Courier","Nunchaku"],"acts_visited":["Exordium","TheCity","TheBeyond","TheEnding"],"potions_floor_usage":[8,25,44,55],"damage_taken":[{"damage":0,"enemies":"2 Louse","floor":1,"turns":2},{"damage":0,"enemies":"Cultist","floor":4,"turns":1},{"damage":0,"enemies":"Jaw Worm","floor":5,"turns":1},{"damage":18,"enemies":"Gremlin Nob","floor":6,"turns":3},{"damage":9,"enemies":"3 Sentries","floor":8,"turns":5},{"damage":1,"enemies":"Looter","floor":10,"turns":3},{"damage":8,"enemies":"3 Louse","floor":11,"turns":3},{"damage":15,"enemies":"Replay:BlueRogue","floor":14,"turns":4},{"damage":3,"enemies":"Slime Boss","floor":16,"turns":6},{"damage":0,"enemies":"2 Thieves","floor":18,"turns":2},{"damage":0,"enemies":"3 Byrds","floor":20,"turns":2},{"damage":0,"enemies":"Snecko","floor":22,"turns":3},{"damage":6,"enemies":"Gremlin Leader","floor":24,"turns":4},{"damage":15,"enemies":"Centurion and Healer","floor":25,"turns":3},{"damage":0,"enemies":"Book of Stabbing","floor":28,"turns":2},{"damage":0,"enemies":"Shelled Parasite and Fungi","floor":31,"turns":3},{"damage":0,"enemies":"Champ","floor":33,"turns":6},{"damage":0,"enemies":"Orb Walker","floor":35,"turns":1},{"damage":0,"enemies":"3 Darklings","floor":39,"turns":3},{"damage":0,"enemies":"Spire Growth","floor":41,"turns":3},{"damage":0,"enemies":"4 Shapes","floor":44,"turns":3},{"damage":0,"enemies":"Reptomancer","floor":45,"turns":3},{"damage":0,"enemies":"Writhing Mass","floor":46,"turns":4},{"damage":0,"enemies":"Sphere and 2 Shapes","floor":47,"turns":3},{"damage":0,"enemies":"Jaw Worm Horde","floor":48,"turns":3},{"damage":0,"enemies":"Donu and Deca","floor":50,"turns":6},{"damage":0,"enemies":"Shield and Spear","floor":54,"turns":3},{"damage":4,"enemies":"The Heart","floor":55,"turns":7}],"seed_played":"8575674103365644665","potions_obtained":[{"floor":4,"key":"Elixir"},{"floor":11,"key":"LiquidBronze"},{"floor":14,"key":"Explosive Potion"},{"floor":16,"key":"Adrenaline Potion"},{"floor":25,"key":"StancePotion"},{"floor":37,"key":"LiquidMemories"},{"floor":39,"key":"Adrenaline Potion"},{"floor":44,"key":"FairyPotion"},{"floor":54,"key":"Milkshake"}],"is_trial":false,"path_per_floor":["M","$","?","M","M","E","?","E","T","M","M","R","?","E","R","B",null,"M","$","M","?","M","R","E","M","T","R","E","?","R","M","R","B",null,"M","?","?","$","M","R","M","$","T","M","E","M","M","M","R","B",null,"R","$","E","B",null],"character_chosen":"WATCHER","items_purchased":["Indignation+1","Consecrate","Orrery","ReplayUltimateDefense","Replay:Wax Seal"],"campfire_rested":3,"item_purchase_floors":[2,2,19,38,42],"current_hp_per_floor":[65,65,65,65,65,47,36,27,27,26,18,39,57,42,42,39,64,64,64,64,48,48,48,42,27,27,48,48,20,41,41,41,41,64,64,64,64,72,72,72,72,72,72,72,72,72,72,72,72,72,72,72,72,72,68],"gold":38,"neow_bonus":"THREE_ENEMY_KILL","is_daily":false,"chose_seed":false,"campfire_upgraded":4,"win_rate":0.0,"timestamp":1610162582,"path_taken":["M","$","?","?","M","E","?","E","T","M","M","R","?","E","R","BOSS","M","$","M","?","M","R","E","M","T","R","E","?","R","M","R","BOSS","M","?","?","$","?","R","M","$","T","M","E","M","M","M","R","BOSS","R","$","E","BOSS"],"items_purchased_type":["Card","Card","Relic","Card","Relic"],"build_version":"2020-12-22","purchased_purges":3,"victory":true,"max_hp_per_floor":[72,72,72,72,72,72,72,72,72,72,72,72,72,72,72,72,72,72,72,72,72,72,72,72,72,72,72,72,72,72,72,72,72,72,72,72,72,72,72,72,72,72,72,72,72,72,72,72,72,72,72,72,72,72,72],"relic_stats":{"Nunchaku":[3],"counters":[28,92],"Snecko Eye":[150,139,143,134],"MealTicket":8,"Whetstone":["Wallop","Strike_P"],"obtain_stats":[{"Lantern":6,"NeowsBlessing":0,"Replay:Towering Pillar of Hats":14,"Enchiridion":21,"The Courier":45,"Omamori":9,"Whetstone":24,"Nunchaku":54,"Snecko Eye":17,"Orrery":19,"MealTicket":28,"Coffee Dripper":34,"Bottled Lightning":26,"PureWater":0,"Replay:Wax Seal":42,"StrikeDummy":8,"FossilizedHelix":29},{"Lantern":4,"NeowsBlessing":0,"Replay:Towering Pillar of Hats":8,"Enchiridion":11,"The Courier":22,"Omamori":5,"Whetstone":13,"Nunchaku":27,"Snecko Eye":9,"Orrery":10,"MealTicket":15,"Coffee Dripper":17,"Bottled Lightning":14,"PureWater":0,"Replay:Wax Seal":20,"StrikeDummy":5,"FossilizedHelix":15},{"Lantern":7,"NeowsBlessing":0,"Replay:Towering Pillar of Hats":22,"Enchiridion":32,"The Courier":66,"Omamori":12,"Whetstone":39,"Nunchaku":85,"Snecko Eye":28,"Orrery":30,"MealTicket":44,"Coffee Dripper":53,"Bottled Lightning":42,"PureWater":0,"Replay:Wax Seal":60,"StrikeDummy":12,"FossilizedHelix":44}]},"card_choices":[{"not_picked":["ThirdEye","WreathOfFlame"],"picked":"SandsOfTime","floor":1},{"not_picked":["InnerPeace","WaveOfTheHand"],"picked":"Wallop","floor":4},{"not_picked":["Weave","BowlingBash"],"picked":"ThirdEye","floor":5},{"not_picked":["InnerPeace","Replay:ManipulateFuture","Swivel"],"picked":"SKIP","floor":6},{"not_picked":["Replay:AtTheReady","Evaluate","Sanctity"],"picked":"SKIP","floor":8},{"not_picked":["Collect","Evaluate"],"picked":"Meditate","floor":10},{"not_picked":["Replay:ManipulateFuture","SignatureMove"],"picked":"CutThroughFate","floor":11},{"not_picked":["Alpha","Replay:BluntJabs","PathToVictory"],"picked":"SKIP","floor":14},{"not_picked":["Blasphemy","Devotion"],"picked":"Scrawl","floor":16},{"not_picked":["Perseverance","Consecrate"],"picked":"WheelKick","floor":18},{"not_picked":["Replay:Battleflow","EmptyBody"],"picked":"Omniscience","floor":19},{"not_picked":["FearNoEvil","Crescendo"],"picked":"Omniscience","floor":19},{"not_picked":["Prostrate","EmptyMind"],"picked":"Scrawl","floor":19},{"not_picked":["WindmillStrike","Worship+1"],"picked":"TalkToTheHand","floor":19},{"not_picked":["EmptyBody","SignatureMove","Halt"],"picked":"SKIP","floor":20},{"not_picked":["Halt","Crescendo"],"picked":"Collect","floor":22},{"not_picked":["SashWhip","Conclude","EmptyFist"],"picked":"SKIP","floor":24},{"not_picked":["JustLucky","Fasting2+1"],"picked":"TalkToTheHand","floor":25},{"not_picked":["EmptyFist","ConjureBlade"],"picked":"TalkToTheHand","floor":28},{"not_picked":["Evaluate","Protect+1","Replay:Vibes"],"picked":"SKIP","floor":31},{"not_picked":["Ragnarok","Judgement"],"picked":"Omniscience","floor":33},{"not_picked":["SashWhip","Indignation","Consecrate"],"picked":"SKIP","floor":35},{"not_picked":["BowlingBash","LikeWater"],"picked":"Wireheading+1","floor":39},{"not_picked":["Protect","Evaluate"],"picked":"Worship","floor":41},{"not_picked":["Evaluate","ThirdEye","Replay:Anticipation"],"picked":"SKIP","floor":44},{"not_picked":["ConjureBlade","FlyingSleeves","Sanctity+1"],"picked":"SKIP","floor":45},{"not_picked":["Sanctity","Prostrate+1","Replay:Anticipation"],"picked":"SKIP","floor":46},{"not_picked":["Study","SashWhip","Replay:BluntJabs"],"picked":"SKIP","floor":47},{"not_picked":["CutThroughFate","DeusExMachina","Replay:Hum"],"picked":"SKIP","floor":48},{"not_picked":["FlyingSleeves","LessonLearned","Replay:BluntJabs+1"],"picked":"SKIP","floor":54}],"player_experience":308247,"relics_obtained":[{"floor":6,"key":"Lantern"},{"floor":8,"key":"StrikeDummy"},{"floor":9,"key":"Omamori"},{"floor":14,"key":"Replay:Towering Pillar of Hats"},{"floor":21,"key":"Enchiridion"},{"floor":24,"key":"Whetstone"},{"floor":26,"key":"Bottled Lightning"},{"floor":28,"key":"MealTicket"},{"floor":29,"key":"FossilizedHelix"},{"floor":45,"key":"The Courier"},{"floor":54,"key":"Nunchaku"}],"event_choices":[{"cards_removed":["Strike_P"],"damage_healed":0,"gold_gain":0,"player_choice":"Offered Basic","damage_taken":0,"max_hp_gain":0,"max_hp_loss":0,"event_name":"Bonfire Elementals","floor":3,"gold_loss":0},{"damage_healed":0,"gold_gain":75,"player_choice":"Gather Gold","damage_taken":11,"max_hp_gain":0,"max_hp_loss":0,"event_name":"World of Goop","floor":7,"gold_loss":0},{"damage_healed":18,"gold_gain":0,"player_choice":"Healed and dodged fight","damage_taken":0,"max_hp_gain":0,"max_hp_loss":0,"event_name":"Mushrooms","floor":13,"gold_loss":0,"cards_obtained":["Parasite"]},{"damage_healed":0,"gold_gain":0,"player_choice":"Obtained Book","damage_taken":16,"max_hp_gain":0,"max_hp_loss":0,"event_name":"Cursed Tome","floor":21,"gold_loss":0},{"damage_healed":0,"gold_gain":0,"player_choice":"Ignored","damage_taken":0,"max_hp_gain":0,"max_hp_loss":0,"event_name":"Tomb of Lord Red Mask","floor":36,"gold_loss":0},{"damage_healed":0,"gold_gain":0,"player_choice":"Got Potions","damage_taken":0,"max_hp_gain":0,"max_hp_loss":0,"event_name":"Lab","floor":37,"gold_loss":0}],"is_beta":false,"boss_relics":[{"not_picked":["Painkiller Herb","Sozu"],"picked":"Snecko Eye"},{"not_picked":["Pandora\u0027s Box","ReplayTheSpireMod:DimensionalGlitch"],"picked":"Coffee Dripper"}],"items_purged_floors":[19,38,53],"is_endless":false,"potions_floor_spawned":[4,11,14,16,20,25,33,39,44,46,54],"ascension_level":12}}