{"host":"4328iixd8pca51w5","time":1610182452,"event":{"mods":["2.2 Compatiblity","BaseMod","CapriCore","KOR Keyword Fix","Minty Spire (QoL Compilation)","StSLib","The Immortal"],"gold_per_floor":[119,119,41,54,229,229,254,104,127,141,168,168,199,210,210,312,362,373,373,373,129,146,146,21,40,66,98,117,19,37,37,37,142,142,156,6,20,33,0,0,17,17,17,17,17,31,31,49,49,49],"floor_reached":51,"playtime":6114,"items_purged":["Doubt","MokouMod:Defend","MokouMod:Defend","Decay"],"score":660,"play_id":"84ec508c-5a4a-4f3c-a52d-359ebc2db768","local_time":"20210109175412","is_ascension_mode":false,"campfire_choices":[{"data":"MokouMod:RisingSunBarrier","floor":6.0,"key":"SMITH"},{"data":"MokouMod:RisingSunBarrier","floor":15.0,"key":"SMITH"},{"data":"MokouMod:SearingShot","floor":23.0,"key":"SMITH"},{"floor":32.0,"key":"REST"},{"data":"1","floor":40.0,"key":"LIFT"},{"data":"2","floor":45.0,"key":"LIFT"},{"data":"3","floor":49.0,"key":"LIFT"}],"circlet_count":0,"master_deck":["MokouMod:Strike+1","MokouMod:Strike+1","MokouMod:Strike+1","MokouMod:Strike+1","MokouMod:Strike+1","MokouMod:Defend+1","MokouMod:HeatSpark+1","MokouMod:Sear+1","MokouMod:TemporalFireSeal+1","MokouMod:RisingSunBarrier+1","MokouMod:Sear+1","MokouMod:Wildfire+1","MokouMod:RisingSunBarrier+1","MokouMod:HeartofFire+1","MokouMod:SearingShot+1","MokouMod:IndiscriminateIgnition+1","MokouMod:SubterraneanCore+1","MokouMod:SacredFire+1","MokouMod:RoaringFlare+1","MokouMod:FujiyamaVolcano+1","MokouMod:RisingSunBarrier+1","MokouMod:FujiyamaVolcano+1","MokouMod:Singe+1","MokouMod:Overheat+1","Finesse+1","MokouMod:BlazingComet+1","MokouMod:Extinguish+1","CurseOfTheBell","MokouMod:Refresh+1","MokouMod:Sear+1","MokouMod:Wildfire+1"],"relics":["MokouMod:PhoenixFeather","Blood Vial","PreservedInsect","Lizard Tail","Kunai","Tiny House","DollysMirror","Regal Pillow","Boot","Calling Bell","Centennial Puzzle","Pear","Girya","Red Mask","Question Card","Mark of the Bloom"],"acts_visited":["Exordium","TheCity","TheBeyond"],"potions_floor_usage":[50,50,50],"damage_taken":[{"damage":9.0,"enemies":"2 Louse","floor":1.0,"turns":4.0},{"damage":11.0,"enemies":"Jaw Worm","floor":4.0,"turns":4.0},{"damage":29.0,"enemies":"Gremlin Nob","floor":7.0,"turns":5.0},{"damage":0.0,"enemies":"Cultist","floor":10.0,"turns":3.0},{"damage":4.0,"enemies":"3 Sentries","floor":11.0,"turns":3.0},{"damage":16.0,"enemies":"Gremlin Nob","floor":13.0,"turns":3.0},{"damage":1.0,"enemies":"2 Fungi Beasts","floor":14.0,"turns":3.0},{"damage":13.0,"enemies":"Hexaghost","floor":16.0,"turns":12.0},{"damage":30.0,"enemies":"2 Thieves","floor":18.0,"turns":4.0},{"damage":5.0,"enemies":"Chosen","floor":22.0,"turns":6.0},{"damage":19.0,"enemies":"Snecko","floor":25.0,"turns":5.0},{"damage":12.0,"enemies":"Slavers","floor":27.0,"turns":3.0},{"damage":26.0,"enemies":"Centurion and Healer","floor":28.0,"turns":4.0},{"damage":0.0,"enemies":"Sentry and Sphere","floor":30.0,"turns":2.0},{"damage":15.0,"enemies":"Automaton","floor":33.0,"turns":10.0},{"damage":5.0,"enemies":"3 Darklings","floor":35.0,"turns":6.0},{"damage":3.0,"enemies":"3 Shapes","floor":37.0,"turns":3.0},{"damage":5.0,"enemies":"Maw","floor":38.0,"turns":6.0},{"damage":19.0,"enemies":"Transient","floor":41.0,"turns":5.0},{"damage":7.0,"enemies":"Jaw Worm Horde","floor":46.0,"turns":2.0},{"damage":11.0,"enemies":"3 Darklings","floor":48.0,"turns":2.0},{"damage":37,"enemies":"Awakened One","floor":50,"turns":6}],"seed_played":"3425419728137911103","potions_obtained":[{"floor":1.0,"key":"Explosive Potion"},{"floor":4.0,"key":"LiquidMemories"},{"floor":11.0,"key":"DistilledChaos"},{"floor":14.0,"key":"SteroidPotion"},{"floor":17.0,"key":"Fire Potion"},{"floor":22.0,"key":"DuplicationPotion"},{"floor":27.0,"key":"ColorlessPotion"},{"floor":35.0,"key":"Weak Potion"},{"floor":38.0,"key":"LiquidBronze"}],"is_trial":false,"path_per_floor":["M","?","$","M","?","R","E","$","T","M","E","?","E","M","R","B",null,"M","?","?","$","M","R","$","M","T","E","M","$","M","?","R","B",null,"M","$","M","M","?","R","M","$","T","?","R","M","?","M","R","B",null],"character_chosen":"MKU","items_purchased":["MokouMod:RisingSunBarrier","MokouMod:RisingSunBarrier","DollysMirror","Finesse"],"campfire_rested":1,"item_purchase_floors":[3,8,21,29],"current_hp_per_floor":[73,73,73,62,62,62,33,33,33,35,33,33,19,20,20,9,87,57,57,57,57,54,54,54,37,37,27,3,3,5,5,46,33,97,92,92,91,88,88,88,71,71,71,71,71,64,64,53,53,16],"gold":49,"neow_bonus":"TEN_PERCENT_HP_BONUS","is_daily":false,"chose_seed":false,"campfire_upgraded":3,"win_rate":0.0,"timestamp":1610182452,"path_taken":["M","?","$","M","?","R","E","?","T","?","E","?","E","M","R","BOSS","M","?","?","$","M","R","$","M","T","E","M","$","M","?","R","BOSS","M","$","M","M","?","R","M","$","T","?","R","M","?","M","R","BOSS"],"items_purchased_type":["Card","Card","Relic","Card"],"build_version":"2020-12-22","purchased_purges":4,"victory":true,"max_hp_per_floor":[82,82,82,82,82,82,82,82,82,82,82,82,82,82,82,82,87,87,87,87,87,87,87,87,87,87,87,87,87,87,87,87,87,97,97,97,97,97,97,97,97,97,97,97,97,97,92,92,92,92],"card_choices":[{"not_picked":["MokouMod:CrimsonFlare","MokouMod:FlickeringFlame"],"picked":"MokouMod:Sear","floor":1.0},{"not_picked":["MokouMod:Ember","MokouMod:AdaptivePyromancy"],"picked":"MokouMod:Sear","floor":4.0},{"not_picked":["MokouMod:Overheat","MokouMod:FlamingFireTalons"],"picked":"MokouMod:Wildfire","floor":7.0},{"not_picked":["MokouMod:Sear","MokouMod:ThermalPressure"],"picked":"MokouMod:HeartofFire","floor":10.0},{"not_picked":["MokouMod:Overheat","MokouMod:ResoluteFlare"],"picked":"MokouMod:SearingShot","floor":11.0},{"not_picked":["MokouMod:Scorch","MokouMod:BlazingComet"],"picked":"MokouMod:IndiscriminateIgnition","floor":13.0},{"not_picked":["MokouMod:HeatTransfer","MokouMod:TemporalFireSeal"],"picked":"MokouMod:SubterraneanCore","floor":14.0},{"not_picked":["MokouMod:ResonatingAura","MokouMod:SpontaneousHumanCombustion"],"picked":"MokouMod:SacredFire","floor":16.0},{"not_picked":["MokouMod:FujiyamaVolcano","MokouMod:Sear"],"picked":"MokouMod:RoaringFlare","floor":17.0},{"not_picked":["MokouMod:SearingShot","MokouMod:Firecracker+1","MokouMod:Trailblazer"],"picked":"SKIP","floor":18.0},{"not_picked":["MokouMod:Sear","MokouMod:UncontrollableSolarReaction","MokouMod:Stoke"],"picked":"SKIP","floor":22.0},{"not_picked":["MokouMod:Stoke","MokouMod:RoaringFlare+1"],"picked":"MokouMod:FujiyamaVolcano+1","floor":25.0},{"not_picked":["MokouMod:FlickeringFlame","MokouMod:Rebirth"],"picked":"MokouMod:Singe","floor":27.0},{"not_picked":["MokouMod:Burn","MokouMod:CrimsonArmoury"],"picked":"MokouMod:Overheat","floor":28.0},{"not_picked":["MokouMod:IgneousBlow","MokouMod:IndiscriminateIgnition"],"picked":"MokouMod:BlazingComet","floor":30.0},{"not_picked":["MokouMod:ProfanedFlare","MokouMod:SpontaneousHumanCombustion"],"picked":"MokouMod:Extinguish","floor":33.0},{"not_picked":["MokouMod:GuidingSmoke","MokouMod:SearingShot+1","MokouMod:FlickeringFlame"],"picked":"SKIP","floor":35.0},{"not_picked":["MokouMod:HeatCyclone+1","MokouMod:ImperishableFlame"],"picked":"MokouMod:Refresh+1","floor":37.0},{"not_picked":["MokouMod:SearingShot+1","MokouMod:RetainTemperature"],"picked":"MokouMod:Sear+1","floor":38.0},{"not_picked":["MokouMod:Overheat","MokouMod:RoaringFlare","MokouMod:IndiscriminateIgnition"],"picked":"SKIP","floor":41.0},{"not_picked":["MokouMod:Stoke+1","MokouMod:AdaptivePyromancy","MokouMod:DanceofFlames+1","MokouMod:UncontrollableSolarReaction"],"picked":"SKIP","floor":46.0},{"not_picked":["MokouMod:FujiyamaVolcano","MokouMod:AdaptivePyromancy","MokouMod:Extinguish"],"picked":"MokouMod:Wildfire+1","floor":48.0}],"player_experience":159736,"relics_obtained":[{"floor":7.0,"key":"Blood Vial"},{"floor":9.0,"key":"PreservedInsect"},{"floor":11.0,"key":"Lizard Tail"},{"floor":13.0,"key":"Kunai"},{"floor":26.0,"key":"Regal Pillow"},{"floor":27.0,"key":"Boot"},{"floor":34.0,"key":"Centennial Puzzle"},{"floor":34.0,"key":"Pear"},{"floor":34.0,"key":"Girya"},{"floor":43.0,"key":"Question Card"}],"event_choices":[{"damage_healed":0.0,"max_hp_gain":0.0,"max_hp_loss":0.0,"gold_gain":0.0,"cards_transformed":["MokouMod:Defend"],"event_name":"Living Wall","player_choice":"Change","floor":2.0,"gold_loss":0.0,"damage_taken":0.0,"cards_obtained":["MokouMod:TemporalFireSeal"]},{"damage_healed":0.0,"max_hp_gain":0.0,"max_hp_loss":0.0,"gold_gain":175.0,"event_name":"Liars Game","player_choice":"AGREE","floor":5.0,"gold_loss":0.0,"damage_taken":0.0,"cards_obtained":["Doubt"]},{"damage_healed":0.0,"max_hp_gain":0.0,"max_hp_loss":0.0,"gold_gain":0.0,"event_name":"NoteForYourself","player_choice":"Ignored","floor":12.0,"gold_loss":0.0,"damage_taken":0.0},{"damage_healed":0.0,"max_hp_gain":0.0,"max_hp_loss":0.0,"gold_gain":0.0,"event_name":"The Library","player_choice":"Read","floor":19.0,"gold_loss":0.0,"damage_taken":0.0,"cards_obtained":["MokouMod:FujiyamaVolcano"]},{"damage_healed":0.0,"max_hp_gain":0.0,"max_hp_loss":0.0,"gold_gain":0.0,"event_name":"Ghosts","player_choice":"Ignored","floor":20.0,"gold_loss":0.0,"damage_taken":0.0},{"damage_healed":0.0,"max_hp_gain":0.0,"max_hp_loss":0.0,"gold_gain":0.0,"event_name":"Forgotten Altar","player_choice":"Smashed Altar","floor":31.0,"gold_loss":0.0,"damage_taken":0.0,"cards_obtained":["Decay"]},{"damage_healed":0.0,"max_hp_gain":0.0,"max_hp_loss":0.0,"gold_gain":0.0,"event_name":"Tomb of Lord Red Mask","player_choice":"Paid","floor":39.0,"gold_loss":33.0,"damage_taken":0.0,"relics_obtained":["Red Mask"]},{"damage_healed":0.0,"max_hp_gain":0.0,"max_hp_loss":0.0,"gold_gain":0.0,"event_name":"MindBloom","player_choice":"Upgrade","floor":44.0,"gold_loss":0.0,"damage_taken":0.0,"cards_upgraded":["MokouMod:Strike","MokouMod:Strike","MokouMod:Strike","MokouMod:Strike","MokouMod:Strike","MokouMod:Defend","MokouMod:HeatSpark","MokouMod:Sear","MokouMod:TemporalFireSeal","MokouMod:Sear","MokouMod:Wildfire","MokouMod:HeartofFire","MokouMod:IndiscriminateIgnition","MokouMod:SubterraneanCore","MokouMod:RoaringFlare","MokouMod:FujiyamaVolcano","MokouMod:Singe","MokouMod:Overheat","Finesse","MokouMod:BlazingComet","MokouMod:Extinguish"],"relics_obtained":["Mark of the Bloom"]},{"damage_healed":0.0,"max_hp_gain":0.0,"max_hp_loss":5.0,"gold_gain":0.0,"event_name":"Winding Halls","player_choice":"Max HP","floor":47.0,"gold_loss":0.0,"damage_taken":0.0}],"is_beta":false,"boss_relics":[{"not_picked":["Sozu","SacredBark"],"picked":"Tiny House"},{"not_picked":["Coffee Dripper","Runic Dome"],"picked":"Calling Bell"}],"items_purged_floors":[8,21,24,36],"is_endless":false,"potions_floor_spawned":[1,4,11,14,22,27,35,38],"ascension_level":0}}