{"host":"a7dhdzm3fda48fos","time":1610168324,"event":{"mods":["AchievementEnabler","AlwaysNeverKeys","BaseMod","Block Reminder","Colored Map","Downfall","Friendly Minions","Gold Saver","Hermit","Infinite Spire","Minty Spire (QoL Compilation)","Quick Restart","Relic Filter","Relic Sorter","Relic Stats","Remove Card Discount Mod","Replay The Spire","StSLib","The Cursed","The Mystic","The Servant 0.9.4"],"gold_per_floor":[116,128,148,168,179,179,179],"floor_reached":6,"playtime":579,"items_purged":[],"score":40,"play_id":"bbbb416b-0e90-4ee9-9291-503bb8a02873","local_time":"20210109055844","is_ascension_mode":false,"campfire_choices":[],"circlet_count":0,"master_deck":["Strike_S","Strike_S","Strike_S","Strike_S","Defend_S","Defend_S","Defend_S","Defend_S","KidneyShot","Exchange","Rewind","Starlight","Rearm","Misdirection","Snipe"],"relics":["Uniform"],"acts_visited":["Exordium"],"potions_floor_usage":[],"damage_taken":[{"damage":1,"enemies":"Cultist","floor":1,"turns":4},{"damage":5,"enemies":"Small Slimes","floor":2,"turns":4},{"damage":2,"enemies":"2 Louse","floor":3,"turns":3},{"damage":23,"enemies":"Large Slime","floor":4,"turns":9},{"damage":5,"enemies":"Blue Slaver","floor":5,"turns":4},{"damage":43,"enemies":"Gremlin Nob","floor":6,"turns":5}],"seed_played":"-4842278379391249874","potions_obtained":[{"floor":2,"key":"Strength Potion"}],"is_trial":false,"path_per_floor":["M","M","M","M","M","E"],"character_chosen":"THE_SERVANT","items_purchased":[],"campfire_rested":0,"item_purchase_floors":[],"current_hp_per_floor":[70,65,63,40,35,0,0],"gold":179,"neow_bonus":"TEN_PERCENT_HP_BONUS","is_daily":false,"chose_seed":false,"campfire_upgraded":0,"win_rate":0.0,"timestamp":1610168324,"path_taken":["M","M","?","M","M","E"],"items_purchased_type":[],"build_version":"2020-12-22","purchased_purges":0,"victory":false,"max_hp_per_floor":[71,71,71,71,71,71,71],"relic_stats":{"counters":[6,29],"obtain_stats":[{"Uniform":0},{"Uniform":0},{"Uniform":0}]},"card_choices":[{"not_picked":["SpecialFormula","Spin"],"picked":"Rewind","floor":1},{"not_picked":["InstantArmor","BottledTime"],"picked":"Starlight","floor":2},{"not_picked":["Spin","Starlight"],"picked":"Rearm","floor":3},{"not_picked":["Replace","Revamp"],"picked":"Misdirection","floor":4},{"not_picked":["FanOfKnives","Unruled"],"picked":"Snipe","floor":5}],"player_experience":99505,"relics_obtained":[],"event_choices":[],"is_beta":false,"boss_relics":[],"items_purged_floors":[],"is_endless":false,"potions_floor_spawned":[2],"killed_by":"Gremlin Nob","ascension_level":0}}