{"host":"a5lz0e76zb3fcwkm","time":1610206458,"event":{"mods":["AchievementEnabler","BaseMod","Colored Map","Colored Powertips","Minty Spire (QoL Compilation)","StSLib","SuperFastMode"],"gold_per_floor":[110,185,110,121,121,155,174,174,244,260,275,289,80,96,96,170,170,184,184,16,196,210,210,170,170,170,170,187,206,72,83,83,157,207,220,244,264,120,145,145,164,197,197,237,257,271,141,53,53,53,53],"floor_reached":50,"playtime":1399,"items_purged":["Strike_G","Strike_G","Strike_G","Strike_G","Defend_G"],"score":1233,"play_id":"27f45094-1655-4509-90e3-a54c98e32f89","local_time":"20210110003418","is_ascension_mode":true,"campfire_choices":[{"data":"Terror","floor":8.0,"key":"SMITH"},{"data":"Finisher","floor":15.0,"key":"SMITH"},{"data":"Accuracy","floor":23.0,"key":"SMITH"},{"data":"Venomology","floor":25.0,"key":"SMITH"},{"data":"Blade Dance","floor":27.0,"key":"SMITH"},{"floor":32.0,"key":"REST"},{"data":"Burst","floor":40.0,"key":"SMITH"},{"floor":49,"key":"RECALL"}],"circlet_count":0,"master_deck":["AscendersBane","Defend_G","Defend_G","Defend_G","Survivor+1","Neutralize","Reflex","Backflip","Terror+1","Well Laid Plans","Finisher+1","Blade Dance+1","Venomology+1","Accuracy+1","Escape Plan","Acrobatics","Tools of the Trade","Burst+1","Escape Plan+1","Blur","Cloak And Dagger+1","Adrenaline","Blade Dance","Choke+1"],"relics":["Ring of the Snake","NeowsBlessing","PreservedInsect","Ninja Scroll","Membership Card","Cursed Key","Omamori","Medical Kit","Prayer Wheel","Potion Belt","Tiny House","OrangePellets","Torii","CeramicFish","Juzu Bracelet"],"acts_visited":["Exordium","TheCity","TheBeyond"],"potions_floor_usage":[44,44,45,45,45,50,50,50,50,50,50],"damage_taken":[{"damage":0.0,"enemies":"Cultist","floor":1.0,"turns":1.0},{"damage":0.0,"enemies":"Jaw Worm","floor":4.0,"turns":1.0},{"damage":0.0,"enemies":"3 Sentries","floor":6.0,"turns":1.0},{"damage":0.0,"enemies":"2 Louse","floor":7.0,"turns":3.0},{"damage":10.0,"enemies":"Exordium Wildlife","floor":10.0,"turns":5.0},{"damage":2.0,"enemies":"2 Fungi Beasts","floor":11.0,"turns":3.0},{"damage":6.0,"enemies":"Looter","floor":12.0,"turns":4.0},{"damage":0.0,"enemies":"Red Slaver","floor":14.0,"turns":1.0},{"damage":0.0,"enemies":"Slime Boss","floor":16.0,"turns":1.0},{"damage":1.0,"enemies":"3 Byrds","floor":18.0,"turns":4.0},{"damage":15.0,"enemies":"2 Thieves","floor":22.0,"turns":3.0},{"damage":1.0,"enemies":"3 Cultists","floor":28.0,"turns":4.0},{"damage":0.0,"enemies":"Centurion and Healer","floor":29.0,"turns":4.0},{"damage":19.0,"enemies":"Snake Plant","floor":31.0,"turns":4.0},{"damage":14.0,"enemies":"Champ","floor":33.0,"turns":5.0},{"damage":13.0,"enemies":"3 Darklings","floor":35.0,"turns":4.0},{"damage":0.0,"enemies":"Orb Walker","floor":37.0,"turns":1.0},{"damage":0.0,"enemies":"Mind Bloom Boss Battle","floor":39.0,"turns":3.0},{"damage":24.0,"enemies":"4 Shapes","floor":41.0,"turns":5.0},{"damage":1.0,"enemies":"Nemesis","floor":42.0,"turns":3.0},{"damage":0,"enemies":"Reptomancer","floor":44,"turns":2},{"damage":1,"enemies":"Writhing Mass","floor":45,"turns":3},{"damage":12,"enemies":"3 Darklings","floor":46,"turns":5},{"damage":37,"enemies":"Donu and Deca","floor":50,"turns":4}],"seed_played":"7737888360487921466","potions_obtained":[{"floor":1.0,"key":"SpeedPotion"},{"floor":4.0,"key":"LiquidMemories"},{"floor":12.0,"key":"Weak Potion"},{"floor":14.0,"key":"SteroidPotion"},{"floor":16.0,"key":"Regen Potion"},{"floor":18.0,"key":"Weak Potion"},{"floor":24.0,"key":"EntropicBrew"},{"floor":31.0,"key":"Energy Potion"},{"floor":33.0,"key":"LiquidBronze"},{"floor":34.0,"key":"SteroidPotion"},{"floor":39.0,"key":"Fruit Juice"},{"floor":42.0,"key":"SneckoOil"},{"floor":44,"key":"SteroidPotion"}],"is_trial":false,"path_per_floor":["M","?","?","M","?","E","M","R","T","M","M","M","$","M","R","B",null,"M","?","$","?","M","R","?","R","T","R","M","M","$","M","R","B",null,"M","T","M","$","?","R","M","E","T","E","M","M","$","$","R","B"],"character_chosen":"THE_SILENT","items_purchased":["Membership Card","Omamori","Medical Kit","Potion Belt","OrangePellets","EntropicBrew"],"campfire_rested":1,"item_purchase_floors":[13,20,20,30,38,47],"current_hp_per_floor":[59,48,48,48,41,41,41,41,41,31,29,23,23,23,23,23,55,54,54,54,35,29,29,29,29,29,29,28,28,28,9,28,14,58,45,45,45,45,50,50,26,25,25,25,24,12,12,12,12,0,0],"gold":53,"neow_bonus":"THREE_ENEMY_KILL","is_daily":false,"chose_seed":false,"campfire_upgraded":6,"win_rate":0.0,"timestamp":1610206458,"path_taken":["M","?","?","M","?","E","?","R","T","M","M","M","$","M","R","BOSS","M","?","$","?","?","R","?","R","T","R","M","M","?","?","R","BOSS","M","?","M","?","?","R","M","E","T","E","M","M","?","$","R","BOSS"],"items_purchased_type":["Relic","Relic","Relic","Relic","Relic","Potion"],"build_version":"2020-12-22","purchased_purges":5,"victory":false,"max_hp_per_floor":[66,66,66,66,66,66,66,66,66,66,66,66,66,66,66,66,66,66,66,66,66,66,66,66,66,66,66,66,66,66,66,66,66,71,71,71,71,71,76,76,76,76,76,76,76,76,76,76,76,76,76],"card_choices":[{"not_picked":["Bane","Dagger Throw"],"picked":"Reflex","floor":1.0},{"not_picked":["Sucker Punch","PiercingWail"],"picked":"Backflip","floor":4.0},{"not_picked":["Flying Knee","Reflex"],"picked":"Terror","floor":6.0},{"not_picked":["Leg Sweep","Choke","Concentrate"],"picked":"SKIP","floor":7.0},{"not_picked":["Bane","Prepared"],"picked":"Well Laid Plans","floor":10.0},{"not_picked":["Leg Sweep","Quick Slash","Skewer"],"picked":"SKIP","floor":11.0},{"not_picked":["Noxious Fumes","Deadly Poison"],"picked":"Finisher","floor":12.0},{"not_picked":["Acrobatics","Dagger Spray"],"picked":"Blade Dance","floor":14.0},{"not_picked":["Bullet Time","Storm of Steel"],"picked":"Venomology","floor":16.0},{"not_picked":["Dodge and Roll","Blade Dance"],"picked":"Accuracy","floor":18.0},{"not_picked":["Dodge and Roll","Outmaneuver"],"picked":"Escape Plan","floor":22.0},{"not_picked":["Bane","Concentrate"],"picked":"Acrobatics","floor":28.0},{"not_picked":["Noxious Fumes","Outmaneuver","Underhanded Strike"],"picked":"SKIP","floor":28.0},{"not_picked":["Bouncing Flask","Flechettes","Backflip"],"picked":"SKIP","floor":29.0},{"not_picked":["Setup","Flechettes","Deflect"],"picked":"SKIP","floor":29.0},{"not_picked":["Slice","Backflip"],"picked":"Tools of the Trade","floor":31.0},{"not_picked":["Heel Hook","Bane","Dodge and Roll"],"picked":"SKIP","floor":31.0},{"not_picked":["Corpse Explosion","Venomology"],"picked":"Burst","floor":33.0},{"not_picked":["PiercingWail","Terror"],"picked":"Escape Plan+1","floor":35.0},{"not_picked":["Calculated Gamble","Dagger Throw+1","Caltrops+1"],"picked":"SKIP","floor":35.0},{"not_picked":["Bane","Poisoned Stab"],"picked":"Blur","floor":37.0},{"not_picked":["Bane","Backflip+1","Caltrops+1"],"picked":"SKIP","floor":37.0},{"not_picked":["Bane+1","Leg Sweep+1"],"picked":"Cloak And Dagger+1","floor":39.0},{"not_picked":["Deflect","All Out Attack"],"picked":"Adrenaline","floor":41.0},{"not_picked":["Dagger Throw","Poisoned Stab","Quick Slash+1"],"picked":"SKIP","floor":41.0},{"not_picked":["Envenom","Underhanded Strike","Deadly Poison"],"picked":"SKIP","floor":42.0},{"not_picked":["Dagger Spray","Calculated Gamble+1"],"picked":"Blade Dance","floor":44},{"not_picked":["Leg Sweep","Flying Knee+1"],"picked":"Choke+1","floor":45},{"not_picked":["Underhanded Strike","Predator+1","Dodge and Roll"],"picked":"SKIP","floor":45},{"not_picked":["Flying Knee+1","Bane","Dagger Spray"],"picked":"SKIP","floor":46},{"not_picked":["Crippling Poison+1","Predator","Slice+1"],"picked":"SKIP","floor":46}],"player_experience":1704287,"relics_obtained":[{"floor":6.0,"key":"PreservedInsect"},{"floor":9.0,"key":"Ninja Scroll"},{"floor":26.0,"key":"Prayer Wheel"},{"floor":39.0,"key":"Torii"},{"floor":42.0,"key":"CeramicFish"},{"floor":44,"key":"Juzu Bracelet"}],"event_choices":[{"damage_healed":0.0,"max_hp_gain":0.0,"max_hp_loss":0.0,"gold_gain":75.0,"event_name":"World of Goop","player_choice":"Gather Gold","floor":2.0,"gold_loss":0.0,"damage_taken":11.0},{"cards_removed":["Strike_G"],"damage_healed":0.0,"max_hp_gain":0.0,"max_hp_loss":0.0,"gold_gain":0.0,"event_name":"The Cleric","player_choice":"Card Removal","floor":3.0,"gold_loss":75.0,"damage_taken":0.0},{"cards_removed":["Defend_G"],"damage_healed":0.0,"max_hp_gain":0.0,"max_hp_loss":0.0,"gold_gain":0.0,"event_name":"Golden Wing","player_choice":"Card Removal","floor":5.0,"gold_loss":0.0,"damage_taken":7.0},{"damage_healed":0.0,"max_hp_gain":0.0,"max_hp_loss":0.0,"gold_gain":0.0,"event_name":"Ghosts","player_choice":"Ignored","floor":19.0,"gold_loss":0.0,"damage_taken":0.0},{"damage_healed":0.0,"max_hp_gain":0.0,"max_hp_loss":0.0,"gold_gain":180.0,"event_name":"Knowing Skull","player_choice":"GOLD GOLD ","floor":21.0,"potions_obtained":[],"gold_loss":0.0,"damage_taken":19.0,"cards_obtained":[]},{"damage_healed":0.0,"max_hp_gain":0.0,"max_hp_loss":0.0,"gold_gain":0.0,"event_name":"The Woman in Blue","player_choice":"Bought 3 Potions","floor":24.0,"gold_loss":0.0,"damage_taken":0.0},{"damage_healed":0.0,"max_hp_gain":0.0,"max_hp_loss":0.0,"gold_gain":0.0,"event_name":"MindBloom","player_choice":"Fight","floor":39.0,"gold_loss":0.0,"damage_taken":0.0}],"is_beta":false,"boss_relics":[{"not_picked":["Calling Bell","Snecko Eye"],"picked":"Cursed Key"},{"not_picked":["Fusion Hammer","Pandora\u0027s Box"],"picked":"Tiny House"}],"items_purged_floors":[13,30,38,47,48],"is_endless":false,"potions_floor_spawned":[1,4,12,14,16,18,31,33,39,42,44],"killed_by":"Donu and Deca","ascension_level":20}}