{"host":"1a3cjta80tad0aqj","time":1610220863,"event":{"mods":["2.2 Compatiblity","AchievementEnabler","BaseMod","Colored Map","DeckTracker","KOR Keyword Fix","Keyboard Shortcuts","Minty Spire (QoL Compilation)","Permanent Neow","Quick Restart","Random Character Button","StSLib","SuperFastMode","everything is the same but u backflip on backflip"],"gold_per_floor":[119,132,148,73,83,83,83,83,83,83,83,101,111,125,125,226,226,246,246,226,226,226,226,226,226,226,226,238,138,63,77,77,77,77],"floor_reached":33,"playtime":1501,"items_purged":["Strike_R","Armaments"],"score":237,"play_id":"a1e0f2a8-cd50-4d00-8b4d-d57a048fb20b","local_time":"20210110043423","is_ascension_mode":false,"campfire_choices":[{"data":"Uppercut","floor":6.0,"key":"SMITH"},{"data":"Bash","floor":8.0,"key":"SMITH"},{"data":"Strike_R","floor":11.0,"key":"SMITH"},{"data":"Sword Boomerang","floor":15.0,"key":"SMITH"},{"data":"Perfected Strike","floor":23.0,"key":"SMITH"},{"data":"Perfected Strike","floor":25.0,"key":"SMITH"},{"data":"Shockwave","floor":27.0,"key":"SMITH"},{"data":"Dual Wield","floor":32,"key":"SMITH"}],"circlet_count":0,"master_deck":["Strike_R+1","Strike_R+1","Strike_R+1","Strike_R+1","Defend_R+1","Bash+1","Uppercut+1","Sword Boomerang+1","Blood for Blood","Shockwave+1","Impervious","Perfected Strike+1","Perfected Strike+1","Dual Wield+1"],"relics":["Snecko Eye"],"acts_visited":["Exordium","TheCity"],"potions_floor_usage":[33,33],"damage_taken":[{"damage":7.0,"enemies":"Small Slimes","floor":1.0,"turns":5.0},{"damage":1.0,"enemies":"2 Louse","floor":2.0,"turns":2.0},{"damage":1.0,"enemies":"Jaw Worm","floor":3.0,"turns":2.0},{"damage":7.0,"enemies":"3 Louse","floor":5.0,"turns":4.0},{"damage":3.0,"enemies":"2 Fungi Beasts","floor":12.0,"turns":3.0},{"damage":0.0,"enemies":"Blue Slaver","floor":13.0,"turns":3.0},{"damage":1.0,"enemies":"3 Louse","floor":14.0,"turns":2.0},{"damage":34.0,"enemies":"Hexaghost","floor":16.0,"turns":7.0},{"damage":0.0,"enemies":"3 Byrds","floor":18.0,"turns":6.0},{"damage":9.0,"enemies":"2 Thieves","floor":20.0,"turns":4.0},{"damage":0,"enemies":"Sentry and Sphere","floor":28,"turns":2},{"damage":18,"enemies":"Shelled Parasite and Fungi","floor":31,"turns":2},{"damage":94,"enemies":"Collector","floor":33,"turns":5}],"seed_played":"2762745167350231348","potions_obtained":[{"floor":1.0,"key":"BloodPotion"},{"floor":12.0,"key":"BloodPotion"},{"floor":18.0,"key":"EssenceOfSteel"},{"floor":31,"key":"FearPotion"}],"is_trial":false,"path_per_floor":["M","M","M","$","M","R","?","R","T","?","R","M","M","M","R","B",null,"M","?","M","?","?","R","?","R","T","R","M","$","?","M","R","B"],"character_chosen":"IRONCLAD","items_purchased":[],"campfire_rested":0,"item_purchase_floors":[],"current_hp_per_floor":[73,72,71,71,64,64,64,64,64,69,69,66,66,65,65,31,85,85,85,76,76,76,76,76,76,76,76,76,76,76,58,58,0,0],"gold":77,"neow_bonus":"BOSS_RELIC","is_daily":false,"chose_seed":true,"campfire_upgraded":8,"win_rate":0.0,"timestamp":1610220863,"path_taken":["M","M","M","$","M","R","?","R","T","?","R","M","M","M","R","BOSS","M","?","M","?","?","R","?","R","T","R","M","$","?","?","R","BOSS"],"items_purchased_type":[],"build_version":"2020-12-22","purchased_purges":2,"victory":false,"max_hp_per_floor":[80,80,80,80,80,80,80,80,80,85,85,85,85,85,85,85,85,85,85,85,85,85,85,85,85,85,85,85,85,85,85,85,85,85],"card_choices":[{"not_picked":["Dark Embrace","Sentinel","Twin Strike"],"picked":"SKIP","floor":1.0},{"not_picked":["Body Slam","Twin Strike","Thunderclap"],"picked":"SKIP","floor":2.0},{"not_picked":["Headbutt","Armaments","Warcry"],"picked":"SKIP","floor":3.0},{"not_picked":["Shrug It Off","Reckless Charge"],"picked":"Uppercut","floor":5.0},{"not_picked":["Anger","Headbutt"],"picked":"Sword Boomerang","floor":12.0},{"not_picked":["Second Wind","Rage"],"picked":"Blood for Blood","floor":13.0},{"not_picked":["Sword Boomerang","Flex"],"picked":"Shockwave","floor":14.0},{"not_picked":["Berserk","Fiend Fire"],"picked":"Impervious","floor":16.0},{"not_picked":["Wild Strike","Inflame"],"picked":"Perfected Strike","floor":18.0},{"not_picked":["Pommel Strike","Anger","Cleave"],"picked":"SKIP","floor":20.0},{"not_picked":["Clothesline","Anger","Heavy Blade"],"picked":"SKIP","floor":28},{"not_picked":["Havoc+1","Disarm+1","Searing Blow"],"picked":"SKIP","floor":31}],"player_experience":248495,"relics_obtained":[],"event_choices":[{"damage_healed":0.0,"max_hp_gain":0.0,"max_hp_loss":0.0,"gold_gain":0.0,"event_name":"Liars Game","player_choice":"Ignored","floor":7.0,"gold_loss":0.0,"damage_taken":0.0},{"damage_healed":0.0,"max_hp_gain":5.0,"max_hp_loss":0.0,"gold_gain":0.0,"event_name":"Big Fish","player_choice":"Donut","floor":10.0,"gold_loss":0.0,"damage_taken":0.0},{"damage_healed":0.0,"max_hp_gain":0.0,"max_hp_loss":0.0,"gold_gain":0.0,"event_name":"The Library","player_choice":"Read","floor":19.0,"gold_loss":0.0,"damage_taken":0.0,"cards_obtained":["Perfected Strike"]},{"damage_healed":0.0,"max_hp_gain":0.0,"max_hp_loss":0.0,"gold_gain":0.0,"cards_transformed":["Defend_R","Defend_R"],"event_name":"Drug Dealer","player_choice":"Became Test Subject","floor":21.0,"gold_loss":0.0,"damage_taken":0.0,"cards_obtained":["Armaments","Dual Wield"]},{"damage_healed":0.0,"max_hp_gain":0.0,"max_hp_loss":0.0,"gold_gain":0.0,"event_name":"Ghosts","player_choice":"Ignored","floor":22.0,"gold_loss":0.0,"damage_taken":0.0},{"damage_healed":0.0,"max_hp_gain":0.0,"max_hp_loss":0.0,"gold_gain":0.0,"event_name":"Back to Basics","player_choice":"Simplicity","floor":24.0,"gold_loss":0.0,"damage_taken":0.0,"cards_upgraded":["Strike_R","Strike_R","Strike_R","Defend_R","Defend_R"]},{"cards_removed":["Defend_R"],"damage_healed":0,"gold_gain":0,"player_choice":"Gave Gold","damage_taken":0,"max_hp_gain":0,"max_hp_loss":0,"event_name":"Beggar","floor":30,"gold_loss":75}],"is_beta":false,"boss_relics":[{"not_picked":[]}],"items_purged_floors":[4,29],"is_endless":false,"potions_floor_spawned":[1,12,18,31],"killed_by":"Collector","ascension_level":0}}