{"host":"vpaavrwbmey593fx","time":1610228829,"event":{"mods":["AchievementEnabler","BaseMod","Colored Map","Colored Powertips","DeckTracker","Minty Spire (QoL Compilation)","Relic Sorter"],"gold_per_floor":[210,230,244,264,279,290,290,324,347,113,113,113,133,147,147,244,244,262,276,288,288,288,320,320,320],"floor_reached":24,"playtime":2232,"items_purged":["Strike_R"],"score":255,"play_id":"a219c583-c377-444a-b1e7-bb8e0a0aedcb","local_time":"20210109134709","is_ascension_mode":true,"campfire_choices":[{"data":"Armaments","floor":7.0,"key":"SMITH"},{"data":"Inflame","floor":12.0,"key":"SMITH"},{"data":"Shockwave","floor":15.0,"key":"SMITH"}],"circlet_count":0,"master_deck":["Strike_R","Strike_R","Defend_R","Defend_R","Defend_R","Bash","Heavy Blade","Inflame+1","Immolate","Armaments+1","Flame Barrier","Enlightenment","Shrug It Off","Shockwave+1","Barricade","Seeing Red","Decay","Shrug It Off+1"],"relics":["Burning Blood","StoneCalendar","Membership Card","Empty Cage","Gambling Chip"],"acts_visited":["Exordium","TheCity"],"potions_floor_usage":[23,23,23],"damage_taken":[{"damage":6.0,"enemies":"Small Slimes","floor":1.0,"turns":3.0},{"damage":3.0,"enemies":"2 Louse","floor":2.0,"turns":2.0},{"damage":11.0,"enemies":"Jaw Worm","floor":3.0,"turns":4.0},{"damage":0.0,"enemies":"Exordium Wildlife","floor":4.0,"turns":1.0},{"damage":2.0,"enemies":"Looter","floor":5.0,"turns":4.0},{"damage":6.0,"enemies":"Exordium Thugs","floor":6.0,"turns":4.0},{"damage":27.0,"enemies":"Lagavulin","floor":8.0,"turns":8.0},{"damage":0.0,"enemies":"Exordium Wildlife","floor":13.0,"turns":2.0},{"damage":21.0,"enemies":"Lots of Slimes","floor":14.0,"turns":3.0},{"damage":13.0,"enemies":"The Guardian","floor":16.0,"turns":11.0},{"damage":27.0,"enemies":"2 Thieves","floor":18.0,"turns":5.0},{"damage":39,"enemies":"Spheric Guardian","floor":19,"turns":6},{"damage":23,"enemies":"Centurion and Healer","floor":20,"turns":5},{"damage":22,"enemies":"Gremlin Leader","floor":23,"turns":7},{"damage":37,"enemies":"Snake Plant","floor":24,"turns":4}],"seed_played":"8670793405257713101","potions_obtained":[{"floor":5.0,"key":"EssenceOfSteel"},{"floor":6.0,"key":"LiquidMemories"},{"floor":8.0,"key":"SkillPotion"},{"floor":14.0,"key":"Regen Potion"},{"floor":23,"key":"LiquidBronze"}],"is_trial":false,"path_per_floor":["M","M","M","M","M","M","R","E","T","$","?","R","M","M","R","B",null,"M","M","M","?","?","E","M"],"character_chosen":"IRONCLAD","items_purchased":["Membership Card","Enlightenment"],"campfire_rested":0,"item_purchase_floors":[10,10],"current_hp_per_floor":[80,80,75,80,80,80,80,59,59,59,52,52,58,43,43,36,80,59,26,9,35,35,34,0,0],"gold":320,"neow_bonus":"HUNDRED_GOLD","is_daily":false,"chose_seed":false,"campfire_upgraded":3,"win_rate":0.0,"timestamp":1610228829,"path_taken":["M","M","M","M","M","M","R","E","T","$","?","R","M","M","R","BOSS","M","M","M","?","?","E","M"],"items_purchased_type":["Relic","Card"],"build_version":"2020-12-22","purchased_purges":1,"victory":false,"max_hp_per_floor":[80,80,80,80,80,80,80,80,80,80,80,80,80,80,80,80,80,80,80,80,80,80,80,80,80],"card_choices":[{"not_picked":["Iron Wave","Second Wind"],"picked":"Heavy Blade","floor":1.0},{"not_picked":["Warcry","Cleave"],"picked":"Inflame","floor":2.0},{"not_picked":["Pommel Strike","Heavy Blade"],"picked":"Immolate","floor":3.0},{"not_picked":["Pommel Strike","Twin Strike","Sword Boomerang"],"picked":"SKIP","floor":4.0},{"not_picked":["Wild Strike","Clash","Flex"],"picked":"SKIP","floor":5.0},{"not_picked":["Corruption","Havoc"],"picked":"Armaments","floor":6.0},{"not_picked":["Bloodletting","Entrench"],"picked":"Flame Barrier","floor":8.0},{"not_picked":["Headbutt","Rage"],"picked":"Shrug It Off","floor":13.0},{"not_picked":["Sever Soul","Whirlwind"],"picked":"Shockwave","floor":14.0},{"not_picked":["Double Tap","Impervious"],"picked":"Barricade","floor":16.0},{"not_picked":["Dual Wield+1","Headbutt+1"],"picked":"Seeing Red","floor":18.0},{"not_picked":["Dual Wield+1","Clash+1","Thunderclap+1"],"picked":"SKIP","floor":19},{"not_picked":["Twin Strike","Sword Boomerang","Perfected Strike"],"picked":"SKIP","floor":20},{"not_picked":["Headbutt+1","Reckless Charge"],"picked":"Shrug It Off+1","floor":23}],"player_experience":141753,"relics_obtained":[{"floor":8.0,"key":"StoneCalendar"},{"floor":23,"key":"Gambling Chip"}],"event_choices":[{"cards_removed":["Strike_R"],"damage_healed":0.0,"max_hp_gain":0.0,"max_hp_loss":0.0,"gold_gain":0.0,"event_name":"Golden Wing","player_choice":"Card Removal","floor":11.0,"gold_loss":0.0,"damage_taken":7.0},{"damage_healed":26,"gold_gain":0,"player_choice":"Heal","damage_taken":0,"max_hp_gain":0,"max_hp_loss":0,"event_name":"The Library","floor":21,"gold_loss":0},{"damage_healed":0,"gold_gain":0,"player_choice":"Smashed Altar","damage_taken":0,"max_hp_gain":0,"max_hp_loss":0,"event_name":"Forgotten Altar","floor":22,"gold_loss":0,"cards_obtained":["Decay"]}],"is_beta":false,"boss_relics":[{"not_picked":["SlaversCollar","Coffee Dripper"],"picked":"Empty Cage"}],"items_purged_floors":[10],"is_endless":false,"potions_floor_spawned":[5,6,8,14,18,23],"killed_by":"Snake Plant","ascension_level":3}}