{"host":"u7y6mp3waw4jt65j","time":1610200287,"event":{"mods":["ATMod(°¢èªMod)","Aspiration","BaseMod","Minty Spire (QoL Compilation)","Replay The Spire","StSLib","¡¾ÒÅÎï¿¨ÅÆ¡¿REMEMod"],"gold_per_floor":[110,110,110,121,74,74,101,101,101,117,144,144,144,319,319,419,569,584,584,597,597,614,614,332,332,332,347,381,381,398,412,412,514,514,524,539,219,219,234,234,266,266,266,283,301,316,336,336,336,336],"floor_reached":51,"playtime":1998,"items_purged":[],"score":1096,"play_id":"57b749d4-c5e3-42de-aba6-c877333fa6ac","local_time":"20210109215127","is_ascension_mode":true,"campfire_choices":[{"data":"AT_DrawKnifeCut","floor":6,"key":"SMITH"},{"data":"Accuracy","floor":12,"key":"SMITH"},{"data":"Hidden Blade","floor":12,"key":"SMITH"},{"floor":15,"key":"REST"},{"data":"REME_BodyOfCthun","floor":23,"key":"SMITH"},{"data":"Dagger Throw","floor":23,"key":"SMITH"},{"data":"Sucker Punch","floor":29,"key":"SMITH"},{"data":"Neutralize","floor":29,"key":"SMITH"},{"floor":32,"key":"REST"},{"floor":40,"key":"REST"},{"data":"Dagger Spray","floor":42,"key":"SMITH"},{"data":"aspiration:Lunge","floor":42,"key":"SMITH"},{"floor":49,"key":"REST"}],"circlet_count":0,"master_deck":["Strike_G+1","Strike_G+1","Strike_G+1","Strike_G+1","Strike_G+1","Defend_G","Defend_G","Defend_G","Defend_G","Defend_G+1","Survivor","Neutralize+1","REME_BodyOfCthun+1","AT_DrawKnifeCut+1","Hidden Blade+1","Sickly","Injury","Dagger Throw+1","Cloak And Dagger+1","PiercingWail+1","ReplayTheSpireMod:Shiv Toss+1","Accuracy+1","Doubt","Replay:Bag of Tricks+1","ReplayTheSpireMod:Doomed","Prepared+1","Terror+1","Quick Slash+1","Cloak And Dagger+1","Sucker Punch+1","AT_ShadowStep+1","Hidden Blade+1","Dagger Spray+1","aspiration:Lunge+1","CurseOfTheBell","AT_FocusSwordFire+1","AT_WindFlip+1","Accuracy+1","PiercingWail+1","Accuracy+1","AT_Desolate+1","AT_ShadowStep+1","Dagger Throw"],"relics":["Ring of the Snake","AT_ATBox","REME_ComplimentaryCards","Ring of Misfortune","ReplayTheSpireMod:Ring of Exchange","Toxic Egg 2","Blue Candle","Replay:Arrowhead","The Courier","REME_PuzzleBoxRelic","ReplayTheSpireMod:CursedCoin","AT_BellDemon","Letter Opener","Bottled Flame","AT_SunfireAegis","Pen Nib","Ninja Scroll","Pantograph","Du-Vu Doll","AT_EbonyIvory","Basket Of Snakes","Ancient Tea Set","Replay:Bottled Eggs","Calling Bell","Pet Ghost","Replay:Bottled Snecko","REME_IWantAll","ReplayFunnel","REME_HandOfSuture","Nunchaku","Snack Pack","Bag of Preparation","aspiration:ChemicalBlood","AT_RedNoBalance","AT_ArchangelStaff","aspiration:HatOfInfinitePower","aspiration:SeaSaltIceCream","aspiration:Nostalgia","PureWater","Question Card","ReplayTheSpireMod:TigerMarble"],"acts_visited":["Exordium","TheCity","TheBeyond"],"potions_floor_usage":[33,50,50,50],"damage_taken":[{"damage":4,"enemies":"Small Slimes","floor":1,"turns":2},{"damage":4,"enemies":"Jaw Worm","floor":4,"turns":3},{"damage":22,"enemies":"Gremlin Nob","floor":7,"turns":4},{"damage":0,"enemies":"Cultist","floor":10,"turns":4},{"damage":13,"enemies":"Replay:BlueRogue","floor":11,"turns":6},{"damage":0,"enemies":"Hexaghost","floor":16,"turns":8},{"damage":0,"enemies":"Spheric Guardian","floor":18,"turns":3},{"damage":0,"enemies":"3 Byrds","floor":20,"turns":3},{"damage":0,"enemies":"Snake Plant","floor":22,"turns":1},{"damage":12,"enemies":"Cultist and Chosen","floor":27,"turns":3},{"damage":28,"enemies":"Book of Stabbing","floor":28,"turns":2},{"damage":0,"enemies":"Shelled Parasite and Fungi","floor":30,"turns":1},{"damage":0,"enemies":"Centurion and Healer","floor":31,"turns":1},{"damage":34,"enemies":"Champ","floor":33,"turns":3},{"damage":29,"enemies":"3 Shapes","floor":35,"turns":1},{"damage":0,"enemies":"Orb Walker","floor":36,"turns":1},{"damage":12,"enemies":"Sphere and 2 Shapes","floor":39,"turns":1},{"damage":0,"enemies":"Giant Head","floor":41,"turns":1},{"damage":0,"enemies":"Jaw Worm Horde","floor":44,"turns":1},{"damage":13,"enemies":"4 Shapes","floor":45,"turns":1},{"damage":0,"enemies":"3 Darklings","floor":46,"turns":1},{"damage":0,"enemies":"Spire Growth","floor":47,"turns":2},{"damage":41,"enemies":"Time Eater","floor":50,"turns":2}],"seed_played":"-7410391904768361035","potions_obtained":[{"floor":7,"key":"Reflective Coating"},{"floor":16,"key":"PowerPotion"},{"floor":20,"key":"Elixir"},{"floor":30,"key":"Dexterity Potion"},{"floor":35,"key":"BlessingOfTheForge"},{"floor":46,"key":"Adrenaline Potion"},{"floor":50,"key":"Strength Potion"},{"floor":50,"key":"Energy Potion"},{"floor":50,"key":"Fire Potion"}],"is_trial":false,"path_per_floor":["M","?","?","M","$","R","E","?","T","M","E","R","$","?","R","B",null,"M","?","M","$","M","R","$","?","T","M","E","R","M","M","R","B",null,"M","M","$","?","M","R","E","R","T","M","M","M","M","?","R","B",null],"character_chosen":"THE_SILENT","items_purchased":["Cloak And Dagger+1","AT_SunfireAegis","Cloak And Dagger+1","Pen Nib","Nunchaku","Snack Pack"],"campfire_rested":4,"item_purchase_floors":[5,24,24,24,37,37],"current_hp_per_floor":[66,66,66,62,62,62,40,37,37,37,24,24,24,24,45,45,70,70,70,70,70,70,70,70,70,70,58,30,30,30,30,51,36,70,41,41,41,41,31,52,60,60,60,41,22,41,37,37,58,25],"gold":336,"neow_bonus":"RANDOM_EVENT","is_daily":false,"chose_seed":false,"campfire_upgraded":9,"win_rate":0.0,"timestamp":1610200287,"path_taken":["M","?","?","?","$","R","E","?","T","M","E","R","$","?","R","BOSS","M","?","M","$","?","R","?","?","T","?","E","R","M","M","R","BOSS","M","M","$","?","?","R","E","R","T","M","M","M","?","?","R","BOSS"],"items_purchased_type":["Card","Relic","Card","Relic","Relic","Relic"],"build_version":"2020-12-22","purchased_purges":0,"victory":true,"max_hp_per_floor":[70,70,70,70,70,70,70,70,70,70,70,70,70,70,70,70,70,70,70,70,70,70,70,70,70,70,70,70,70,70,70,70,70,70,70,70,70,70,70,70,70,70,70,70,70,70,70,70,70,70],"card_choices":[{"not_picked":["Deadly Poison","Dodge and Roll"],"picked":"Hidden Blade","floor":1},{"not_picked":["Leg Sweep+1","Backflip+1"],"picked":"Dagger Throw","floor":4},{"not_picked":["Burst+1","Draining Mist+1"],"picked":"PiercingWail+1","floor":7},{"not_picked":["Cloak And Dagger+1","PiercingWail+1"],"picked":"ReplayTheSpireMod:Shiv Toss+1","floor":10},{"not_picked":["Dagger Throw","AT_MyraUnstableElement+1"],"picked":"Accuracy","floor":11},{"not_picked":["Glass Knife","Adrenaline+1"],"picked":"Replay:Bag of Tricks+1","floor":16},{"not_picked":["AT_TinkerSharpsword+1","Poisoned Stab+1"],"picked":"Prepared+1","floor":18},{"not_picked":["AT_WindFlip+1","Flying Knee+1"],"picked":"Terror+1","floor":20},{"not_picked":["Dagger Spray","Outmaneuver+1"],"picked":"Quick Slash+1","floor":22},{"not_picked":["Blur+1","Bane+1"],"picked":"Sucker Punch","floor":27},{"not_picked":["Dodge and Roll+1","Reflex+1"],"picked":"AT_ShadowStep+1","floor":28},{"not_picked":["Backstab+1","Endless Agony+1"],"picked":"Hidden Blade+1","floor":30},{"not_picked":["Sucker Punch+1","Dodge and Roll+1"],"picked":"Dagger Spray","floor":31},{"not_picked":["Poison Darts+1","Wraith Form v2"],"picked":"aspiration:Lunge","floor":33},{"not_picked":["Leg Sweep+1","Poisoned Stab+1"],"picked":"AT_FocusSwordFire+1","floor":35},{"not_picked":["Caltrops","Crippling Poison+1"],"picked":"AT_WindFlip+1","floor":36},{"not_picked":["AT_WindFlip+1","Slice"],"picked":"PiercingWail+1","floor":39},{"not_picked":["Dagger Throw","Eviscerate"],"picked":"Accuracy+1","floor":41},{"not_picked":["Deflect+1","Riddle With Holes"],"picked":"AT_Desolate+1","floor":44},{"not_picked":["Toxin Wave+1","Riddle With Holes+1","Outmaneuver+1"],"picked":"SKIP","floor":45},{"not_picked":["AT_TinkerSharpsword+1","Replay:Poison Smokescreen+1"],"picked":"AT_ShadowStep+1","floor":46},{"not_picked":["Deadly Poison+1","Toxin Wave+1","Outmaneuver+1"],"picked":"Dagger Throw","floor":47}],"player_experience":107366,"relics_obtained":[{"floor":2,"key":"Ring of Misfortune"},{"floor":2,"key":"ReplayTheSpireMod:Ring of Exchange"},{"floor":7,"key":"Blue Candle"},{"floor":9,"key":"The Courier"},{"floor":11,"key":"REME_PuzzleBoxRelic"},{"floor":20,"key":"Letter Opener"},{"floor":22,"key":"Bottled Flame"},{"floor":25,"key":"Ninja Scroll"},{"floor":26,"key":"Pantograph"},{"floor":27,"key":"Du-Vu Doll"},{"floor":28,"key":"AT_EbonyIvory"},{"floor":30,"key":"Basket Of Snakes"},{"floor":31,"key":"Ancient Tea Set"},{"floor":33,"key":"Replay:Bottled Eggs"},{"floor":34,"key":"Pet Ghost"},{"floor":34,"key":"Replay:Bottled Snecko"},{"floor":34,"key":"REME_IWantAll"},{"floor":35,"key":"ReplayFunnel"},{"floor":36,"key":"REME_HandOfSuture"},{"floor":39,"key":"Bag of Preparation"},{"floor":41,"key":"aspiration:ChemicalBlood"},{"floor":41,"key":"AT_SilverBalance"},{"floor":43,"key":"AT_ArchangelStaff"},{"floor":44,"key":"aspiration:HatOfInfinitePower"},{"floor":45,"key":"aspiration:SeaSaltIceCream"},{"floor":46,"key":"Question Card"},{"floor":47,"key":"ReplayTheSpireMod:TigerMarble"}],"event_choices":[{"damage_healed":0,"gold_gain":0,"player_choice":"Success","damage_taken":3,"relics_obtained":["Replay:Arrowhead"],"max_hp_gain":0,"max_hp_loss":0,"event_name":"Scrap Ooze","floor":8,"gold_loss":0},{"damage_healed":0,"gold_gain":175,"player_choice":"AGREE","damage_taken":0,"max_hp_gain":0,"max_hp_loss":0,"event_name":"Liars Game","floor":14,"gold_loss":0,"cards_obtained":["Doubt"]},{"damage_healed":0,"gold_gain":0,"player_choice":"Gave Potion","damage_taken":0,"relics_obtained":["AT_BellDemon"],"max_hp_gain":0,"max_hp_loss":0,"event_name":"WeMeetAgain","floor":19,"gold_loss":0},{"damage_healed":0,"gold_gain":0,"player_choice":"Relic","damage_taken":0,"max_hp_gain":0,"max_hp_loss":0,"event_name":"Wheel of Change","floor":25,"gold_loss":0},{"damage_healed":0,"gold_gain":0,"player_choice":"Copied","damage_taken":0,"max_hp_gain":0,"max_hp_loss":0,"event_name":"Duplicator","floor":38,"gold_loss":0,"cards_obtained":["Accuracy"]},{"damage_healed":0,"gold_gain":0,"player_choice":"Ignored","damage_taken":0,"max_hp_gain":0,"max_hp_loss":0,"event_name":"Purifier","floor":48,"gold_loss":0}],"is_beta":false,"boss_relics":[{"not_picked":["aspiration:PoetsPen_weak","Ectoplasm"],"picked":"ReplayTheSpireMod:CursedCoin"},{"not_picked":["REME_CardOfGreed","Membership Card"],"picked":"Calling Bell"}],"items_purged_floors":[],"is_endless":false,"potions_floor_spawned":[7,16,20,30,31,35,46],"ascension_level":3}}