{"host":"r6da5kb9dzaaglw2","time":1610193016,"event":{"mods":["AchievementEnabler","BaseMod","Colored Powertips","Duelist Mod","GifTheSpireLib","Minty Spire (QoL Compilation)","StSLib"],"gold_per_floor":[135,60,79,29,53,78,94,125,149,178,192,210,240,253,253,356,356,369,424,424,437,152,179,179,197,197,224,235,250,279,294,294,397,397,415,435,435,446,459,494,514,245,245,272,272,122,156,167,167,167,167,167,21,56,56],"floor_reached":56,"playtime":5846,"items_purged":["theDuelist:NaturiaBeast","theDuelist:Sparks","theDuelist:Sparks","theDuelist:CastleWalls"],"score":1578,"play_id":"c3ac7d8e-134c-494e-926e-1b0a99f070a2","local_time":"20210109125016","is_ascension_mode":false,"campfire_choices":[{"data":"theDuelist:NaturiaSacredTree","floor":15.0,"key":"SMITH"},{"data":"theDuelist:ConvulsionNature","floor":24.0,"key":"SMITH"},{"floor":32,"key":"RECALL"},{"data":"theDuelist:HeartUnderdog","floor":45,"key":"SMITH"},{"data":"theDuelist:NaturiaLandoise","floor":49,"key":"SMITH"},{"data":"theDuelist:HuntingInstinct","floor":52,"key":"SMITH"}],"circlet_count":0,"master_deck":["theDuelist:NaturiaSacredTree+1","theDuelist:SummoningSwarm","theDuelist:NaturiaRock","theDuelist:NaturiaEggplant","theDuelist:NaturiaGaiastrio+1","theDuelist:HuntingInstinct+1","theDuelist:CastleWalls+1","theDuelist:NaturiaPineapple","theDuelist:HeartUnderdog+1","theDuelist:NaturiaLandoise+1","theDuelist:NaturiaTulip+1","theDuelist:ConvulsionNature+1","theDuelist:NaturiaHorneedle","theDuelist:NaturiaBarkion","theDuelist:GoldenApples","theDuelist:NaturiaCliff","theDuelist:CastleWalls","theDuelist:NaturiaEggplant","theDuelist:HuntingInstinct+1"],"relics":["theDuelist:MillenniumPuzzle","theDuelist:CardPoolRelic","theDuelist:CardPoolBasicRelic","theDuelist:BoosterPackPoolRelic","theDuelist:CardPoolAddRelic","theDuelist:CardPoolMinusRelic","theDuelist:CardPoolSaveRelic","theDuelist:CardPoolOptionsRelic","NeowsBlessing","Boot","Art of War","theDuelist:ResummonBranch","theDuelist:MetronomeRelicB","theDuelist:MetronomeRelicD","Busted Crown","theDuelist:ElectricBurst","CaptainsWheel","Bird Faced Urn","War Paint","theDuelist:ZoneToken","Torii","theDuelist:BoosterPackHealer","Vajra","Sozu","CeramicFish","Anchor","TungstenRod","Oddly Smooth Stone","theDuelist:MillenniumSymbol","Bag of Marbles"],"acts_visited":["Exordium","TheCity","TheBeyond","TheEnding"],"potions_floor_usage":[33,55],"damage_taken":[{"damage":0.0,"enemies":"Cultist","floor":1.0,"turns":2.0},{"damage":0.0,"enemies":"Jaw Worm","floor":3.0,"turns":1.0},{"damage":0.0,"enemies":"Gremlin Nob","floor":6.0,"turns":1.0},{"damage":0.0,"enemies":"2 Louse","floor":7.0,"turns":2.0},{"damage":13.0,"enemies":"Lagavulin","floor":8.0,"turns":5.0},{"damage":13.0,"enemies":"3 Sentries","floor":10.0,"turns":6.0},{"damage":4.0,"enemies":"Blue Slaver","floor":11.0,"turns":3.0},{"damage":0.0,"enemies":"Exordium Wildlife","floor":12.0,"turns":3.0},{"damage":1.0,"enemies":"Lagavulin","floor":13.0,"turns":5.0},{"damage":0.0,"enemies":"Red Slaver","floor":14.0,"turns":3.0},{"damage":7.0,"enemies":"Hexaghost","floor":16.0,"turns":8.0},{"damage":1.0,"enemies":"Shell Parasite","floor":18.0,"turns":5.0},{"damage":66.0,"enemies":"Shell Parasite","floor":19.0,"turns":10.0},{"damage":0.0,"enemies":"3 Byrds","floor":21.0,"turns":4.0},{"damage":0.0,"enemies":"theDuelist:KaibaA2","floor":23.0,"turns":5.0},{"damage":0.0,"enemies":"Centurion and Healer","floor":25.0,"turns":4.0},{"damage":1.0,"enemies":"Gremlin Leader","floor":27.0,"turns":5.0},{"damage":0,"enemies":"Cultist and Chosen","floor":28,"turns":3},{"damage":0,"enemies":"Sentry and Sphere","floor":29,"turns":5},{"damage":1,"enemies":"theDuelist:KaibaA2","floor":30,"turns":4},{"damage":0,"enemies":"3 Cultists","floor":31,"turns":2},{"damage":0,"enemies":"Collector","floor":33,"turns":7},{"damage":1,"enemies":"Orb Walker","floor":35,"turns":4},{"damage":5,"enemies":"3 Shapes","floor":36,"turns":2},{"damage":1,"enemies":"Spire Growth","floor":38,"turns":4},{"damage":7,"enemies":"4 Shapes","floor":39,"turns":4},{"damage":6,"enemies":"Reptomancer","floor":40,"turns":7},{"damage":0,"enemies":"3 Darklings","floor":41,"turns":3},{"damage":0,"enemies":"Writhing Mass","floor":44,"turns":4},{"damage":0,"enemies":"Giant Head","floor":47,"turns":5},{"damage":0,"enemies":"Maw","floor":48,"turns":4},{"damage":0,"enemies":"Donu and Deca","floor":50,"turns":5},{"damage":0,"enemies":"Shield and Spear","floor":54,"turns":6},{"damage":0,"enemies":"The Heart","floor":55,"turns":6}],"seed_played":"-4712724458678142121","potions_obtained":[{"floor":3.0,"key":"theDuelist:WaterBottle"},{"floor":6.0,"key":"theDuelist:GiftPotion"},{"floor":10.0,"key":"Fire Potion"},{"floor":11.0,"key":"EssenceOfSteel"},{"floor":12.0,"key":"theDuelist:SealedPack"},{"floor":23.0,"key":"theDuelist:SealedPack"},{"floor":25.0,"key":"LiquidBronze"},{"floor":27,"key":"Fire Potion"}],"is_trial":false,"path_per_floor":["M","$","M","?","T","E","M","E","T","E","M","M","E","M","R","B",null,"M","?","?","M","$","E","R","M","T","E","M","M","E","M","R","B",null,"M","M","?","M","M","E","M","$","T","M","R","$","E","M","R","B",null,"R","$","E","B",null],"character_chosen":"THE_DUELIST","items_purchased":["War Paint","theDuelist:NaturiaPineapple","Anchor","theDuelist:MillenniumSymbol"],"campfire_rested":0,"item_purchase_floors":[22,22,42,53],"current_hp_per_floor":[80,80,80,80,80,80,80,67,67,68,64,64,63,63,63,56,80,79,13,13,15,15,19,19,25,25,30,32,40,47,47,47,53,80,80,75,75,80,73,75,79,79,79,80,80,80,80,80,80,80,80,80,80,80,80],"gold":56,"neow_bonus":"THREE_ENEMY_KILL","is_daily":false,"chose_seed":false,"campfire_upgraded":5,"win_rate":0.0,"timestamp":1610193016,"path_taken":["M","$","M","?","?","E","M","E","T","E","M","M","E","M","R","BOSS","M","?","?","M","?","E","R","M","T","E","M","M","E","M","R","BOSS","M","M","?","M","M","E","M","$","T","M","R","$","E","M","R","BOSS","R","$","E","BOSS"],"items_purchased_type":["Relic","Card","Relic","Relic"],"build_version":"2020-12-22","purchased_purges":4,"victory":true,"max_hp_per_floor":[80,80,80,80,80,80,80,80,80,80,80,80,80,80,80,80,80,80,80,80,80,80,80,80,80,80,80,80,80,80,80,80,80,80,80,80,80,80,80,80,80,80,80,80,80,80,80,80,80,80,80,80,80,80,80],"card_choices":[{"not_picked":["theDuelist:SeismicShockwave","theDuelist:NaturiaBarkion","theDuelist:ClosedForest","theDuelist:Canyon"],"picked":"theDuelist:NaturiaHorneedle","floor":1.0},{"not_picked":["theDuelist:NaturiaTulip","theDuelist:NaturiaRock","theDuelist:Anteater","theDuelist:AfterGenocide"],"picked":"theDuelist:NaturiaLandoise","floor":3.0},{"not_picked":["theDuelist:BigFire","theDuelist:Reload","theDuelist:BigKoala","theDuelist:ChangeHeart","theDuelist:GemArmadillo"],"picked":"SKIP","floor":6.0},{"not_picked":["theDuelist:NaturiaDragonfly","theDuelist:NaturiaMarron","theDuelist:FossilDig","theDuelist:SpacetimeTranscendence"],"picked":"theDuelist:NaturiaEggplant","floor":7.0},{"not_picked":["theDuelist:NaturiaCliff","theDuelist:NaturiaRosewhip","theDuelist:Spore","theDuelist:NaturiaParadizo"],"picked":"theDuelist:SummoningSwarm","floor":8.0},{"not_picked":["theDuelist:NaturiaHydrangea","theDuelist:NaturiaDragonfly","theDuelist:NaturiaCliff","theDuelist:NaturiaBeetle"],"picked":"theDuelist:NaturiaEggplant","floor":10.0},{"not_picked":["theDuelist:NaturiaHydrangea","theDuelist:NaturiaRagweed","theDuelist:NaturiaRock","theDuelist:FossilDig","theDuelist:LonefireBlossom"],"picked":"SKIP","floor":11.0},{"not_picked":["theDuelist:NatureReflection","theDuelist:LeodrakeMane","theDuelist:LairWire","theDuelist:Anteater"],"picked":"SKIP","floor":12.0},{"not_picked":["theDuelist:VenomShot","theDuelist:FrozenRose","theDuelist:LeodrakeMane","theDuelist:FossilDig"],"picked":"theDuelist:NaturiaSacredTree","floor":13.0},{"not_picked":["theDuelist:GraniteLoyalist","theDuelist:Mudora","theDuelist:Terraforming","theDuelist:FutureFusion"],"picked":"theDuelist:GoldenApples","floor":14.0},{"not_picked":["theDuelist:DemiseLand","theDuelist:SeismicShockwave","theDuelist:Canyon","theDuelist:NaturiaHorneedle"],"picked":"theDuelist:HeartUnderdog","floor":16.0},{"not_picked":["theDuelist:SurvivalInstinct","theDuelist:Wildfire"],"picked":"theDuelist:HuntingInstinct","floor":18.0},{"not_picked":["theDuelist:SangaEarth+1","theDuelist:NaturiaButterfly","theDuelist:NaturiaStrawberry"],"picked":"SKIP","floor":21.0},{"not_picked":["theDuelist:FossilDig+1","theDuelist:BarkionBark"],"picked":"theDuelist:ConvulsionNature","floor":23.0},{"not_picked":["theDuelist:NaturiaDragonfly","theDuelist:NaturiaMarron","theDuelist:NaturiaHydrangea+1"],"picked":"SKIP","floor":25.0},{"not_picked":["theDuelist:NaturiaHydrangea","theDuelist:NaturiaCliff+1","theDuelist:SangaEarth"],"picked":"SKIP","floor":27},{"not_picked":["theDuelist:NaturiaEggplant","theDuelist:SummoningSwarm+1","theDuelist:SangaEarth"],"picked":"SKIP","floor":28},{"not_picked":["theDuelist:NaturiaHydrangea","theDuelist:NaturiaMantis+1","theDuelist:NaturiaStinkbug"],"picked":"SKIP","floor":29},{"not_picked":["theDuelist:VenomShot+1","theDuelist:Wiretap","theDuelist:LuminousMoss+1"],"picked":"SKIP","floor":30},{"not_picked":["theDuelist:NaturiaEggplant","theDuelist:ExterioFang"],"picked":"theDuelist:NaturiaGaiastrio+1","floor":31},{"not_picked":["theDuelist:Wildfire","theDuelist:NaturiaForest+1"],"picked":"theDuelist:NaturiaBarkion","floor":33},{"not_picked":["theDuelist:NaturiaHorneedle+1","theDuelist:Wildfire+1","theDuelist:ClosedForest+1"],"picked":"SKIP","floor":35},{"not_picked":["theDuelist:NaturiaHydrangea+1","theDuelist:SummoningSwarm+1","theDuelist:NaturiaBambooShoot"],"picked":"SKIP","floor":36},{"not_picked":["theDuelist:AttackTheMoon+1","theDuelist:ForbiddenChalice","theDuelist:Fissure"],"picked":"SKIP","floor":38},{"not_picked":["theDuelist:NaturiaLandoise","theDuelist:CrystalRose+1","theDuelist:PotForbidden"],"picked":"SKIP","floor":39},{"not_picked":["theDuelist:Fissure","theDuelist:GemArmadillo","theDuelist:ForbiddenChalice+1"],"picked":"SKIP","floor":40},{"not_picked":["theDuelist:NaturiaHorneedle","theDuelist:MultiplicationOfAnts+1","theDuelist:SeismicShockwave+1"],"picked":"SKIP","floor":41},{"not_picked":["theDuelist:Wiretap+1","theDuelist:AcidTrapHole+1"],"picked":"theDuelist:HuntingInstinct+1","floor":44},{"not_picked":["Blind","PanicButton+1"],"picked":"SKIP","floor":47},{"not_picked":["theDuelist:AcidTrapHole","theDuelist:NaturiaCosmobeet+1","theDuelist:HeartUnderdog"],"picked":"SKIP","floor":48},{"not_picked":["theDuelist:NaturiaHorneedle+1","theDuelist:Wildfire+4","theDuelist:Canyon+1"],"picked":"SKIP","floor":54}],"player_experience":477021,"relics_obtained":[{"floor":5.0,"key":"Boot"},{"floor":6.0,"key":"Art of War"},{"floor":8.0,"key":"theDuelist:ResummonBranch"},{"floor":10.0,"key":"theDuelist:MetronomeRelicB"},{"floor":13.0,"key":"theDuelist:MetronomeRelicD"},{"floor":19.0,"key":"theDuelist:ElectricBurst"},{"floor":19.0,"key":"CaptainsWheel"},{"floor":19.0,"key":"Bird Faced Urn"},{"floor":23.0,"key":"theDuelist:ZoneToken"},{"floor":26.0,"key":"Torii"},{"floor":27,"key":"theDuelist:BoosterPackHealer"},{"floor":30,"key":"Vajra"},{"floor":40,"key":"CeramicFish"},{"floor":43,"key":"TungstenRod"},{"floor":47,"key":"Oddly Smooth Stone"},{"floor":54,"key":"Bag of Marbles"}],"event_choices":[{"cards_removed":["theDuelist:Sparks"],"damage_healed":0.0,"max_hp_gain":0.0,"max_hp_loss":0.0,"gold_gain":0.0,"event_name":"The Cleric","player_choice":"Card Removal","floor":4.0,"gold_loss":50.0,"damage_taken":0.0},{"damage_healed":0.0,"max_hp_gain":0.0,"max_hp_loss":0.0,"gold_gain":0.0,"event_name":"Battle City","player_choice":"Fight","duelist":true,"floor":19.0,"gold_loss":0.0,"damage_taken":0.0},{"damage_healed":0.0,"max_hp_gain":0.0,"max_hp_loss":0.0,"gold_gain":0.0,"event_name":"Egyptian Village","player_choice":"Leave","duelist":true,"floor":20.0,"gold_loss":0.0,"damage_taken":0.0},{"damage_healed":0,"gold_gain":0,"player_choice":"Leave","duelist":true,"damage_taken":0,"max_hp_gain":0,"max_hp_loss":0,"event_name":"Tomb of the Nameless","floor":37,"gold_loss":0}],"is_beta":false,"boss_relics":[{"not_picked":["theDuelist:MillenniumKey","Runic Dome"],"picked":"Busted Crown"},{"not_picked":["Philosopher\u0027s Stone","Cursed Key"],"picked":"Sozu"}],"items_purged_floors":[2,22,42,46],"is_endless":false,"potions_floor_spawned":[3,6,10,11,12,14,18,23,25,27,28,35,38,39,54],"ascension_level":0}}