{"host":"y89x8uui45kcjy42","time":1610165952,"event":{"mods":["2.2 Compatiblity","BaseMod","CapriCore","Colored Map","Colored Powertips","Custom Start","Friendly Minions","Keyboard Shortcuts","Minty Spire (QoL Compilation)","Relic Stats","Slay the Relics Exporter","StSLib","SuperFastMode","Uncapped"],"gold_per_floor":[119,119,44,44,44,44,78,78,104,117,117,130,161,181,181,275,275,289,289,314,337,337,337],"floor_reached":22,"playtime":467,"items_purged":[],"score":488,"play_id":"f92cc98f-ea08-46e5-9e00-9dcbf4051623","local_time":"20210109131912","is_ascension_mode":true,"campfire_choices":[{"data":"Eruption","floor":6,"key":"SMITH"},{"data":"Evaluate","floor":8,"key":"SMITH"},{"data":"Adaptation","floor":15,"key":"SMITH"}],"circlet_count":0,"master_deck":["Strike_P","Strike_P","Strike_P","Strike_P","Defend_P","Defend_P","Defend_P","Eruption+1","Vigilance","Reprogram+1","Evaluate+1","Wallop+1","TalkToTheHand+1","Meditate","Adaptation+1","MasterReality+1","Evaluate+1","FlurryOfBlows+1"],"relics":["PureWater","PreservedInsect","Molten Egg 2","MealTicket","Golden Idol","Unceasing Top","Velvet Choker"],"acts_visited":["Exordium","TheCity"],"potions_floor_usage":[13,13],"damage_taken":[{"damage":0,"enemies":"Cultist","floor":1,"turns":4},{"damage":0,"enemies":"Lagavulin","floor":7,"turns":4},{"damage":5,"enemies":"Jaw Worm","floor":10,"turns":4},{"damage":0,"enemies":"2 Louse","floor":12,"turns":4},{"damage":0,"enemies":"Gremlin Nob","floor":13,"turns":2},{"damage":2,"enemies":"Blue Slaver","floor":14,"turns":3},{"damage":23,"enemies":"Hexaghost","floor":16,"turns":9},{"damage":15,"enemies":"Spheric Guardian","floor":18,"turns":3},{"damage":19,"enemies":"3 Byrds","floor":20,"turns":6},{"damage":22,"enemies":"Sentry and Sphere","floor":21,"turns":5},{"damage":7,"enemies":"Centurion and Healer","floor":22,"turns":1}],"seed_played":"-8743310082701350723","potions_obtained":[{"floor":7,"key":"DistilledChaos"},{"floor":10,"key":"Fire Potion"},{"floor":16,"key":"Dexterity Potion"},{"floor":18,"key":"EssenceOfSteel"},{"floor":21,"key":"Energy Potion"}],"is_trial":false,"path_per_floor":["M","?","?","?","$","R","E","R","T","M","?","M","E","M","R","B",null,"M","?","M","M","M"],"character_chosen":"WATCHER","items_purchased":[],"campfire_rested":0,"item_purchase_floors":[],"current_hp_per_floor":[61,66,66,61,61,61,61,61,61,56,56,56,56,54,54,31,57,42,42,23,1,0,0],"gold":337,"neow_bonus":"RANDOM_COMMON_RELIC","is_daily":false,"chose_seed":false,"campfire_upgraded":3,"win_rate":0.0,"timestamp":1610165952,"path_taken":["M","?","?","?","?","R","E","R","T","M","?","M","E","M","R","BOSS","M","?","M","?","M"],"items_purchased_type":[],"build_version":"2020-12-22","purchased_purges":0,"victory":false,"max_hp_per_floor":[68,73,73,73,73,73,73,73,73,73,66,66,66,66,66,66,66,66,66,66,66,66,66],"relic_stats":{"counters":[11,45],"Golden Idol":45,"MealTicket":0,"PreservedInsect":50,"obtain_stats":[{"Golden Idol":11,"Velvet Choker":17,"Molten Egg 2":4,"MealTicket":7,"PreservedInsect":0,"PureWater":0,"Unceasing Top":13},{"Golden Idol":3,"Velvet Choker":7,"Molten Egg 2":1,"MealTicket":2,"PreservedInsect":0,"PureWater":0,"Unceasing Top":5},{"Golden Idol":12,"Velvet Choker":30,"Molten Egg 2":4,"MealTicket":8,"PreservedInsect":0,"PureWater":0,"Unceasing Top":18}],"Unceasing Top":[2]},"card_choices":[{"not_picked":["EmptyFist","EmptyBody"],"picked":"Evaluate","floor":1},{"not_picked":["Perseverance","SignatureMove+1"],"picked":"Wallop+1","floor":7},{"not_picked":["Consecrate+1","ThirdEye"],"picked":"TalkToTheHand+1","floor":10},{"not_picked":["SandsOfTime+1","ThirdEye"],"picked":"Meditate","floor":12},{"not_picked":["Swivel","CrushJoints+1"],"picked":"Adaptation","floor":13},{"not_picked":["SashWhip+1","Judgement","Crescendo"],"picked":"SKIP","floor":14},{"not_picked":["DevaForm","Judgement"],"picked":"MasterReality","floor":16},{"not_picked":["FollowUp+1","JustLucky+1"],"picked":"Evaluate+1","floor":18},{"not_picked":["Prostrate","ThirdEye","CrushJoints+1"],"picked":"SKIP","floor":20},{"not_picked":["ThirdEye","EmptyBody"],"picked":"FlurryOfBlows+1","floor":21}],"player_experience":584313,"relics_obtained":[{"floor":7,"key":"MealTicket"},{"floor":13,"key":"Unceasing Top"}],"event_choices":[{"damage_healed":0,"gold_gain":0,"player_choice":"Donut","damage_taken":0,"max_hp_gain":5,"max_hp_loss":0,"event_name":"Big Fish","floor":2,"gold_loss":0},{"cards_removed":["Defend_P"],"damage_healed":0,"gold_gain":0,"player_choice":"Card Removal","damage_taken":0,"max_hp_gain":0,"max_hp_loss":0,"event_name":"The Cleric","floor":3,"gold_loss":75},{"damage_healed":0,"gold_gain":0,"player_choice":"Success","damage_taken":5,"relics_obtained":["Molten Egg 2"],"max_hp_gain":0,"max_hp_loss":0,"event_name":"Scrap Ooze","floor":4,"gold_loss":0},{"damage_healed":0,"gold_gain":0,"player_choice":"Lose Max HP","damage_taken":0,"relics_obtained":["Golden Idol"],"max_hp_gain":0,"max_hp_loss":7,"event_name":"Golden Idol","floor":11,"gold_loss":0},{"damage_healed":0,"gold_gain":0,"player_choice":"Forge","damage_taken":0,"max_hp_gain":0,"max_hp_loss":0,"event_name":"Accursed Blacksmith","floor":19,"gold_loss":0,"cards_upgraded":["MasterReality"]}],"is_beta":false,"boss_relics":[{"not_picked":["Snecko Eye","Runic Dome"],"picked":"Velvet Choker"}],"items_purged_floors":[],"is_endless":false,"potions_floor_spawned":[7,10,16,18,21],"killed_by":"Centurion and Healer","ascension_level":20}}