{"host":"gqcohn9v5baj3dmw","time":1610159775,"event":{"mods":["BaseMod","Better Note","Better Sensory Stone","Better Skull","Colored Map","Downfall","Marked Mod","Minty Spire (QoL Compilation)","Rare Cards Sparkle","Relic Stats","StSLib"],"gold_per_floor":[99,99,99,99,99,131,131,141,175,3,15,27,27,47,64,161,161,161,177,50,70,90,101,127,141,160,7,32,32,32,60,78,181,181,181,181,195,218,218,218,218,268,268,282,282,7,41,60,74,74],"floor_reached":51,"playtime":3704,"items_purged":["champ:FalseCounter+1","champ:Defend","champ:Defend"],"score":825,"play_id":"8cd5a962-ee0f-4f22-be25-d1d3e5b9cc19","local_time":"20210109033615","is_ascension_mode":false,"campfire_choices":[{"data":"champ:Execute","floor":1.0,"key":"SMITH"},{"floor":13.0,"key":"REST"},{"data":"champ:GutPunch","floor":18.0,"key":"SMITH"},{"data":"champ:BerserkerStyle","floor":35.0,"key":"SMITH"},{"data":"champ:ShieldWall","floor":40,"key":"SMITH"},{"data":"champ:Taunt","floor":43,"key":"SMITH"},{"data":"champ:Encircle","floor":45,"key":"SMITH"}],"circlet_count":0,"master_deck":["champ:Strike","champ:Strike","champ:Strike","champ:Defend","champ:Execute+1","champ:Taunt+1","champ:GutPunch+1","champ:DeathBlow","champ:BerserkersShout+1","champ:EnragedBash","champ:Backstep+1","champ:AdrenalArmor+1","champ:Lariat+1","champ:AdrenalArmor+1","champ:AdrenalArmor+1","champ:HoldFirm+1","champ:StanceDance+1","champ:ShieldWall+1","champ:AdrenalArmor+1","champ:BerserkerStyle+1","champ:ShieldThrow","champ:Lariat+1","champ:VampiricStrike","champ:Encircle+1","champ:BringItOn+1","champ:Encircle","Finesse+1"],"relics":["champ:ChampionCrown","downfall:HeartsMalice","Toxic Egg 2","Bottled Lightning","Chemical X","Odd Mushroom","Runic Pyramid","Vajra","Potion Belt","Blue Candle","Cursed Key","ClockworkSouvenir","CaptainsWheel","HandDrill","The Courier"],"acts_visited":["Exordium","TheCity","TheBeyond"],"potions_floor_usage":[50,50],"damage_taken":[{"damage":0.0,"enemies":"Small Slimes","floor":4.0,"turns":1.0},{"damage":0.0,"enemies":"2 Louse","floor":5.0,"turns":1.0},{"damage":0.0,"enemies":"Gremlin Nob","floor":6.0,"turns":1.0},{"damage":26.0,"enemies":"Jaw Worm","floor":8.0,"turns":4.0},{"damage":80.0,"enemies":"3 Sentries","floor":9.0,"turns":6.0},{"damage":27.0,"enemies":"downfall:FleeingMerchant","floor":10.0,"turns":4.0},{"damage":28.0,"enemies":"2 Fungi Beasts","floor":11.0,"turns":3.0},{"damage":27.0,"enemies":"Large Slime","floor":12.0,"turns":4.0},{"damage":37.0,"enemies":"The Mushroom Lair","floor":14.0,"turns":2.0},{"damage":36.0,"enemies":"Exordium Thugs","floor":15.0,"turns":2.0},{"damage":95.0,"enemies":"downfall:Ironclad","floor":16.0,"turns":10.0},{"damage":72.0,"enemies":"Spheric Guardian","floor":19.0,"turns":7.0},{"damage":46.0,"enemies":"downfall:FleeingMerchant","floor":20.0,"turns":4.0},{"damage":49.0,"enemies":"Centurion and Healer","floor":21.0,"turns":5.0},{"damage":50.0,"enemies":"Snake Plant","floor":22.0,"turns":5.0},{"damage":46.0,"enemies":"Snecko","floor":23.0,"turns":4.0},{"damage":45.0,"enemies":"Centurion and Healer","floor":25.0,"turns":8.0},{"damage":55.0,"enemies":"Cultist and Chosen","floor":26.0,"turns":6.0},{"damage":43.0,"enemies":"downfall:FleeingMerchant","floor":27.0,"turns":4.0},{"damage":76.0,"enemies":"Book of Stabbing","floor":28.0,"turns":7.0},{"damage":71.0,"enemies":"Gremlin Leader","floor":31.0,"turns":6.0},{"damage":44.0,"enemies":"Snake Plant","floor":32.0,"turns":6.0},{"damage":140.0,"enemies":"downfall:Silent","floor":33.0,"turns":10.0},{"damage":72.0,"enemies":"Orb Walker","floor":37.0,"turns":4.0},{"damage":76.0,"enemies":"downfall:FleeingMerchant","floor":38.0,"turns":4.0},{"damage":133,"enemies":"Mind Bloom Boss Battle","floor":42,"turns":8},{"damage":51,"enemies":"3 Shapes","floor":44,"turns":4},{"damage":113,"enemies":"Reptomancer","floor":47,"turns":7},{"damage":50,"enemies":"Sphere and 2 Shapes","floor":48,"turns":5},{"damage":86,"enemies":"Maw","floor":49,"turns":6},{"damage":83,"enemies":"downfall:Defect","floor":50,"turns":5}],"seed_played":"2566644694170315868","potions_obtained":[{"floor":8.0,"key":"hexamod:EctoCoolerPotion"},{"floor":9.0,"key":"Guardian:BlockOnCardUsePotion"},{"floor":11.0,"key":"FairyPotion"},{"floor":14.0,"key":"Explosive Potion"},{"floor":22.0,"key":"EssenceOfSteel"},{"floor":28.0,"key":"Block Potion"},{"floor":33.0,"key":"Regen Potion"},{"floor":44,"key":"champ:TechniquePotion"},{"floor":47,"key":"EssenceOfSteel"},{"floor":49,"key":"Explosive Potion"}],"is_trial":false,"path_per_floor":["R","?","?","M","M","E","T","M","E","$","M","M","R","?","M","B",null,"R","M","$","M","M","M","T","M","M","$","E","?","?","E","M","B",null,"R","?","M","$","?","R","T","?","R","M","R","$","E","M","M","B",null],"character_chosen":"THE_CHAMP","items_purchased":["Chemical X","champ:ShieldWall","champ:BerserkerStyle","champ:BringItOn+1","ClockworkSouvenir","HandDrill","Finesse+1","Dexterity Potion"],"campfire_rested":1,"item_purchase_floors":[10,20,27,38,38,46,46,46],"current_hp_per_floor":[90,90,95,95,95,95,95,86,49,49,42,42,70,67,67,38,95,95,95,95,95,90,90,90,90,90,90,67,67,67,48,48,21,95,95,95,95,95,95,95,95,95,95,95,95,95,86,86,95,95],"gold":74,"neow_bonus":"THREE_ENEMY_KILL","is_daily":false,"chose_seed":false,"campfire_upgraded":6,"win_rate":0.0,"timestamp":1610159775,"path_taken":["R","?","?","M","M","E","T","M","E","$","M","M","R","?","M","BOSS","R","M","$","M","M","M","T","M","M","$","E","?","?","E","M","BOSS","R","?","M","$","?","R","T","?","R","M","R","$","E","M","M","BOSS"],"items_purchased_type":["Relic","Card","Card","Card","Relic","Relic","Card","Potion"],"build_version":"2020-12-22","purchased_purges":3,"victory":true,"max_hp_per_floor":[90,90,95,95,95,95,95,95,95,95,95,95,95,95,95,95,95,95,95,95,95,95,95,95,95,95,95,95,95,95,95,95,95,95,95,95,95,95,95,95,95,95,95,95,95,95,95,95,95,95],"relic_stats":{"counters":[31,148],"Blue Candle":[0],"HandDrill":[14],"Chemical X":[34],"Cursed Key":0,"obtain_stats":[{"Potion Belt":28,"Blue Candle":31,"Vajra":24,"champ:ChampionCrown":0,"downfall:HeartsMalice":0,"The Courier":47,"Odd Mushroom":14,"Cursed Key":34,"Mercury Hourglass":9,"ClockworkSouvenir":38,"CaptainsWheel":42,"HandDrill":46,"Bottled Lightning":7,"Chemical X":10,"Toxic Egg 2":6,"Runic Pyramid":17},{"Potion Belt":20,"Blue Candle":21,"Vajra":16,"champ:ChampionCrown":0,"downfall:HeartsMalice":0,"The Courier":28,"Odd Mushroom":9,"Cursed Key":23,"Mercury Hourglass":5,"ClockworkSouvenir":25,"CaptainsWheel":26,"HandDrill":27,"Bottled Lightning":3,"Chemical X":6,"Toxic Egg 2":3,"Runic Pyramid":11},{"Potion Belt":83,"Blue Candle":89,"Vajra":59,"champ:ChampionCrown":0,"downfall:HeartsMalice":0,"The Courier":132,"Odd Mushroom":22,"Cursed Key":105,"Mercury Hourglass":10,"ClockworkSouvenir":113,"CaptainsWheel":121,"HandDrill":125,"Bottled Lightning":0,"Chemical X":14,"Toxic Egg 2":0,"Runic Pyramid":34}]},"card_choices":[{"not_picked":["champ:Backstep","champ:GladiatorsShout"],"picked":"champ:GutPunch","floor":4.0},{"not_picked":["champ:FanOfKnives","champ:CalledShot"],"picked":"champ:DeathBlow","floor":5.0},{"not_picked":["champ:PerfectedStrike","champ:TornadoPunch"],"picked":"champ:BerserkersShout+1","floor":6.0},{"not_picked":["champ:RisingSlash","champ:BerserkersShout+1"],"picked":"champ:EnragedBash","floor":8.0},{"not_picked":["champ:GutPunch","champ:BerserkerStyle"],"picked":"champ:Backstep+1","floor":9.0},{"not_picked":["champ:RisingSlash","champ:GutPunch"],"picked":"champ:AdrenalArmor+1","floor":10.0},{"not_picked":["champ:BerserkersShout+1","champ:RecklessLeap"],"picked":"champ:FalseCounter+1","floor":11.0},{"not_picked":["champ:HeartStrike","champ:GutPunch"],"picked":"champ:Lariat+1","floor":12.0},{"not_picked":["champ:FocusedGladiator+1","champ:Backstep+1"],"picked":"champ:AdrenalArmor+1","floor":14.0},{"not_picked":["champ:FocusedDefense+1","champ:Circumvent+1"],"picked":"champ:AdrenalArmor+1","floor":15.0},{"not_picked":["champ:ShieldSlam","champ:LastStand"],"picked":"champ:HoldFirm+1","floor":16.0},{"not_picked":["champ:Backstep+1","champ:FanOfKnives","champ:FlashCut"],"picked":"SKIP","floor":19.0},{"not_picked":["champ:Backstep+1","champ:Haymaker"],"picked":"champ:StanceDance+1","floor":20.0},{"not_picked":["champ:LastStand","champ:TornadoPunch","champ:Backstep+1"],"picked":"SKIP","floor":21.0},{"not_picked":["champ:BladeFlurry+1","champ:RapidStrikes","champ:FlashCut+1"],"picked":"SKIP","floor":22.0},{"not_picked":["champ:DeathBlow+1","champ:EnragedBash+1","champ:GladiatorsShout+1"],"picked":"SKIP","floor":23.0},{"not_picked":["champ:BerserkersShout+1","champ:CrookedStrike"],"picked":"champ:AdrenalArmor+1","floor":25.0},{"not_picked":["champ:FanOfKnives","champ:FalseCounter+1","champ:ShieldThrow"],"picked":"SKIP","floor":26.0},{"not_picked":["champ:Circumvent+1","champ:Improvising","champ:GladiatorsShout+1"],"picked":"SKIP","floor":27.0},{"not_picked":["champ:BladeFlurry+1","champ:SkillfulDodge+1","champ:Haymaker"],"picked":"SKIP","floor":28.0},{"not_picked":["champ:BringItOn+1","champ:TornadoPunch+1","champ:FanOfKnives"],"picked":"SKIP","floor":31.0},{"not_picked":["champ:Shatter","champ:BringItOn+1"],"picked":"champ:Lariat+1","floor":32.0},{"not_picked":["champ:ShieldSlam","champ:SwordThrow"],"picked":"champ:VampiricStrike","floor":33.0},{"not_picked":["champ:FocusedDefense+1","champ:CrookedStrike+1"],"picked":"champ:Encircle","floor":37.0},{"not_picked":["champ:CrookedStrike","champ:StanceDance+1"],"picked":"champ:Encircle","floor":44},{"not_picked":["champ:GladiatorsShout+1","champ:DefensiveShout+1","champ:Backstep+1"],"picked":"SKIP","floor":47},{"not_picked":["champ:ViciousMockery+1","champ:Circumvent+1","champ:IronFortress+1"],"picked":"SKIP","floor":48},{"not_picked":["champ:BladeFlurry+1","champ:HeartStrike","champ:AdrenalArmor+1"],"picked":"SKIP","floor":49}],"player_experience":473049,"relics_obtained":[{"floor":6.0,"key":"Toxic Egg 2"},{"floor":7.0,"key":"Bottled Lightning"},{"floor":9.0,"key":"Mercury Hourglass"},{"floor":14.0,"key":"Odd Mushroom"},{"floor":24.0,"key":"Vajra"},{"floor":28.0,"key":"Potion Belt"},{"floor":31.0,"key":"Blue Candle"},{"floor":42,"key":"CaptainsWheel"},{"floor":47,"key":"The Courier"}],"event_choices":[{"cards_removed":["champ:Strike"],"damage_healed":0.0,"max_hp_gain":0.0,"max_hp_loss":0.0,"gold_gain":0.0,"event_name":"The Cleric","player_choice":"Card Removal","floor":2.0,"gold_loss":0.0,"damage_taken":0.0},{"damage_healed":0.0,"max_hp_gain":5.0,"max_hp_loss":0.0,"gold_gain":0.0,"event_name":"Big Fish","player_choice":"Donut","floor":3.0,"gold_loss":0.0,"damage_taken":0.0},{"damage_healed":0.0,"max_hp_gain":0.0,"max_hp_loss":0.0,"gold_gain":0.0,"event_name":"Mushrooms","player_choice":"Fought Mushrooms","floor":14.0,"gold_loss":0.0,"damage_taken":0.0},{"cards_removed":["champ:ShieldThrow"],"damage_healed":0.0,"max_hp_gain":0.0,"max_hp_loss":0.0,"gold_gain":0.0,"event_name":"betterNote:BetterNote","player_choice":"Give","floor":30.0,"gold_loss":0.0,"damage_taken":0.0,"cards_obtained":["hexamod:Strike"]},{"cards_removed":["champ:Defend"],"damage_healed":0.0,"max_hp_gain":0.0,"max_hp_loss":0.0,"gold_gain":0.0,"event_name":"Wheel of Change","player_choice":"Card Removal","floor":36.0,"gold_loss":0.0,"damage_taken":0.0}],"is_beta":false,"boss_relics":[{"not_picked":["Philosopher\u0027s Stone","Empty Cage"],"picked":"Runic Pyramid"},{"not_picked":["Runic Dome","Pandora\u0027s Box"],"picked":"Cursed Key"}],"items_purged_floors":[20,27,38],"is_endless":false,"potions_floor_spawned":[8,9,11,14,15,16,21,22,23,28,33,44,47,49],"ascension_level":0}}