{"host":"w2kjv12xyhtt0cv2","time":1610200441,"event":{"mods":["Act Like it!","BaseMod","Colored Map","Friendly Minions","Gensokyo","Highlight Path","Hubris","Kiyohime（清姬）","Marisa（F雨　魔理沙）","Minty Spire (QoL Compilation)","Quick Restart","Reimu（博丽灵梦）","Relic Stats","Replay The Spire","RumiaBox-露米娅的神秘盒子","Shop Mod","Spicy Shops","StSLib","The Cursed","The Servant 0.9.4","UnlockEverythingMod","Waifu the Spire","[功能]功能增强和修复MOD","vexMod","【功能Mod】Neow奖励","【遗物卡牌】REMEMod","没有小屋子和绿帽子啦"],"gold_per_floor":[109,122,122,122,138,165,178,178,178,178,178],"floor_reached":10,"playtime":428,"items_purged":[],"score":99,"play_id":"83a7262c-e502-4e17-bd78-af24256223d6","local_time":"20210109215401","is_ascension_mode":true,"campfire_choices":[{"data":"REME_ShadowForm","floor":8,"key":"SMITH"}],"circlet_count":0,"master_deck":["KiyohimeMod:Strike","KiyohimeMod:Strike","KiyohimeMod:Strike","KiyohimeMod:Strike","KiyohimeMod:Defend","KiyohimeMod:Defend","KiyohimeMod:Defend","KiyohimeMod:Track","KiyohimeMod:FlameKiss","KiyohimeMod:Shapeshift","REME_ShadowForm+1"],"relics":["REME_ComplimentaryCards","Painkiller Herb","hubris:SphereOfDissonance","Tea:ReiMu"],"acts_visited":["Exordium"],"potions_floor_usage":[6],"damage_taken":[{"damage":1.0,"enemies":"Small Slimes","floor":1.0,"turns":4.0},{"damage":0,"enemies":"Jaw Worm","floor":2,"turns":4},{"damage":4,"enemies":"2 Louse","floor":5,"turns":2},{"damage":21,"enemies":"Lagavulin","floor":6,"turns":8},{"damage":6,"enemies":"Exordium Wildlife","floor":7,"turns":3},{"damage":22,"enemies":"3 Sentries","floor":10,"turns":3}],"seed_played":"-7035965625402424976","potions_obtained":[{"floor":1,"key":"SmokeBomb"},{"floor":2,"key":"SpeedPotion"}],"is_trial":false,"path_per_floor":["?","?","T","?","?","E","?","T","T","E"],"character_chosen":"Kiyohime","items_purchased":[],"campfire_rested":0,"item_purchase_floors":[],"current_hp_per_floor":[53,53,53,53,49,28,22,22,22,0,0],"gold":178,"neow_bonus":"BOSS_RELIC","is_daily":false,"chose_seed":false,"campfire_upgraded":1,"win_rate":0.0,"timestamp":1610200441,"path_taken":["?","?","T","?","?","E","?","T","T","E"],"items_purchased_type":[],"build_version":"2020-12-22","purchased_purges":0,"victory":false,"max_hp_per_floor":[60,60,60,60,60,60,60,60,60,60,60],"relic_stats":{"counters":[6,24],"obtain_stats":[{"KiyohimeMod:FireDragon":0,"hubris:SphereOfDissonance":6,"Tea:ReiMu":9,"Painkiller Herb":0,"REME_ComplimentaryCards":0},{"KiyohimeMod:FireDragon":0,"hubris:SphereOfDissonance":4,"Tea:ReiMu":5,"Painkiller Herb":0,"REME_ComplimentaryCards":0},{"KiyohimeMod:FireDragon":0,"hubris:SphereOfDissonance":18,"Tea:ReiMu":21,"Painkiller Herb":0,"REME_ComplimentaryCards":0}]},"card_choices":[{"not_picked":["KiyohimeMod:AndSoTheShipConquers","KiyohimeMod:RedBlackKey","KiyohimeMod:EatSoul"],"picked":"SKIP","floor":1},{"not_picked":["KiyohimeMod:GreenBlackKey","KiyohimeMod:EatSoul","KiyohimeMod:FirstPremonition"],"picked":"SKIP","floor":2},{"not_picked":["KiyohimeMod:AndSoTheShipConquers","KiyohimeMod:Berserker","KiyohimeMod:WaterTurn"],"picked":"SKIP","floor":5},{"not_picked":["KiyohimeMod:AndSoTheShipConquers","KiyohimeMod:ImaginaryAround","KiyohimeMod:HydraDagger"],"picked":"SKIP","floor":6},{"not_picked":["KiyohimeMod:Tenacious","KiyohimeMod:Preemptive","KiyohimeMod:PrismaCosmos"],"picked":"SKIP","floor":7}],"player_experience":126849,"relics_obtained":[{"floor":6,"key":"hubris:SphereOfDissonance"},{"floor":9,"key":"Tea:ReiMu"}],"event_choices":[],"is_beta":false,"boss_relics":[],"items_purged_floors":[],"is_endless":false,"potions_floor_spawned":[1,2],"killed_by":"3 Sentries","ascension_level":9}}