{"host":"rolltorest","time":1610153678,"event":{"mods":["BaseMod","Minty Spire (QoL Compilation)","Relic Stats","Robot Space Explorer","Slay the Relics Exporter","StSLib"],"gold_per_floor":[110,35,35,35,51,51,84,101,101,118,149,149,15,31,31,105,105,122,122,47,47,47,80,80,80,80,80,94,19,47,47,47],"floor_reached":31,"playtime":736,"items_purged":["Bite"],"score":541,"play_id":"7f807747-7e57-442a-97f8-d6032c6462e7","local_time":"20210108165438","is_ascension_mode":true,"campfire_choices":[{"data":"RobotSpaceExplorer:Blitz","floor":6,"key":"SMITH"},{"data":"1","floor":12,"key":"LIFT"},{"data":"RobotSpaceExplorer:Asteroid","floor":15,"key":"SMITH"},{"data":"RobotSpaceExplorer:HighVoltage","floor":24,"key":"SMITH"},{"data":"2","floor":27,"key":"LIFT"}],"circlet_count":0,"master_deck":["AscendersBane","RobotSpaceExplorer:Defend","RobotSpaceExplorer:Defend","RobotSpaceExplorer:Defend","RobotSpaceExplorer:Defend","RobotSpaceExplorer:Scan","RobotSpaceExplorer:MiniLasers+1","RobotSpaceExplorer:FranticSearch","RobotSpaceExplorer:Blitz+1","RobotSpaceExplorer:SlimeMissile","RobotSpaceExplorer:Discharger+1","RobotSpaceExplorer:Asteroid+1","RobotSpaceExplorer:GearShield","RobotSpaceExplorer:SurgingStrike","RobotSpaceExplorer:LaserBurst","RobotSpaceExplorer:HighVoltage+1","RobotSpaceExplorer:StarLightning","Bite","Bite","Bite","Bite","RobotSpaceExplorer:GearShield+1"],"relics":["Runic Dome","Incense Burner","Girya","Art of War","SlaversCollar","Blood Vial","StrikeDummy","Peace Pipe"],"acts_visited":["Exordium","TheCity"],"potions_floor_usage":[11,16,30,31],"damage_taken":[{"damage":1,"enemies":"2 Louse","floor":1,"turns":3},{"damage":0,"enemies":"Jaw Worm","floor":5,"turns":3},{"damage":21,"enemies":"Lagavulin","floor":7,"turns":8},{"damage":4,"enemies":"Small Slimes","floor":8,"turns":3},{"damage":1,"enemies":"Blue Slaver","floor":10,"turns":4},{"damage":5,"enemies":"3 Sentries","floor":11,"turns":6},{"damage":0,"enemies":"2 Fungi Beasts","floor":14,"turns":4},{"damage":7,"enemies":"Slime Boss","floor":16,"turns":9},{"damage":20,"enemies":"Shell Parasite","floor":18,"turns":4},{"damage":21,"enemies":"Gremlin Leader","floor":23,"turns":7},{"damage":24,"enemies":"Chosen","floor":28,"turns":4},{"damage":18,"enemies":"Book of Stabbing","floor":30,"turns":6},{"damage":22,"enemies":"Snake Plant","floor":31,"turns":2}],"seed_played":"-2203555890885151631","potions_obtained":[{"floor":1,"key":"RobotSpaceExplorer:RecyclePotion"},{"floor":7,"key":"Block Potion"},{"floor":23,"key":"Block Potion"},{"floor":30,"key":"ColorlessPotion"}],"is_trial":false,"path_per_floor":["M","?","$","?","M","R","E","M","T","M","E","R","$","M","R","B",null,"M","?","?","?","$","E","R","?","T","R","M","$","E","M"],"character_chosen":"RobotSpaceExplorer","items_purchased":["RobotSpaceExplorer:SurgingStrike","DistilledChaos"],"campfire_rested":0,"item_purchase_floors":[13,13],"current_hp_per_floor":[63,63,63,63,63,63,42,38,38,37,32,32,32,32,32,25,60,40,40,40,40,40,37,37,37,37,37,21,21,13,0,0],"gold":47,"neow_bonus":"BOSS_RELIC","is_daily":false,"chose_seed":false,"campfire_upgraded":3,"win_rate":0.0,"timestamp":1610153678,"path_taken":["M","?","$","?","M","R","E","M","T","M","E","R","$","M","R","BOSS","M","?","?","?","?","E","R","?","T","R","?","$","E","M"],"items_purchased_type":["Card","Potion"],"build_version":"2020-12-18","purchased_purges":1,"victory":false,"max_hp_per_floor":[71,71,71,71,71,71,71,71,71,71,71,71,71,71,71,71,71,71,71,71,49,49,49,49,49,49,49,49,49,49,49,49],"relic_stats":{"Blood Vial":6,"Peace Pipe":0,"counters":[13,63],"Art of War":[2],"obtain_stats":[{"Blood Vial":23,"Peace Pipe":30,"Runic Dome":0,"Girya":9,"SlaversCollar":17,"RobotSpaceExplorer:RoboCore":0,"Incense Burner":7,"Art of War":11,"StrikeDummy":26},{"Blood Vial":10,"Peace Pipe":12,"Runic Dome":0,"Girya":4,"SlaversCollar":8,"RobotSpaceExplorer:RoboCore":0,"Incense Burner":3,"Art of War":6,"StrikeDummy":10},{"Blood Vial":51,"Peace Pipe":61,"Runic Dome":0,"Girya":17,"SlaversCollar":40,"RobotSpaceExplorer:RoboCore":0,"Incense Burner":14,"Art of War":27,"StrikeDummy":51}]},"card_choices":[{"not_picked":["RobotSpaceExplorer:GlueShot","RobotSpaceExplorer:MiniDrones"],"picked":"RobotSpaceExplorer:FranticSearch","floor":1},{"not_picked":["RobotSpaceExplorer:SlimeMissile","RobotSpaceExplorer:SwiftStep"],"picked":"RobotSpaceExplorer:Blitz","floor":5},{"not_picked":["RobotSpaceExplorer:FreezeRay","RobotSpaceExplorer:MiniBoosters"],"picked":"RobotSpaceExplorer:SlimeMissile","floor":7},{"not_picked":["RobotSpaceExplorer:SlimeMissile","RobotSpaceExplorer:SurgingStrike"],"picked":"RobotSpaceExplorer:Discharger","floor":8},{"not_picked":["RobotSpaceExplorer:MiniDrones","RobotSpaceExplorer:MetalStrike"],"picked":"RobotSpaceExplorer:Asteroid","floor":10},{"not_picked":["RobotSpaceExplorer:GlueShot","RobotSpaceExplorer:PowerGlove"],"picked":"RobotSpaceExplorer:GearShield","floor":11},{"not_picked":["RobotSpaceExplorer:Pulsar","RobotSpaceExplorer:RigExplosive"],"picked":"RobotSpaceExplorer:LaserBurst","floor":14},{"not_picked":["RobotSpaceExplorer:Comet","RobotSpaceExplorer:Autoloader"],"picked":"RobotSpaceExplorer:HighVoltage","floor":16},{"not_picked":["RobotSpaceExplorer:PowerGlove+1","RobotSpaceExplorer:IronShell"],"picked":"RobotSpaceExplorer:StarLightning","floor":18},{"not_picked":["RobotSpaceExplorer:SlimeMissile","RobotSpaceExplorer:MiniBoosters"],"picked":"RobotSpaceExplorer:GearShield+1","floor":23},{"not_picked":["RobotSpaceExplorer:MakeshiftVolley","RobotSpaceExplorer:Probe","RobotSpaceExplorer:FranticSearch"],"picked":"SKIP","floor":28},{"not_picked":["RobotSpaceExplorer:Ammunition+1","RobotSpaceExplorer:GlueShot","RobotSpaceExplorer:Pulsar"],"picked":"SKIP","floor":30}],"player_experience":1788497,"relics_obtained":[{"floor":7,"key":"Incense Burner"},{"floor":9,"key":"Girya"},{"floor":11,"key":"Art of War"},{"floor":23,"key":"Blood Vial"},{"floor":26,"key":"StrikeDummy"},{"floor":30,"key":"Peace Pipe"}],"event_choices":[{"cards_removed":["RobotSpaceExplorer:Strike"],"damage_healed":0,"gold_gain":0,"player_choice":"Card Removal","damage_taken":0,"max_hp_gain":0,"max_hp_loss":0,"event_name":"The Cleric","floor":2,"gold_loss":75},{"damage_healed":0,"gold_gain":0,"player_choice":"Grow","damage_taken":0,"max_hp_gain":0,"max_hp_loss":0,"event_name":"Living Wall","floor":4,"gold_loss":0,"cards_upgraded":["RobotSpaceExplorer:MiniLasers"]},{"damage_healed":0,"gold_gain":0,"player_choice":"Smashed Altar","damage_taken":0,"max_hp_gain":0,"max_hp_loss":0,"event_name":"Forgotten Altar","floor":19,"gold_loss":0,"cards_obtained":["Decay"]},{"cards_removed":["Decay"],"damage_healed":0,"gold_gain":0,"player_choice":"Gave Gold","damage_taken":0,"max_hp_gain":0,"max_hp_loss":0,"event_name":"Beggar","floor":20,"gold_loss":75},{"damage_healed":0,"gold_gain":0,"player_choice":"Became a vampire","damage_taken":0,"max_hp_gain":0,"max_hp_loss":22,"event_name":"Vampires","floor":21,"gold_loss":0,"cards_obtained":["Bite","Bite","Bite","Bite","Bite"]},{"damage_healed":0,"gold_gain":0,"player_choice":"Forge","damage_taken":0,"max_hp_gain":0,"max_hp_loss":0,"event_name":"Accursed Blacksmith","floor":25,"gold_loss":0,"cards_upgraded":["RobotSpaceExplorer:Discharger"]}],"is_beta":true,"boss_relics":[{"not_picked":["Cursed Key","Coffee Dripper"],"picked":"SlaversCollar"}],"items_purged_floors":[29],"is_endless":false,"potions_floor_spawned":[1,7,10,23,30],"killed_by":"Snake Plant","ascension_level":17}}