{"host":"36mulxq349byzoa2","time":1610222294,"event":{"mods":["AchievementEnabler","BaseMod","Better Match","Block Reminder","Colored Map","Colored Powertips","Minty Spire (QoL Compilation)","Rare Cards Sparkle","StSLib","SuperFastMode"],"gold_per_floor":[117,117,192,65,30,61,74,74,74,74,19,19,19],"floor_reached":12,"playtime":126,"items_purged":["Strike_G"],"score":193,"play_id":"53d5a54b-9a18-4a77-94fb-ff6aea232fda","local_time":"20210109145814","is_ascension_mode":true,"campfire_choices":[{"data":"Well Laid Plans","floor":8,"key":"SMITH"},{"data":"Bouncing Flask","floor":10,"key":"SMITH"}],"circlet_count":0,"master_deck":["AscendersBane","Strike_G","Strike_G","Strike_G","Strike_G","Defend_G","Defend_G","Defend_G","Defend_G","Defend_G","Survivor","Neutralize","PiercingWail","Deadly Poison","Bouncing Flask+1","Well Laid Plans+1"],"relics":["Ring of the Snake","NeowsBlessing","Golden Idol","Bottled Lightning","Potion Belt"],"acts_visited":["Exordium"],"potions_floor_usage":[12,12],"damage_taken":[{"damage":0,"enemies":"2 Louse","floor":1,"turns":1},{"damage":0,"enemies":"3 Sentries","floor":6,"turns":2},{"damage":0,"enemies":"Jaw Worm","floor":7,"turns":1},{"damage":46,"enemies":"Gremlin Nob","floor":12,"turns":4}],"seed_played":"-8637241818482645545","potions_obtained":[{"floor":7,"key":"SpeedPotion"}],"is_trial":false,"path_per_floor":["M","?","?","$","?","E","M","R","T","R","$","E"],"character_chosen":"THE_SILENT","items_purchased":["Deadly Poison","Block Potion"],"campfire_rested":0,"item_purchase_floors":[4,11],"current_hp_per_floor":[59,36,25,25,41,41,41,41,41,41,41,0,0],"gold":19,"neow_bonus":"THREE_ENEMY_KILL","is_daily":false,"chose_seed":false,"campfire_upgraded":2,"win_rate":0.0,"timestamp":1610222294,"path_taken":["M","?","?","$","?","E","M","R","T","R","$","E"],"items_purchased_type":["Card","Potion"],"build_version":"2020-12-22","purchased_purges":1,"victory":false,"max_hp_per_floor":[66,66,66,66,66,66,66,66,66,66,66,66,66],"card_choices":[{"not_picked":["Deflect","Cloak And Dagger"],"picked":"PiercingWail","floor":1},{"not_picked":["Well Laid Plans","Storm of Steel"],"picked":"Bouncing Flask","floor":6},{"not_picked":["Sucker Punch","Backflip"],"picked":"Well Laid Plans","floor":7}],"player_experience":1022662,"relics_obtained":[{"floor":6,"key":"Bottled Lightning"},{"floor":9,"key":"Potion Belt"}],"event_choices":[{"damage_healed":0,"gold_gain":0,"player_choice":"Take Damage","damage_taken":23,"relics_obtained":["Golden Idol"],"max_hp_gain":0,"max_hp_loss":0,"event_name":"Golden Idol","floor":2,"gold_loss":0},{"damage_healed":0,"gold_gain":75,"player_choice":"Gather Gold","damage_taken":11,"max_hp_gain":0,"max_hp_loss":0,"event_name":"World of Goop","floor":3,"gold_loss":0},{"damage_healed":16,"gold_gain":0,"player_choice":"Healed","damage_taken":0,"max_hp_gain":0,"max_hp_loss":0,"event_name":"The Cleric","floor":5,"gold_loss":35}],"is_beta":false,"boss_relics":[],"items_purged_floors":[4],"is_endless":false,"potions_floor_spawned":[7],"killed_by":"Gremlin Nob","ascension_level":19}}