{"host":"7eytxr1oawi6r5nr","time":1610207647,"event":{"mods":["BaseMod","Bestiary","Better Third Choice","Curses Come First","Dark Map","Downfall","Gremlin Mod","Hermit","Hubris","Jorbs\u0027s Wanderer Trilogy","Minty Spire (QoL Compilation)","Permanent Neow","Quick Restart","Rare Cards Sparkle","Replay The Spire","Robot Space Explorer","StSLib","The Disciple","The Runesmith"],"gold_per_floor":[114,134,152,152,171,202,0,12,12,12,24,24,24,39,39,139,139,155,165,176,187,187,187,212,212,212,76,86,12,24,24,24,120,120,134,9,9,25,25,25],"floor_reached":39,"playtime":3659,"items_purged":["Runesmith:Strike_RS","Decay","Runesmith:UnstableHammer"],"score":478,"play_id":"f5c724f8-864f-423e-96dd-e21c33cb4ce0","local_time":"20210109155407","is_ascension_mode":true,"campfire_choices":[{"data":"Runesmith:Grindstone","floor":10.0,"key":"SMITH"},{"data":"Runesmith:Fortify","floor":12.0,"key":"SMITH"},{"data":"Runesmith:HammerThrow","floor":15.0,"key":"SMITH"},{"floor":23,"key":"REST"},{"data":"Runesmith:FieryHammer","floor":25,"key":"SMITH"}],"circlet_count":0,"master_deck":["Runesmith:Strike_RS","Runesmith:Strike_RS","Runesmith:Strike_RS","Runesmith:Defend_RS","Runesmith:Defend_RS","Runesmith:Defend_RS","Runesmith:Defend_RS","Runesmith:CraftFirestone","Runesmith:Fortify+1","Runesmith:CraftReservo","Runesmith:PoweredAnvil","Runesmith:FieryHammer+2","Runesmith:EarthShield","Runesmith:Grindstone+1","Runesmith:LithiumIon","Runesmith:CraftProtectio","Runesmith:HammerThrow+1","Runesmith:DuctTape","Runesmith:MakeshiftArmor","Runesmith:StaticCage+1","Runesmith:MetallurgicalResearch","Runesmith:Firestorm","Runesmith:Firewall","Runesmith:LithiumIon","Runesmith:RunicBlueprint","Runesmith:CreatorForm","Runesmith:CraftSpiculum+1","Runesmith:HammerTime+1"],"relics":["Runesmith:BrokenRuby","hubris:TerracottaHorce","Durian","Runesmith:Nanobots","Ring of Chaos","Orichalcum","hubris:SphereOfDissonance","hubris:Towel","hubris:HollowSoul"],"acts_visited":["Exordium","TheCity","TheBeyond"],"potions_floor_usage":[24,33,33,33],"damage_taken":[{"damage":1.0,"enemies":"2 Louse","floor":1.0,"turns":2.0},{"damage":0.0,"enemies":"Cultist","floor":2.0,"turns":4.0},{"damage":3.0,"enemies":"Small Slimes","floor":3.0,"turns":3.0},{"damage":8.0,"enemies":"Blue Slaver","floor":5.0,"turns":4.0},{"damage":12.0,"enemies":"3 Sentries","floor":6.0,"turns":5.0},{"damage":3.0,"enemies":"Exordium Thugs","floor":8.0,"turns":4.0},{"damage":1.0,"enemies":"Large Slime","floor":11.0,"turns":5.0},{"damage":12.0,"enemies":"Gremlin Gang","floor":14.0,"turns":6.0},{"damage":11.0,"enemies":"Hexaghost","floor":16.0,"turns":10.0},{"damage":1.0,"enemies":"Chosen","floor":18.0,"turns":5.0},{"damage":12.0,"enemies":"2 Thieves","floor":19.0,"turns":4.0},{"damage":25.0,"enemies":"3 Cultists","floor":20.0,"turns":5.0},{"damage":13.0,"enemies":"Sentry and Sphere","floor":21.0,"turns":9.0},{"damage":18,"enemies":"Slavers","floor":24,"turns":8},{"damage":18,"enemies":"Snecko","floor":28,"turns":5},{"damage":15,"enemies":"Centurion and Healer","floor":30,"turns":6},{"damage":0,"enemies":"Champ","floor":33,"turns":9},{"damage":22,"enemies":"Orb Walker","floor":35,"turns":6},{"damage":22,"enemies":"3 Darklings","floor":38,"turns":6},{"damage":17,"enemies":"Transient","floor":39,"turns":1}],"seed_played":"-8392411388407745306","potions_obtained":[{"floor":1.0,"key":"Toxic Potion"},{"floor":2.0,"key":"Explosive Potion"},{"floor":8.0,"key":"SpeedPotion"},{"floor":14.0,"key":"Fire Potion"},{"floor":16.0,"key":"SmokeBomb"},{"floor":21.0,"key":"champ:CounterPotion"},{"floor":24,"key":"Languid Potion"},{"floor":28,"key":"champ:CounterPotion"},{"floor":32,"key":"BlessingOfTheForge"},{"floor":32,"key":"champ:CounterPotion"}],"is_trial":false,"path_per_floor":["M","M","M","?","M","E","$","M","T","R","M","R","$","M","R","B",null,"M","M","M","M","?","R","E","R","T","$","M","$","M","?","R","B",null,"M","$","?","M","M"],"character_chosen":"RUNESMITH_CLASS","items_purchased":["Runesmith:LithiumIon","Runesmith:CraftProtectio","Runesmith:Firestorm","Runesmith:LithiumIon"],"campfire_rested":1,"item_purchase_floors":[7,7,27,29],"current_hp_per_floor":[69,69,66,66,58,51,51,48,48,48,47,47,47,35,35,24,62,61,49,24,11,36,58,40,40,40,40,22,22,7,7,7,7,58,36,36,36,14,0,0],"gold":25,"neow_bonus":"CURSED_BOSS_RELIC","is_daily":false,"chose_seed":false,"campfire_upgraded":4,"win_rate":0.0,"timestamp":1610207647,"path_taken":["M","M","M","?","M","E","$","M","T","R","M","R","?","M","R","BOSS","M","M","?","M","?","R","E","R","T","$","M","?","?","?","R","BOSS","M","$","?","?","M"],"items_purchased_type":["Card","Card","Card","Card"],"build_version":"2020-12-22","purchased_purges":3,"victory":false,"max_hp_per_floor":[70,70,70,70,70,75,75,75,75,75,75,75,75,75,75,75,75,75,75,75,75,75,75,75,75,75,75,75,75,75,75,75,75,75,75,75,75,75,75,75],"card_choices":[{"not_picked":["Runesmith:EnergizedChisel","Runesmith:Malloc"],"picked":"Runesmith:CraftReservo","floor":1.0},{"not_picked":["Runesmith:WhiteBalance","Runesmith:Retool"],"picked":"Runesmith:PoweredAnvil","floor":2.0},{"not_picked":["Runesmith:EarthShield","Runesmith:EnergizedChisel"],"picked":"Runesmith:FieryHammer","floor":3.0},{"not_picked":["Runesmith:Retool","Runesmith:Repurpose"],"picked":"Runesmith:EarthShield","floor":5.0},{"not_picked":["Runesmith:CraftReservo","Runesmith:Empowerment"],"picked":"Runesmith:Grindstone","floor":6.0},{"not_picked":["Runesmith:StaticCage","Runesmith:ChiselStab","Runesmith:Grindstone"],"picked":"SKIP","floor":8.0},{"not_picked":["Runesmith:EnergizedChisel","Runesmith:HammerAndChisel","Runesmith:ElementalConversion"],"picked":"SKIP","floor":11.0},{"not_picked":["Runesmith:ChiselStab","Runesmith:Overpower"],"picked":"Runesmith:HammerThrow","floor":14.0},{"not_picked":["Runesmith:LastStand","Runesmith:ReplicatingBarrier"],"picked":"Runesmith:DuctTape","floor":16.0},{"not_picked":["Runesmith:CraftProtectio","Runesmith:Grindstone"],"picked":"Runesmith:MakeshiftArmor","floor":18.0},{"not_picked":["Runesmith:Repurpose+1","Runesmith:UnstableHammer","Runesmith:Attraction+1"],"picked":"SKIP","floor":19.0},{"not_picked":["Runesmith:Repurpose+1","Runesmith:UnstableHammer","Runesmith:Attraction+1"],"picked":"SKIP","floor":19.0},{"not_picked":["Runesmith:ChaoticBlast","Runesmith:EnergizedChisel"],"picked":"Runesmith:StaticCage+1","floor":20.0},{"not_picked":["Runesmith:ChiselStab","Runesmith:HeatExchange+1","Runesmith:HammerThrow"],"picked":"SKIP","floor":21.0},{"not_picked":["Runesmith:HeatedChisel","Runesmith:ChiselStab"],"picked":"Runesmith:MetallurgicalResearch","floor":24},{"not_picked":["Runesmith:Repurpose","Runesmith:Malloc"],"picked":"Runesmith:Firewall","floor":28},{"not_picked":["Runesmith:RuneHurl","Runesmith:HammerThrow+1"],"picked":"Runesmith:RunicBlueprint","floor":30},{"not_picked":["Runesmith:GenerateForcefield","Runesmith:GrandSlam"],"picked":"Runesmith:CreatorForm","floor":33},{"not_picked":["Runesmith:StaticCage","Runesmith:Overpower"],"picked":"Runesmith:CraftSpiculum+1","floor":35},{"not_picked":["Runesmith:StaticCage","Runesmith:Grindstone"],"picked":"Runesmith:HammerTime+1","floor":38}],"player_experience":158395,"relics_obtained":[{"floor":6.0,"key":"Durian"},{"floor":9.0,"key":"Runesmith:Nanobots"},{"floor":24,"key":"Orichalcum"},{"floor":26,"key":"hubris:SphereOfDissonance"}],"event_choices":[{"damage_healed":0.0,"max_hp_gain":0.0,"max_hp_loss":0.0,"gold_gain":0.0,"event_name":"Match and Keep!","player_choice":"1 cards matched","floor":4.0,"gold_loss":0.0,"damage_taken":0.0,"cards_obtained":["Runesmith:UnstableHammer"]},{"damage_healed":25.0,"max_hp_gain":0.0,"max_hp_loss":0.0,"gold_gain":0.0,"event_name":"The Library","player_choice":"Heal","floor":22.0,"gold_loss":0.0,"damage_taken":0.0},{"damage_healed":0,"gold_gain":0,"player_choice":"Upgraded","damage_taken":0,"max_hp_gain":0,"max_hp_loss":0,"event_name":"Upgrade Shrine","floor":37,"gold_loss":0,"cards_upgraded":["Runesmith:FieryHammer"]}],"is_beta":false,"boss_relics":[{"not_picked":["Busted Crown","Replay:Wanted Poster"],"picked":"Ring of Chaos"},{"not_picked":["hubris:RunicObelisk","Replay:Drink Me"],"picked":"hubris:HollowSoul"}],"items_purged_floors":[7,27,36],"is_endless":false,"potions_floor_spawned":[1,2,8,14,16,21,24,28],"killed_by":"Transient","ascension_level":1}}