{"host":"3kdwm9n4ehf6yd4s","time":1610173027,"event":{"mods":["BaseMod","GifTheSpireLib","Minty Spire (QoL Compilation)","Quick Restart","Replay The Spire","StSLib"],"gold_per_floor":[118,0,0,18,33,64,64,64,88,126,126,139,183,204,204,330,330,354,354,354,14,14,14,34,65,90,12,35,35,54,54,54],"floor_reached":31,"playtime":1353,"items_purged":["Normality"],"score":313,"play_id":"cb7bc469-7f3a-4a02-a858-b07bb395c7b5","local_time":"20210108231707","is_ascension_mode":true,"campfire_choices":[{"floor":11,"key":"REST"},{"floor":15,"key":"REST"},{"floor":23,"key":"REST"},{"floor":29,"key":"REST"}],"circlet_count":0,"master_deck":["Strike_B","Strike_B","Strike_B","Strike_B","Defend_B","Defend_B","Defend_B","Defend_B","Zap","Dualcast","Go for the Eyes","Hello World","Genetic Algorithm+1","Double Energy","Crystallizer","Gash","Conserve Battery","Scrape","Auto Shields","Creative AI","BootSequence","Gash","Cold Snap","Sweeping Beam","ReplayTheSpireMod:IOU","Steam+1","Sweeping Beam","Go for the Eyes"],"relics":["Cracked Core","ReplayTheSpireMod:CursedCoin","Bag of Preparation","Golden Idol","Oddly Smooth Stone","ReplayTheSpireMod:Lightbulb","ReplayFunnel","Replay:Wax Seal","Incense Burner","Nunchaku","Pet Ghost","Lantern"],"acts_visited":["Exordium","TheCity"],"potions_floor_usage":[10,13,16,25,25,25,31],"damage_taken":[{"damage":1,"enemies":"Cultist","floor":1,"turns":3},{"damage":0,"enemies":"2 Louse","floor":4,"turns":2},{"damage":10,"enemies":"Small Slimes","floor":5,"turns":4},{"damage":17,"enemies":"Gremlin Nob","floor":6,"turns":4},{"damage":14,"enemies":"Lagavulin","floor":10,"turns":5},{"damage":3,"enemies":"Blue Slaver","floor":12,"turns":3},{"damage":0,"enemies":"Gremlin Nob","floor":13,"turns":4},{"damage":10,"enemies":"2 Fungi Beasts","floor":14,"turns":4},{"damage":28,"enemies":"Fading Forest","floor":16,"turns":11},{"damage":41,"enemies":"Spheric Guardian","floor":18,"turns":8},{"damage":11,"enemies":"Chosen","floor":24,"turns":5},{"damage":16,"enemies":"Replay:Snechameleon","floor":25,"turns":10},{"damage":29,"enemies":"3 Cultists","floor":28,"turns":9},{"damage":11,"enemies":"Snecko","floor":30,"turns":8},{"damage":30,"enemies":"Gremlin Leader","floor":31,"turns":8}],"seed_played":"7486598433929915388","potions_obtained":[{"floor":5,"key":"SpeedPotion"},{"floor":10,"key":"Adrenaline Potion"},{"floor":13,"key":"Block Potion"},{"floor":22,"key":"Adrenaline Potion"},{"floor":22,"key":"Toxic Potion"},{"floor":22,"key":"SneckoOil"},{"floor":30,"key":"BlessingOfTheForge"}],"is_trial":false,"path_per_floor":["M","$","?","M","M","E","?","?","T","E","R","M","E","M","R","B",null,"M","?","?","$","?","R","M","E","T","$","M","R","M","E"],"character_chosen":"DEFECT","items_purchased":["ReplayTheSpireMod:CursedCoin","Bag of Preparation","Hello World","Incense Burner","Gash","Lantern","Steam+1"],"campfire_rested":4,"item_purchase_floors":[2,2,2,21,21,27,27],"current_hp_per_floor":[67,67,67,67,57,40,40,40,40,26,50,47,47,37,61,53,82,41,41,41,41,41,65,54,38,38,38,9,33,22,0,0],"gold":54,"neow_bonus":"TWENTY_PERCENT_HP_BONUS","is_daily":false,"chose_seed":false,"campfire_upgraded":0,"win_rate":0.0,"timestamp":1610173027,"path_taken":["M","$","?","M","M","E","?","?","T","E","R","?","E","M","R","BOSS","M","?","?","$","?","R","?","E","T","$","M","R","M","E"],"items_purchased_type":["Relic","Relic","Card","Relic","Card","Relic","Card"],"build_version":"2020-12-22","purchased_purges":1,"victory":false,"max_hp_per_floor":[89,89,82,82,82,82,82,82,82,82,82,82,82,82,82,82,82,82,82,82,82,82,82,82,82,82,82,82,82,82,82,82],"card_choices":[{"not_picked":["Hologram","Melter"],"picked":"Go for the Eyes","floor":1},{"not_picked":["Aggregate","Darkness"],"picked":"Genetic Algorithm","floor":4},{"not_picked":["Compile Driver","Turbo"],"picked":"Double Energy","floor":5},{"not_picked":["Doom and Gloom","Compile Driver"],"picked":"Crystallizer","floor":6},{"not_picked":["Streamline","Force Field"],"picked":"Gash","floor":10},{"not_picked":["Aggregate","Recycle"],"picked":"Conserve Battery","floor":12},{"not_picked":["Streamline","Redo"],"picked":"Scrape","floor":13},{"not_picked":["Steam","Recycle"],"picked":"Auto Shields","floor":14},{"not_picked":["Rainbow","Fission"],"picked":"Creative AI","floor":16},{"not_picked":["Scrape","Stack+1"],"picked":"BootSequence","floor":18},{"not_picked":["Conserve Battery","Ball Lightning+1"],"picked":"Cold Snap","floor":24},{"not_picked":["Streamline+1","Fusion"],"picked":"Sweeping Beam","floor":25},{"not_picked":["Coolheaded+1","Streamline"],"picked":"Sweeping Beam","floor":28},{"not_picked":["Leap","Turbo"],"picked":"Go for the Eyes","floor":30}],"player_experience":140561,"relics_obtained":[{"floor":6,"key":"Oddly Smooth Stone"},{"floor":9,"key":"ReplayTheSpireMod:Lightbulb"},{"floor":10,"key":"ReplayFunnel"},{"floor":13,"key":"Replay:Wax Seal"},{"floor":25,"key":"Nunchaku"},{"floor":26,"key":"Pet Ghost"}],"event_choices":[{"damage_healed":0,"gold_gain":0,"player_choice":"Lose Max HP","damage_taken":0,"relics_obtained":["Golden Idol"],"max_hp_gain":0,"max_hp_loss":7,"event_name":"Golden Idol","floor":3,"gold_loss":0},{"damage_healed":0,"gold_gain":0,"player_choice":"Grow","damage_taken":0,"max_hp_gain":0,"max_hp_loss":0,"event_name":"Living Wall","floor":7,"gold_loss":0,"cards_upgraded":["Genetic Algorithm"]},{"damage_healed":0,"gold_gain":0,"player_choice":"Ignored","damage_taken":0,"max_hp_gain":0,"max_hp_loss":0,"event_name":"Golden Wing","floor":8,"gold_loss":0},{"damage_healed":0,"gold_gain":0,"player_choice":"Ignored","damage_taken":0,"max_hp_gain":0,"max_hp_loss":0,"event_name":"Vampires","floor":19,"gold_loss":0},{"damage_healed":0,"gold_gain":0,"player_choice":"Ignored","damage_taken":0,"max_hp_gain":0,"max_hp_loss":0,"event_name":"Beggar","floor":20,"gold_loss":0},{"damage_healed":0,"gold_gain":0,"player_choice":"Got Potions","damage_taken":0,"max_hp_gain":0,"max_hp_loss":0,"event_name":"Lab","floor":22,"gold_loss":0}],"is_beta":false,"boss_relics":[{"not_picked":["Painkiller Herb","Velvet Choker","Runic Dome"]}],"items_purged_floors":[2],"is_endless":false,"potions_floor_spawned":[5,10,13,30],"killed_by":"Gremlin Leader","ascension_level":1}}