{"host":"3qkmyeoym75lj4wn","time":1610195819,"event":{"mods":["2.2 Compatiblity","BaseMod","Block Reminder","Colored Powertips","Highlight Path","Minty Spire (QoL Compilation)","Permanent Neow","Potion Indicator Mod","Rare Cards Sparkle","Relic Stats","StSLib","Unceasing Turn Reminder"],"gold_per_floor":[117,192,203,13,13,13,23,57,57,17,17,17,37,62,62,136,136,154,1,1,1,1,1,1],"floor_reached":23,"playtime":678,"items_purged":["Strike_R"],"score":390,"play_id":"ddbc9ad1-154f-4fbd-ad5d-fd52e534379f","local_time":"20210109123659","is_ascension_mode":true,"campfire_choices":[{"data":"Hemokinesis","floor":6.0,"key":"SMITH"},{"data":"Bash","floor":11.0,"key":"SMITH"},{"data":"Clothesline","floor":15.0,"key":"SMITH"}],"circlet_count":0,"master_deck":["AscendersBane","Strike_R+1","Strike_R+1","Defend_R","Defend_R","Defend_R","Defend_R","Bash+1","Battle Trance","Hemokinesis+1","Bandage Up","Evolve","Armaments","Feel No Pain","Clothesline+1","Ghostly Armor","Demon Form","Searing Blow","Searing Blow"],"relics":["Burning Blood","Vajra","Sundial","Whetstone","Bag of Marbles","Philosopher\u0027s Stone"],"acts_visited":["Exordium","TheCity"],"potions_floor_usage":[23],"damage_taken":[{"damage":0.0,"enemies":"2 Louse","floor":1.0,"turns":2.0},{"damage":1.0,"enemies":"Cultist","floor":3.0,"turns":3.0},{"damage":3.0,"enemies":"Small Slimes","floor":7.0,"turns":4.0},{"damage":12.0,"enemies":"Gremlin Nob","floor":8.0,"turns":3.0},{"damage":2.0,"enemies":"Looter","floor":13.0,"turns":3.0},{"damage":19.0,"enemies":"Lagavulin","floor":14.0,"turns":4.0},{"damage":56.0,"enemies":"Hexaghost","floor":16.0,"turns":9.0},{"damage":17.0,"enemies":"Chosen","floor":18.0,"turns":5.0},{"damage":80,"enemies":"Gremlin Leader","floor":23,"turns":4}],"seed_played":"1079962754589353638","potions_obtained":[{"floor":1.0,"key":"Swift Potion"},{"floor":3.0,"key":"BloodPotion"},{"floor":5.0,"key":"Fruit Juice"},{"floor":5.0,"key":"DuplicationPotion"},{"floor":14.0,"key":"ElixirPotion"},{"floor":16.0,"key":"ColorlessPotion"}],"is_trial":false,"path_per_floor":["M","?","M","$","?","R","M","E","T","$","R","?","M","E","R","B",null,"M","$","?","?","?","E"],"character_chosen":"IRONCLAD","items_purchased":["Bandage Up","Evolve","Feel No Pain","EssenceOfSteel"],"campfire_rested":0,"item_purchase_floors":[4,4,10,19],"current_hp_per_floor":[74,63,68,68,80,80,80,78,78,78,78,78,80,71,71,25,66,59,59,59,59,80,0,0],"gold":1,"neow_bonus":"RANDOM_COMMON_RELIC","is_daily":false,"chose_seed":false,"campfire_upgraded":3,"win_rate":0.0,"timestamp":1610195819,"path_taken":["M","?","M","$","?","R","?","E","T","$","R","?","M","E","R","BOSS","M","$","?","?","?","E"],"items_purchased_type":["Card","Card","Card","Potion"],"build_version":"2020-12-22","purchased_purges":1,"victory":false,"max_hp_per_floor":[75,75,75,75,80,80,80,80,80,80,80,80,80,80,80,80,80,80,80,80,80,80,80,80],"relic_stats":{"counters":[9,37],"Sundial":[4],"Whetstone":["Strike_R","Strike_R"],"obtain_stats":[{"Sundial":8,"Vajra":0,"Philosopher\u0027s Stone":17,"Bag of Marbles":14,"Whetstone":9,"Burning Blood":0},{"Sundial":4,"Vajra":0,"Philosopher\u0027s Stone":7,"Bag of Marbles":6,"Whetstone":4,"Burning Blood":0},{"Sundial":12,"Vajra":0,"Philosopher\u0027s Stone":28,"Bag of Marbles":19,"Whetstone":12,"Burning Blood":0}],"Burning Blood":39},"card_choices":[{"not_picked":["Second Wind","Dropkick"],"picked":"Battle Trance","floor":1.0},{"not_picked":["Iron Wave","Whirlwind"],"picked":"Hemokinesis","floor":3.0},{"not_picked":["Warcry","Flex","Fire Breathing"],"picked":"SKIP","floor":7.0},{"not_picked":["Rupture","Flex"],"picked":"Armaments","floor":8.0},{"not_picked":["Twin Strike","Thunderclap"],"picked":"Clothesline","floor":13.0},{"not_picked":["Power Through","Clash"],"picked":"Ghostly Armor","floor":14.0},{"not_picked":["Impervious","Barricade"],"picked":"Demon Form","floor":16.0},{"not_picked":["Twin Strike","Clothesline","True Grit"],"picked":"SKIP","floor":18.0}],"player_experience":1655625,"relics_obtained":[{"floor":8.0,"key":"Sundial"},{"floor":9.0,"key":"Whetstone"},{"floor":14.0,"key":"Bag of Marbles"}],"event_choices":[{"damage_healed":0.0,"max_hp_gain":0.0,"max_hp_loss":0.0,"gold_gain":75.0,"event_name":"World of Goop","player_choice":"Gather Gold","floor":2.0,"gold_loss":0.0,"damage_taken":11.0},{"damage_healed":0.0,"max_hp_gain":0.0,"max_hp_loss":0.0,"gold_gain":0.0,"event_name":"Lab","player_choice":"Got Potions","floor":5.0,"gold_loss":0.0,"damage_taken":0.0},{"damage_healed":0.0,"max_hp_gain":0.0,"max_hp_loss":0.0,"gold_gain":0.0,"event_name":"Liars Game","player_choice":"Ignored","floor":12.0,"gold_loss":0.0,"damage_taken":0.0},{"damage_healed":0.0,"max_hp_gain":0.0,"max_hp_loss":0.0,"gold_gain":0.0,"event_name":"Vampires","player_choice":"Ignored","floor":20.0,"gold_loss":0.0,"damage_taken":0.0},{"damage_healed":0.0,"max_hp_gain":0.0,"max_hp_loss":0.0,"gold_gain":0.0,"cards_transformed":["Strike_R","Strike_R"],"event_name":"Drug Dealer","player_choice":"Became Test Subject","floor":21.0,"gold_loss":0.0,"damage_taken":0.0,"cards_obtained":["Searing Blow","Searing Blow"]},{"damage_healed":21.0,"max_hp_gain":0.0,"max_hp_loss":0.0,"gold_gain":0.0,"event_name":"Wheel of Change","player_choice":"Full Heal","floor":22.0,"gold_loss":0.0,"damage_taken":0.0}],"is_beta":false,"boss_relics":[{"not_picked":["Snecko Eye","Velvet Choker"],"picked":"Philosopher\u0027s Stone"}],"items_purged_floors":[19],"is_endless":false,"potions_floor_spawned":[1,3,14,16],"killed_by":"Gremlin Leader","ascension_level":20}}