{"host":"a2lvm7nbw6nkrc91","time":1610177052,"event":{"mods":["BaseMod","Friendly Minions","Hermit","Lobotomy","Minty Spire (QoL Compilation)","Replay The Spire","StSLib"],"gold_per_floor":[111,111,35,50,50,78,89,89,89,89,89],"floor_reached":10,"playtime":190,"items_purged":[],"score":66,"play_id":"a45548aa-ab4b-4493-99de-d1351fbecb8b","local_time":"20210109162412","is_ascension_mode":false,"campfire_choices":[],"circlet_count":0,"master_deck":["hermit:Strike_Hermit","hermit:Strike_Hermit+1","hermit:Strike_Hermit","hermit:Strike_Hermit","hermit:Defend_Hermit","hermit:Defend_Hermit","hermit:Defend_Hermit","hermit:Defend_Hermit","hermit:Snapshot","hermit:Covet","hermit:BigShot+1","hermit:CursedWeapon+1","UniverseFragment","hermit:Dive","Funeral","VoidDream","hermit:Deadeye"],"relics":["hermit:Momento","CogitoBucket","Replay:Baseball"],"acts_visited":["Exordium"],"potions_floor_usage":[7,10],"damage_taken":[{"damage":0,"enemies":"2 Louse","floor":1,"turns":2},{"damage":13,"enemies":"Cultist","floor":4,"turns":3},{"damage":27,"enemies":"Gremlin Nob","floor":6,"turns":4},{"damage":2,"enemies":"Jaw Worm","floor":7,"turns":1},{"damage":20,"enemies":"Lagavulin","floor":10,"turns":5}],"seed_played":"1737482050385833412","potions_obtained":[{"floor":4,"key":"Swift Potion"},{"floor":6,"key":"SteroidPotion"}],"is_trial":false,"path_per_floor":["M","?","$","M","?","E","M","PTL","PTL","E"],"character_chosen":"HERMIT","items_purchased":["hermit:CursedWeapon"],"campfire_rested":0,"item_purchase_floors":[3],"current_hp_per_floor":[75,60,60,47,47,20,18,18,18,0,0],"gold":89,"neow_bonus":"","is_daily":false,"chose_seed":false,"campfire_upgraded":0,"win_rate":0.0,"timestamp":1610177052,"path_taken":["M","?","$","M","?","E","?","PTL","PTL","E"],"items_purchased_type":["Card"],"build_version":"2020-12-22","purchased_purges":0,"victory":false,"max_hp_per_floor":[75,75,75,75,75,75,75,75,75,75,75],"card_choices":[{"not_picked":["Scorched","Alriune"],"picked":"CrumblingArmor","floor":1},{"not_picked":["hermit:Quickdraw","hermit:Snipe"],"picked":"hermit:BigShot","floor":1},{"not_picked":["Wellcheers","MHz"],"picked":"UniverseFragment","floor":4},{"not_picked":["hermit:OverwhelmingPower","hermit:LowProfile"],"picked":"hermit:Dive","floor":4},{"not_picked":["ShyLook","Scorched"],"picked":"Funeral","floor":6},{"not_picked":["hermit:Spite","hermit:HoleUp","hermit:Adapt"],"picked":"SKIP","floor":6},{"not_picked":["OldLady","FairyFestival"],"picked":"VoidDream","floor":7},{"not_picked":["hermit:WideOpen","hermit:Dive"],"picked":"hermit:Deadeye","floor":7}],"player_experience":501136,"relics_obtained":[{"floor":6,"key":"Replay:Baseball"}],"event_choices":[{"damage_healed":0,"gold_gain":0,"player_choice":"Entered Light","damage_taken":15,"max_hp_gain":0,"max_hp_loss":0,"event_name":"Shining Light","floor":2,"gold_loss":0,"cards_upgraded":["hermit:Strike_Hermit","hermit:BigShot"]},{"damage_healed":0,"gold_gain":0,"player_choice":"Forge","damage_taken":0,"max_hp_gain":0,"max_hp_loss":0,"event_name":"Accursed Blacksmith","floor":5,"gold_loss":0,"cards_upgraded":["hermit:CursedWeapon"]}],"is_beta":false,"boss_relics":[],"items_purged_floors":[],"is_endless":false,"potions_floor_spawned":[4,6],"killed_by":"Lagavulin","ascension_level":0}}