{"host":"oh2im4g9zxdu5z5u","time":1610231605,"event":{"mods":["2.2 Compatiblity","AchievementEnabler","BaseMod","Colored Map","Colored Powertips","Downfall","Highlight Path","Minty Spire (QoL Compilation)","StSLib","everything is the same but u backflip on backflip"],"gold_per_floor":[99,113,113,124,141,591,591,591,610,135,145,1,15,41,57,162,162,162,179,5,24,24,124,124,144,162,12,47,47,72,72,72,72],"floor_reached":31,"playtime":2320,"items_purged":["Slimebound:Icky"],"score":327,"play_id":"f47651c4-30ae-498a-8672-efdbaa21ac4d","local_time":"20210109163325","is_ascension_mode":false,"campfire_choices":[{"data":"Guardian:TwinSlam","floor":1,"key":"SMITH"},{"data":"Offering","floor":8,"key":"SMITH"},{"floor":18,"key":"RECALL"},{"data":"Guardian:MultiBeam","floor":27,"key":"SMITH"}],"circlet_count":0,"master_deck":["Guardian:Strike_Guardian","Guardian:Strike_Guardian","Guardian:Strike_Guardian","Guardian:Defend_Guardian","Guardian:Defend_Guardian","Guardian:Defend_Guardian","Guardian:CurlUp","Guardian:TwinSlam+1","Guardian:PrimingBeam","Offering+1","Guardian:DonusPower","Slimebound:Icky","Slimebound:Icky","Guardian:CrystalBeam","Guardian:PiercingHide","Guardian:EvasiveProtocol","expansioncontent:DashGenerateEvil","Guardian:Repulse","Guardian:MultiBeam+1","Guardian:Suspension","Guardian:PolyBeam","Guardian:BronzeOrb","Guardian:HyperBeam_Guardian","Guardian:StasisField","Guardian:Recover","Guardian:Gem_Crimson","Guardian:TemporalShield+1","Guardian:RevengeProtocol","Guardian:Gem_Crimson","sneckomod:Bewildered","Guardian:Gem_Red","Bandage Up","Guardian:ChargeUp","Guardian:FloatingOrbs","Guardian:PrimingBeam","Guardian:RollAttack","Guardian:Gem_Blue"],"relics":["Guardian:ModeShifter","Bottled Lightning","Smiling Mask","Philosopher\u0027s Stone","Membership Card","downfall:GremlinSack","downfall:HeartBlessingBlue","downfall:HeartBlessingRed","Centennial Puzzle","Kunai"],"acts_visited":["Exordium","TheCity"],"potions_floor_usage":[16,16,16,26,26,30,30,30,31,31],"damage_taken":[{"damage":0,"enemies":"Small Slimes","floor":2,"turns":3},{"damage":7,"enemies":"Cultist","floor":4,"turns":3},{"damage":0,"enemies":"Jaw Worm","floor":5,"turns":3},{"damage":10,"enemies":"Exordium Thugs","floor":9,"turns":3},{"damage":6,"enemies":"downfall:FleeingMerchant","floor":10,"turns":4},{"damage":0,"enemies":"2 Fungi Beasts","floor":11,"turns":2},{"damage":11,"enemies":"downfall:FleeingMerchant","floor":12,"turns":4},{"damage":6,"enemies":"Gremlin Gang","floor":13,"turns":1},{"damage":24,"enemies":"Lagavulin","floor":14,"turns":5},{"damage":0,"enemies":"Large Slime","floor":15,"turns":3},{"damage":12,"enemies":"downfall:Silent","floor":16,"turns":6},{"damage":18,"enemies":"3 Byrds","floor":19,"turns":4},{"damage":24,"enemies":"downfall:FleeingMerchant","floor":20,"turns":4},{"damage":6,"enemies":"Shell Parasite","floor":21,"turns":1},{"damage":6,"enemies":"Shell Parasite","floor":23,"turns":3},{"damage":8,"enemies":"Shelled Parasite and Fungi","floor":25,"turns":5},{"damage":21,"enemies":"Snake Plant","floor":26,"turns":3},{"damage":7,"enemies":"Gremlin Leader","floor":28,"turns":5},{"damage":11,"enemies":"Slavers","floor":30,"turns":3},{"damage":14,"enemies":"downfall:FleeingMerchant","floor":31,"turns":2}],"seed_played":"2828224328689724018","potions_obtained":[{"floor":4,"key":"AttackPotion"},{"floor":13,"key":"Guardian:DefensiveModePotion"},{"floor":15,"key":"Guardian:StasisDiscoveryPotion"},{"floor":16,"key":"LiquidBronze"},{"floor":25,"key":"EntropicBrew"},{"floor":30,"key":"EntropicBrew"}],"is_trial":false,"path_per_floor":["R","M","?","M","M","?","T","R","M","$","M","$","M","E","M","B",null,"R","M","$","M","?","?","T","M","M","R","E","?","E","$"],"character_chosen":"GUARDIAN","items_purchased":["Guardian:PiercingHide","Guardian:EvasiveProtocol","LiquidBronze","expansioncontent:DashGenerateEvil","Guardian:MultiBeam","Guardian:Suspension","Membership Card","Guardian:Gem_Red"],"campfire_rested":0,"item_purchase_floors":[10,10,10,10,12,12,20,20],"current_hp_per_floor":[88,88,88,81,81,81,81,81,71,65,65,54,48,24,24,12,88,88,70,46,40,40,34,34,30,13,23,20,20,13,0,0,0],"gold":72,"neow_bonus":"TEN_PERCENT_HP_BONUS","is_daily":false,"chose_seed":false,"campfire_upgraded":3,"win_rate":0.0,"timestamp":1610231605,"path_taken":["R","M","?","M","?","?","T","R","M","$","M","?","M","E","M","BOSS","R","M","$","M","?","?","T","M","?","R","E","?","E","$"],"items_purchased_type":["Card","Card","Potion","Card","Card","Card","Relic","Card"],"build_version":"2020-12-22","purchased_purges":1,"victory":false,"max_hp_per_floor":[88,88,88,88,88,88,88,88,88,88,88,88,88,88,88,88,88,88,88,88,88,88,88,88,88,88,98,98,98,98,98,98,98],"card_choices":[{"not_picked":["Guardian:WalkerClaw","Guardian:Planning"],"picked":"Guardian:PrimingBeam","floor":2},{"not_picked":["Guardian:PiercingHide","Guardian:RollAttack"],"picked":"Guardian:DonusPower","floor":4},{"not_picked":["Guardian:Gem_Cyan","Guardian:SentryBeam"],"picked":"Guardian:Gem_Synthetic","floor":5},{"not_picked":["Guardian:Gem_Fragmented","Guardian:CrystalBeam"],"picked":"Guardian:Gem_Crimson","floor":9},{"not_picked":["Guardian:RollAttack","Guardian:Gem_Red"],"picked":"Guardian:CrystalBeam","floor":10},{"not_picked":["Guardian:Harden","Guardian:ShieldCharger"],"picked":"Guardian:Gem_Fragmented","floor":11},{"not_picked":["Guardian:CrystalBeam","Guardian:ShieldCharger"],"picked":"Guardian:Repulse","floor":12},{"not_picked":["Guardian:Gem_Cyan","Guardian:BronzeArmor"],"picked":"Guardian:PolyBeam","floor":13},{"not_picked":["Guardian:DecasProtection","Guardian:Gem_Lightblue"],"picked":"Guardian:BronzeOrb","floor":14},{"not_picked":["Guardian:SentryBeam","Guardian:Gem_Red"],"picked":"Guardian:HyperBeam_Guardian","floor":15},{"not_picked":["Guardian:Gem_Synthetic","Guardian:ConstructionForm"],"picked":"Guardian:StasisField","floor":16},{"not_picked":["Guardian:Planning","Guardian:Gem_Lightblue"],"picked":"Guardian:Recover","floor":19},{"not_picked":["Guardian:TemporalStrike","Guardian:PrismaticBeam"],"picked":"Guardian:Gem_Crimson","floor":20},{"not_picked":["Guardian:Planning","Guardian:Reroute"],"picked":"Guardian:TemporalShield+1","floor":21},{"not_picked":["Guardian:Gem_Purple","Guardian:Suspension"],"picked":"Guardian:ChargeUp","floor":23},{"not_picked":["Guardian:Recover+1","Guardian:EvasiveProtocol"],"picked":"Guardian:FloatingOrbs","floor":25},{"not_picked":["Guardian:CrystalBeam+1","Guardian:StasisStrike"],"picked":"Guardian:PrimingBeam","floor":26},{"not_picked":["Guardian:CrystalBeam","Guardian:Gem_Red"],"picked":"Guardian:RollAttack","floor":28},{"not_picked":["Guardian:HyperBeam_Guardian","Guardian:MultiBeam"],"picked":"Guardian:Gem_Blue","floor":30}],"player_experience":31231,"relics_obtained":[{"floor":7,"key":"Bottled Lightning"},{"floor":14,"key":"Smiling Mask"},{"floor":23,"key":"downfall:GremlinSack"},{"floor":28,"key":"Centennial Puzzle"},{"floor":30,"key":"Kunai"}],"event_choices":[{"cards_removed":["Guardian:Defend_Guardian"],"damage_healed":0,"gold_gain":0,"player_choice":"Took Card","damage_taken":0,"max_hp_gain":0,"max_hp_loss":0,"event_name":"NoteForYourself","floor":3,"gold_loss":0,"cards_obtained":["Offering"]},{"damage_healed":0,"gold_gain":0,"player_choice":"Ignored","damage_taken":0,"max_hp_gain":0,"max_hp_loss":0,"event_name":"Ghosts","floor":29,"gold_loss":0}],"is_beta":false,"boss_relics":[{"not_picked":["Guardian:StasisSlotReductionRelic","Velvet Choker"],"picked":"Philosopher\u0027s Stone"}],"items_purged_floors":[10],"is_endless":false,"potions_floor_spawned":[4,13,15,16,25,30],"killed_by":"downfall:FleeingMerchant","ascension_level":0}}