{"host":"ve5hox67eka4rdnb","time":1610200668,"event":{"mods":["ATMod(∞¢Ë™Mod)","Act Like it!","BaseMod","Downfall","Gensokyo","Hermit","Lobotomy","Marisa£®ÏF”Í°°ƒß¿Ì…≥£©","Minty Spire (QoL Compilation)","Remilia£®¿Ÿ√◊¿Ú—«£©","Replay The Spire","StSLib","The Cursed","The Servant 0.9.4"],"gold_per_floor":[109,126,48,65,77,110,110,110,110,141,141,141,155,171,171,272,272,282,332,344,443,26,56,68,80,80],"floor_reached":25,"playtime":1349,"items_purged":["Defend_R"],"score":256,"play_id":"aefc9302-b61b-428d-aa82-04dfa2132b09","local_time":"20210109215748","is_ascension_mode":false,"campfire_choices":[{"floor":7.0,"key":"REST"},{"data":"AT_FamilyPortrait","floor":12.0,"key":"SMITH"},{"floor":15.0,"key":"REST"},{"floor":24,"key":"REST"}],"circlet_count":0,"master_deck":["Strike_R+1","Strike_R+1","Strike_R+1","Strike_R+1","Strike_R+1","Defend_R","Defend_R","Bash","AT_FamilyPortrait+1","CrumblingArmor","Pommel Strike","OldLady","Headbutt","ReplayTheSpireMod:LeadingStrike","SilentOrchestra","AT_DrawKnifeCut","ReplayTheSpireMod:Muscle Training+1","Pummel","Pommel Strike","Limit Break","GreedKing","LittleHelper","Blood for Blood","Thunderclap"],"relics":["Burning Blood","AT_ATBox","CogitoBucket","Prayer Wheel","Bag of Preparation","Replay:Bottled Eggs","Electric Blood","Toy Ornithopter","ReplayTheSpireMod:Lightbulb","MawBank"],"acts_visited":["Exordium","TheCity"],"potions_floor_usage":[16,16],"damage_taken":[{"damage":6.0,"enemies":"2 Louse","floor":1.0,"turns":2.0},{"damage":11.0,"enemies":"Jaw Worm","floor":2.0,"turns":4.0},{"damage":0.0,"enemies":"Cultist","floor":4.0,"turns":2.0},{"damage":14.0,"enemies":"Blue Slaver","floor":5.0,"turns":3.0},{"damage":34.0,"enemies":"Lagavulin","floor":6.0,"turns":6.0},{"damage":0.0,"enemies":"Gremlin Nob","floor":10.0,"turns":2.0},{"damage":23.0,"enemies":"Looter","floor":13.0,"turns":2.0},{"damage":14.0,"enemies":"Red Slaver","floor":14.0,"turns":2.0},{"damage":26,"enemies":"Hexaghost","floor":16,"turns":4},{"damage":15,"enemies":"Spheric Guardian","floor":18,"turns":3},{"damage":14,"enemies":"3 Byrds","floor":20,"turns":4},{"damage":39,"enemies":"Book of Stabbing","floor":23,"turns":3},{"damage":54,"enemies":"Snake Plant","floor":25,"turns":4}],"seed_played":"3845436054798457018","potions_obtained":[{"floor":5.0,"key":"LiquidMemories"},{"floor":6.0,"key":"Swift Potion"},{"floor":10.0,"key":"PowerPotion"},{"floor":14.0,"key":"Strength Potion"}],"is_trial":false,"path_per_floor":["M","M","$","M","M","E","R","?","T","E","?","R","M","M","R","B",null,"M","?","M","?","$","E","R","M"],"character_chosen":"IRONCLAD","items_purchased":["ReplayTheSpireMod:LeadingStrike","Toy Ornithopter","ReplayTheSpireMod:Lightbulb"],"campfire_rested":3,"item_purchase_floors":[3,22,22],"current_hp_per_floor":[80,75,75,80,72,44,68,61,61,67,67,67,50,42,66,46,80,71,71,63,63,63,30,54,0,0],"gold":80,"neow_bonus":"","is_daily":false,"chose_seed":false,"campfire_upgraded":1,"win_rate":0.0,"timestamp":1610200668,"path_taken":["M","M","$","M","M","E","R","?","T","E","?","R","M","M","R","BOSS","M","?","?","?","$","E","R","M"],"items_purchased_type":["Card","Relic","Relic"],"build_version":"2020-12-22","purchased_purges":1,"victory":false,"max_hp_per_floor":[80,80,80,80,80,80,80,80,80,80,80,80,80,80,80,80,80,80,80,80,80,80,80,80,80,80],"card_choices":[{"not_picked":["Scorched","OSAHOGD"],"picked":"CrumblingArmor","floor":1.0},{"not_picked":["Flame Barrier","True Grit"],"picked":"Pommel Strike","floor":1.0},{"not_picked":["Bloodbath","OSAHOGD"],"picked":"OldLady","floor":2.0},{"not_picked":["Iron Wave","Clash"],"picked":"Headbutt","floor":2.0},{"not_picked":["Wellcheers","GreedKing"],"picked":"SilentOrchestra","floor":4.0},{"not_picked":["Dark Embrace","Limit Break"],"picked":"AT_DrawKnifeCut","floor":4.0},{"not_picked":["AT_IchimonjiDouble","Perfected Strike","Clash"],"picked":"SKIP","floor":5.0},{"not_picked":["Armaments","Anger"],"picked":"ReplayTheSpireMod:Muscle Training","floor":6.0},{"not_picked":["Flex","Sword Boomerang"],"picked":"Pummel","floor":10.0},{"not_picked":["AT_IchimonjiDouble","Feel No Pain"],"picked":"Pommel Strike","floor":13.0},{"not_picked":["Havoc","Cleave","Run Through"],"picked":"SKIP","floor":13.0},{"not_picked":["Life Link","AT_IchimonjiDouble","Barricade"],"picked":"SKIP","floor":14.0},{"not_picked":["Twin Strike","Havoc","True Grit"],"picked":"SKIP","floor":14.0},{"not_picked":["Bludgeon","Double Tap"],"picked":"Limit Break","floor":16},{"not_picked":["MHz","Murderer"],"picked":"GreedKing","floor":18},{"not_picked":["Run Through","Dual Wield","Flex"],"picked":"SKIP","floor":18},{"not_picked":["Run Through+1","Anger","Havoc"],"picked":"SKIP","floor":18},{"not_picked":["FairyFestival","MHz"],"picked":"LittleHelper","floor":20},{"not_picked":["AT_CaressingTears","Sword Boomerang"],"picked":"Blood for Blood","floor":20},{"not_picked":["Perfected Strike","Clothesline","Warcry"],"picked":"SKIP","floor":20},{"not_picked":["AT_BodySlamDance","Battle Trance+1"],"picked":"Thunderclap","floor":23}],"player_experience":144330,"relics_obtained":[{"floor":6.0,"key":"Bag of Preparation"},{"floor":10.0,"key":"Replay:Bottled Eggs"},{"floor":23,"key":"MawBank"}],"event_choices":[{"cards_removed":["Defend_R"],"damage_healed":0.0,"max_hp_gain":0.0,"max_hp_loss":0.0,"gold_gain":0.0,"event_name":"Golden Wing","player_choice":"Card Removal","floor":8.0,"gold_loss":0.0,"damage_taken":7.0},{"damage_healed":0,"gold_gain":100,"player_choice":"Bet on Murderer","damage_taken":0,"max_hp_gain":0,"max_hp_loss":0,"event_name":"The Joust","floor":19,"gold_loss":50},{"damage_healed":0,"gold_gain":99,"player_choice":"Stole From Cult","damage_taken":0,"max_hp_gain":0,"max_hp_loss":0,"event_name":"Nest","floor":21,"gold_loss":0}],"is_beta":false,"boss_relics":[{"not_picked":["Ectoplasm","Kintsugi"],"picked":"Electric Blood"}],"items_purged_floors":[22],"is_endless":false,"potions_floor_spawned":[5,6,10,14],"killed_by":"Snake Plant","ascension_level":0}}