{"host":"w7o06k3e8uel8euj","time":1610204756,"event":{"mods":["AchievementEnabler","BaseMod","Colored Powertips","Custom Start","DeckTracker","Keyboard Shortcuts","Minty Spire (QoL Compilation)","Quick Restart","Relic Stats","StSLib","SuperFastMode","everything is the same but u backflip on backflip"],"gold_per_floor":[119,134,154,79,97,130,130,144,171,203,203,216,216,233,233,307,307,326,150,249,262,262,289,289,289,289],"floor_reached":25,"playtime":586,"items_purged":["Strike_G","Strike_G"],"score":384,"play_id":"85170619-448c-40bb-9088-66dfe01826b1","local_time":"20210110000556","is_ascension_mode":true,"campfire_choices":[{"data":"Cloak And Dagger","floor":7.0,"key":"SMITH"},{"data":"Glass Knife","floor":11.0,"key":"SMITH"},{"data":"Well Laid Plans","floor":13.0,"key":"SMITH"},{"data":"Dagger Spray","floor":15.0,"key":"SMITH"},{"data":"Blade Dance","floor":24,"key":"SMITH"}],"circlet_count":0,"master_deck":["AscendersBane","Strike_G","Strike_G","Defend_G","Defend_G","Defend_G+1","Defend_G","Survivor+1","Neutralize","Quick Slash","Cloak And Dagger+1","Dagger Spray+1","Well Laid Plans+1","Glass Knife+1","Escape Plan","Adrenaline","Cloak And Dagger","After Image","Blade Dance+1"],"relics":["Ring of the Snake","Meat on the Bone","Anchor","Black Star","War Paint","Blue Candle"],"acts_visited":["Exordium","TheCity"],"potions_floor_usage":[16,16],"damage_taken":[{"damage":2.0,"enemies":"Cultist","floor":1.0,"turns":4.0},{"damage":4.0,"enemies":"Small Slimes","floor":2.0,"turns":3.0},{"damage":0.0,"enemies":"Jaw Worm","floor":3.0,"turns":4.0},{"damage":10.0,"enemies":"Red Slaver","floor":5.0,"turns":5.0},{"damage":26.0,"enemies":"Gremlin Nob","floor":6.0,"turns":4.0},{"damage":9.0,"enemies":"2 Fungi Beasts","floor":8.0,"turns":3.0},{"damage":16.0,"enemies":"3 Sentries","floor":10.0,"turns":9.0},{"damage":0.0,"enemies":"Exordium Wildlife","floor":12.0,"turns":3.0},{"damage":13.0,"enemies":"Lots of Slimes","floor":14.0,"turns":4.0},{"damage":26,"enemies":"Slime Boss","floor":16,"turns":8},{"damage":12,"enemies":"Shell Parasite","floor":18,"turns":6},{"damage":6,"enemies":"3 Byrds","floor":21,"turns":5},{"damage":28,"enemies":"Slavers","floor":23,"turns":7},{"damage":19,"enemies":"Book of Stabbing","floor":25,"turns":4}],"seed_played":"7548564374186756330","potions_obtained":[{"floor":3.0,"key":"SteroidPotion"},{"floor":5.0,"key":"EssenceOfSteel"},{"floor":12.0,"key":"SteroidPotion"},{"floor":16,"key":"Swift Potion"},{"floor":23,"key":"Poison Potion"}],"is_trial":false,"path_per_floor":["M","M","M","$","M","E","R","M","T","E","R","M","R","M","R","B",null,"M","$","?","M","?","E","R","E"],"character_chosen":"THE_SILENT","items_purchased":["After Image"],"campfire_rested":0,"item_purchase_floors":[19],"current_hp_per_floor":[61,57,57,57,47,21,21,24,24,20,20,32,32,31,31,17,52,40,40,40,34,34,18,18,0,0],"gold":289,"neow_bonus":"REMOVE_TWO","is_daily":false,"chose_seed":false,"campfire_upgraded":5,"win_rate":0.0,"timestamp":1610204756,"path_taken":["M","M","M","$","M","E","R","M","T","E","R","M","R","M","R","BOSS","M","$","?","M","?","E","R","E"],"items_purchased_type":["Card"],"build_version":"2020-12-22","purchased_purges":2,"victory":false,"max_hp_per_floor":[63,63,63,63,63,63,63,63,63,63,63,63,63,63,63,63,63,63,63,63,63,63,63,63,63,63],"relic_stats":{"counters":[14,69],"Blue Candle":[0],"Black Star":1,"War Paint":["Survivor","Defend_G"],"obtain_stats":[{"Anchor":10,"Blue Candle":23,"Black Star":17,"War Paint":23,"Ring of the Snake":0,"Meat on the Bone":6},{"Anchor":7,"Blue Candle":13,"Black Star":10,"War Paint":13,"Ring of the Snake":0,"Meat on the Bone":5},{"Anchor":32,"Blue Candle":65,"Black Star":47,"War Paint":65,"Ring of the Snake":0,"Meat on the Bone":20}],"Ring of the Snake":[28],"Meat on the Bone":72},"card_choices":[{"not_picked":["Underhanded Strike","Acrobatics"],"picked":"Quick Slash","floor":1.0},{"not_picked":["Backflip","Footwork"],"picked":"Cloak And Dagger","floor":2.0},{"not_picked":["Flying Knee","Catalyst","Outmaneuver"],"picked":"SKIP","floor":3.0},{"not_picked":["Dagger Throw","Noxious Fumes"],"picked":"Dagger Spray","floor":5.0},{"not_picked":["Deflect","Choke"],"picked":"Well Laid Plans","floor":6.0},{"not_picked":["Sucker Punch","Crippling Poison","Flying Knee"],"picked":"SKIP","floor":8.0},{"not_picked":["PiercingWail","Concentrate"],"picked":"Glass Knife","floor":10.0},{"not_picked":["Deadly Poison","Deflect","Setup"],"picked":"SKIP","floor":12.0},{"not_picked":["Dagger Throw","PiercingWail"],"picked":"Escape Plan","floor":14.0},{"not_picked":["Phantasmal Killer","Wraith Form v2"],"picked":"Adrenaline","floor":16},{"not_picked":["Dodge and Roll","Dagger Throw"],"picked":"Cloak And Dagger","floor":18},{"not_picked":["Poisoned Stab","Dodge and Roll","Distraction"],"picked":"SKIP","floor":21},{"not_picked":["Deflect","Leg Sweep","Dodge and Roll"],"picked":"SKIP","floor":23}],"player_experience":582678,"relics_obtained":[{"floor":6.0,"key":"Meat on the Bone"},{"floor":10.0,"key":"Anchor"},{"floor":23,"key":"War Paint"},{"floor":23,"key":"Blue Candle"}],"event_choices":[{"damage_healed":0,"gold_gain":99,"player_choice":"Stole From Cult","damage_taken":0,"max_hp_gain":0,"max_hp_loss":0,"event_name":"Nest","floor":20,"gold_loss":0},{"damage_healed":0,"gold_gain":0,"player_choice":"Read","damage_taken":0,"max_hp_gain":0,"max_hp_loss":0,"event_name":"The Library","floor":22,"gold_loss":0,"cards_obtained":["Blade Dance"]}],"is_beta":false,"boss_relics":[{"not_picked":["Snecko Eye","HoveringKite"],"picked":"Black Star"}],"items_purged_floors":[4,19],"is_endless":false,"potions_floor_spawned":[3,5,12,16,23],"killed_by":"Book of Stabbing","ascension_level":13}}