{"host":"3nces2ajq3sg92g2","time":1610181766,"event":{"mods":["ATMod(°¢èªMod)","BaseMod","Colored Powertips","Conspire","Downfall","Minty Spire (QoL Compilation)","Shop Mod","StSLib","The Animator"],"gold_per_floor":[99,110,126,7,17,17,17,2,2,15,29,29,45,65,85,85,85,85],"floor_reached":16,"playtime":1563,"items_purged":[],"score":96,"play_id":"15331527-e6db-4604-b460-253c8faeb217","local_time":"20210109164246","is_ascension_mode":false,"campfire_choices":[{"floor":1,"key":"RECALL"},{"data":"Guardian:FloatingOrbs","floor":6,"key":"SMITH"},{"data":"Guardian:Emergency","floor":12,"key":"SMITH"}],"circlet_count":0,"master_deck":["Guardian:Strike_Guardian","Guardian:Strike_Guardian","Guardian:Strike_Guardian","Guardian:Strike_Guardian","Guardian:Defend_Guardian","Guardian:Defend_Guardian","Guardian:Defend_Guardian","Guardian:Defend_Guardian","Guardian:CurlUp","Guardian:TwinSlam","Guardian:Incinerate","Guardian:TemporalShield","Guardian:FloatingOrbs+1","Guardian:Reroute","Guardian:BaubleBeam","Guardian:Emergency+1","Guardian:ShieldSpikes","Guardian:Gem_Purple","Guardian:Planning"],"relics":["Guardian:ModeShifter","AT_ATBox","Matryoshka"],"acts_visited":["Exordium"],"potions_floor_usage":[8,14],"damage_taken":[{"damage":1,"enemies":"Jaw Worm","floor":2,"turns":5},{"damage":1,"enemies":"Cultist","floor":3,"turns":4},{"damage":0,"enemies":"downfall:FleeingMerchant","floor":4,"turns":4},{"damage":1,"enemies":"2 Louse","floor":5,"turns":2},{"damage":3,"enemies":"downfall:FleeingMerchant","floor":8,"turns":4},{"damage":15,"enemies":"Gremlin Gang","floor":10,"turns":5},{"damage":12,"enemies":"Blue Slaver","floor":11,"turns":3},{"damage":9,"enemies":"Exordium Wildlife","floor":13,"turns":4},{"damage":13,"enemies":"Lots of Slimes","floor":14,"turns":4},{"damage":16,"enemies":"Exordium Thugs","floor":15,"turns":6},{"damage":21,"enemies":"downfall:Defect","floor":16,"turns":4}],"seed_played":"-4759502714804480651","potions_obtained":[{"floor":5,"key":"Explosive Potion"},{"floor":11,"key":"SteroidPotion"},{"floor":13,"key":"champ:CounterPotion"},{"floor":14,"key":"Fire Potion"}],"is_trial":false,"path_per_floor":["R","M","M","$","M","R","T","$","?","M","M","R","M","M","M","B"],"character_chosen":"GUARDIAN","items_purchased":["Guardian:FloatingOrbs","Guardian:Reroute"],"campfire_rested":0,"item_purchase_floors":[4,4],"current_hp_per_floor":[88,87,86,86,85,85,85,82,82,67,55,55,46,33,17,0,0,0],"gold":85,"neow_bonus":"TEN_PERCENT_HP_BONUS","is_daily":false,"chose_seed":false,"campfire_upgraded":2,"win_rate":0.0,"timestamp":1610181766,"path_taken":["R","M","M","$","M","R","T","$","?","M","?","R","M","M","M","BOSS"],"items_purchased_type":["Card","Card"],"build_version":"2020-12-22","purchased_purges":0,"victory":false,"max_hp_per_floor":[88,88,88,88,88,88,88,88,88,88,88,88,88,88,88,88,88,88],"card_choices":[{"not_picked":["Guardian:Reroute","Guardian:WalkerClaw"],"picked":"Guardian:Gem_Lightblue","floor":2},{"not_picked":["Guardian:Clone","Guardian:Planning"],"picked":"Guardian:Incinerate","floor":3},{"not_picked":["Guardian:StasisField","Guardian:Reroute"],"picked":"Guardian:TemporalShield","floor":4},{"not_picked":["Guardian:DecasProtection","Guardian:TemporalStrike"],"picked":"Guardian:Gem_Blue","floor":5},{"not_picked":["Guardian:TemporalStrike","Guardian:ChargeUp"],"picked":"Guardian:BaubleBeam","floor":8},{"not_picked":["Guardian:Gem_Purple","Guardian:CrystalBeam"],"picked":"Guardian:Emergency","floor":10},{"not_picked":["Guardian:PrimingBeam","Guardian:VentSteam"],"picked":"Guardian:Gem_Lightblue","floor":11},{"not_picked":["Guardian:StasisField","Guardian:PiercingHide"],"picked":"Guardian:ShieldSpikes","floor":13},{"not_picked":["Guardian:Gem_Blue","Guardian:BronzeArmor"],"picked":"Guardian:Gem_Purple","floor":14},{"not_picked":["Guardian:Repulse","Guardian:ShieldCharger"],"picked":"Guardian:Planning","floor":15}],"player_experience":19728,"relics_obtained":[{"floor":7,"key":"Matryoshka"}],"event_choices":[{"damage_healed":0,"gold_gain":0,"player_choice":"Ignored","damage_taken":0,"max_hp_gain":0,"max_hp_loss":0,"event_name":"NoteForYourself","floor":9,"gold_loss":0}],"is_beta":false,"boss_relics":[],"items_purged_floors":[],"is_endless":false,"potions_floor_spawned":[5,11,13,14],"killed_by":"downfall:Defect","ascension_level":0}}