{"host":"8xi53560pl5zaoq2","time":1610157339,"event":{"mods":["BaseMod","Colored Map","Highlight Path","Minty Spire (QoL Compilation)","StSLib","Synergy Search"],"gold_per_floor":[210,210,226,241,260,260,291,31,31,31,31,59,76,90,90,192,192,176,176,126,146,146,146],"floor_reached":22,"playtime":1371,"items_purged":["Strike_P"],"score":284,"play_id":"6e9e1a7e-0254-42ca-b326-3214bb895526","local_time":"20210108185539","is_ascension_mode":true,"campfire_choices":[{"data":"WindmillStrike","floor":6,"key":"SMITH"},{"floor":10,"key":"REST"},{"data":"Nirvana","floor":15,"key":"SMITH"}],"circlet_count":0,"master_deck":["Strike_P+1","Strike_P+1","Defend_P+1","Defend_P+1","Defend_P+1","Defend_P+1","Eruption","Vigilance","CutThroughFate","Consecrate","Nirvana+1","WindmillStrike+1","ConjureBlade","DeceiveReality+1","Study","FearNoEvil","CutThroughFate","Establishment","CurseOfTheBell","CutThroughFate"],"relics":["PureWater","Blue Candle","Membership Card","Pocketwatch","GoldenEye","Calling Bell","Smiling Mask","Mercury Hourglass","Turnip"],"acts_visited":["Exordium","TheCity"],"potions_floor_usage":[5,7,13],"damage_taken":[{"damage":9,"enemies":"Jaw Worm","floor":1,"turns":5},{"damage":1,"enemies":"Cultist","floor":3,"turns":3},{"damage":0,"enemies":"Small Slimes","floor":4,"turns":2},{"damage":15,"enemies":"Red Slaver","floor":5,"turns":4},{"damage":16,"enemies":"3 Sentries","floor":7,"turns":7},{"damage":10,"enemies":"Gremlin Nob","floor":12,"turns":3},{"damage":1,"enemies":"Looter","floor":13,"turns":3},{"damage":1,"enemies":"Exordium Wildlife","floor":14,"turns":3},{"damage":37,"enemies":"Hexaghost","floor":16,"turns":12},{"damage":15,"enemies":"2 Thieves","floor":18,"turns":4},{"damage":2,"enemies":"Shell Parasite","floor":21,"turns":10},{"damage":5,"enemies":"Snake Plant","floor":22,"turns":2}],"seed_played":"-2212958321153736761","potions_obtained":[{"floor":4,"key":"SkillPotion"},{"floor":5,"key":"ColorlessPotion"},{"floor":12,"key":"Fruit Juice"},{"floor":16,"key":"Block Potion"},{"floor":18,"key":"Block Potion"}],"is_trial":false,"path_per_floor":["M","?","M","M","M","R","E","$","T","R","?","E","M","M","R","B",null,"M","?","?","M","M"],"character_chosen":"WATCHER","items_purchased":["Membership Card","DeceiveReality","Study"],"campfire_rested":1,"item_purchase_floors":[8,8,8],"current_hp_per_floor":[56,56,55,55,40,40,24,24,24,45,45,35,39,38,38,1,58,43,43,43,41,36,36],"gold":146,"neow_bonus":"HUNDRED_GOLD","is_daily":false,"chose_seed":false,"campfire_upgraded":2,"win_rate":0.0,"timestamp":1610157339,"path_taken":["M","?","M","?","M","R","E","$","T","R","?","E","?","M","R","BOSS","M","?","?","M","M"],"items_purchased_type":["Relic","Card","Card"],"build_version":"2020-12-22","purchased_purges":1,"victory":false,"max_hp_per_floor":[72,72,72,72,72,72,72,72,72,72,72,72,77,77,77,77,77,77,77,77,77,77,77],"card_choices":[{"not_picked":["CrushJoints","PathToVictory"],"picked":"CutThroughFate","floor":1},{"not_picked":["EmptyFist","Tantrum"],"picked":"Consecrate","floor":3},{"not_picked":["PathToVictory","Wireheading"],"picked":"Nirvana","floor":4},{"not_picked":["Fasting2","Crescendo"],"picked":"WindmillStrike","floor":5},{"not_picked":["SpiritShield","Crescendo"],"picked":"ConjureBlade","floor":7},{"not_picked":["Indignation","Worship","Vengeance"],"picked":"SKIP","floor":12},{"not_picked":["EmptyFist","ReachHeaven"],"picked":"FearNoEvil","floor":13},{"not_picked":["MentalFortress","ClearTheMind"],"picked":"CutThroughFate","floor":14},{"not_picked":["Alpha","MasterReality"],"picked":"Establishment","floor":16},{"not_picked":["WheelKick+1","FlyingSleeves"],"picked":"CutThroughFate","floor":18},{"not_picked":["BowlingBash","EmptyMind","Collect"],"picked":"SKIP","floor":21}],"player_experience":1276770,"relics_obtained":[{"floor":7,"key":"Blue Candle"},{"floor":9,"key":"Pocketwatch"},{"floor":12,"key":"GoldenEye"},{"floor":17,"key":"Smiling Mask"},{"floor":17,"key":"Mercury Hourglass"},{"floor":17,"key":"Turnip"}],"event_choices":[{"cards_removed":["Strike_P"],"damage_healed":0,"gold_gain":0,"player_choice":"Offered Basic","damage_taken":0,"max_hp_gain":0,"max_hp_loss":0,"event_name":"Bonfire Elementals","floor":2,"gold_loss":0},{"damage_healed":0,"gold_gain":0,"player_choice":"Upgraded","damage_taken":0,"max_hp_gain":0,"max_hp_loss":0,"event_name":"Upgrade Shrine","floor":11,"gold_loss":0,"cards_upgraded":["DeceiveReality"]},{"damage_healed":0,"gold_gain":0,"player_choice":"Simplicity","damage_taken":0,"max_hp_gain":0,"max_hp_loss":0,"event_name":"Back to Basics","floor":19,"gold_loss":0,"cards_upgraded":["Strike_P","Strike_P","Defend_P","Defend_P","Defend_P","Defend_P"]},{"damage_healed":0,"gold_gain":0,"player_choice":"Bet on Murderer","damage_taken":0,"max_hp_gain":0,"max_hp_loss":0,"event_name":"The Joust","floor":20,"gold_loss":50}],"is_beta":false,"boss_relics":[{"not_picked":["Pandora\u0027s Box","Runic Pyramid"],"picked":"Calling Bell"}],"items_purged_floors":[8],"is_endless":false,"potions_floor_spawned":[4,5,12,16,18],"killed_by":"Snake Plant","ascension_level":9}}