{"host":"e4hse1vg61zltgzv","time":1610235988,"event":{"mods":["AchievementEnabler","BaseMod","Block Reminder","Colored Map","DeckTracker","GifTheSpireLib","Minty Spire (QoL Compilation)","Rare Cards Sparkle","StSLib","SuperFastMode","everything is the same but u backflip on backflip"],"gold_per_floor":[111,124,124,49,67,94,94,119,119,138,238,59,73,99,99,178,178,191,34,47,47,47,47,47,76,102,117,130,142,170,200,212,301,313,340,377,409,421,447,484,513,554,566,604,629,153,153,170,170,170,170,170,170,1,35,35],"floor_reached":57,"playtime":1318,"items_purged":["Bash","Hemokinesis","Armaments"],"score":3608,"play_id":"b992088d-85ee-4723-83b1-a73be2e94169","local_time":"20210110084628","is_ascension_mode":true,"campfire_choices":[{"data":"Feed","floor":15.0,"key":"SMITH"},{"data":"Dark Embrace","floor":24,"key":"SMITH"},{"data":"Evolve","floor":32,"key":"SMITH"},{"data":"Feel No Pain","floor":47,"key":"SMITH"},{"floor":49,"key":"RECALL"},{"data":"Intimidate","floor":53,"key":"SMITH"}],"circlet_count":0,"master_deck":["AscendersBane","Rampage+1","Fiend Fire+1","Dark Embrace+1","Offering+1","Evolve+1","Feel No Pain+1"],"relics":["Burning Blood","Pandora\u0027s Box","NeowsBlessing","Bottled Flame","Matryoshka","Self Forming Clay","Question Card","Ancient Tea Set","SlaversCollar","Unceasing Top","Bag of Preparation","MutagenicStrength","Art of War","Blood Vial","Orichalcum","PreservedInsect","MawBank","Busted Crown","Torii","MealTicket","Pen Nib","Molten Egg 2","HornCleat","Sundial","TheAbacus","Medical Kit","Nunchaku"],"acts_visited":["Exordium","TheCity","TheBeyond","TheEnding"],"potions_floor_usage":[16,16,56,56],"damage_taken":[{"damage":0.0,"enemies":"Cultist","floor":1.0,"turns":1.0},{"damage":0.0,"enemies":"Small Slimes","floor":2.0,"turns":1.0},{"damage":0.0,"enemies":"Jaw Worm","floor":5.0,"turns":1.0},{"damage":12.0,"enemies":"Gremlin Nob","floor":6.0,"turns":3.0},{"damage":34.0,"enemies":"3 Sentries","floor":8.0,"turns":6.0},{"damage":6.0,"enemies":"2 Fungi Beasts","floor":10.0,"turns":2.0},{"damage":6.0,"enemies":"Red Slaver","floor":13.0,"turns":3.0},{"damage":15.0,"enemies":"Lagavulin","floor":14.0,"turns":4.0},{"damage":0,"enemies":"Slime Boss","floor":16,"turns":4},{"damage":31,"enemies":"Shell Parasite","floor":18,"turns":4},{"damage":9,"enemies":"Spheric Guardian","floor":20,"turns":3},{"damage":6,"enemies":"Gremlin Leader","floor":25,"turns":1},{"damage":6,"enemies":"Snake Plant","floor":27,"turns":2},{"damage":14,"enemies":"Centurion and Healer","floor":28,"turns":2},{"damage":6,"enemies":"Chosen and Byrds","floor":29,"turns":3},{"damage":13,"enemies":"Slavers","floor":30,"turns":2},{"damage":6,"enemies":"Cultist and Chosen","floor":31,"turns":2},{"damage":6,"enemies":"Automaton","floor":33,"turns":2},{"damage":10,"enemies":"3 Darklings","floor":35,"turns":2},{"damage":6,"enemies":"Mind Bloom Boss Battle","floor":36,"turns":1},{"damage":6,"enemies":"Orb Walker","floor":37,"turns":1},{"damage":6,"enemies":"Transient","floor":39,"turns":4},{"damage":13,"enemies":"Giant Head","floor":40,"turns":2},{"damage":16,"enemies":"Writhing Mass","floor":41,"turns":2},{"damage":6,"enemies":"Reptomancer","floor":42,"turns":2},{"damage":6,"enemies":"Nemesis","floor":44,"turns":1},{"damage":6,"enemies":"Spire Growth","floor":45,"turns":1},{"damage":6,"enemies":"Transient","floor":48,"turns":3},{"damage":6,"enemies":"Time Eater","floor":50,"turns":1},{"damage":6,"enemies":"Awakened One","floor":51,"turns":2},{"damage":6,"enemies":"Shield and Spear","floor":55,"turns":1},{"damage":8,"enemies":"The Heart","floor":56,"turns":4}],"seed_played":"9100348642236908","potions_obtained":[{"floor":2.0,"key":"DuplicationPotion"},{"floor":6.0,"key":"DuplicationPotion"},{"floor":14.0,"key":"GamblersBrew"},{"floor":16,"key":"SpeedPotion"},{"floor":27,"key":"SneckoOil"},{"floor":28,"key":"Weak Potion"},{"floor":33,"key":"SteroidPotion"},{"floor":42,"key":"FearPotion"},{"floor":55,"key":"Swift Potion"}],"is_trial":false,"path_per_floor":["M","M","?","$","M","E","?","E","T","M","?","$","M","E","R","B",null,"M","$","M","?","?","?","R","E","T","M","M","M","E","M","R","B",null,"M","?","M","?","M","E","M","E","T","E","M","$","R","M","R","B","B",null,"R","$","E","B",null],"character_chosen":"IRONCLAD","items_purchased":["Dark Embrace","Bag of Preparation","Feel No Pain","HornCleat","Medical Kit"],"campfire_rested":0,"item_purchase_floors":[12,19,46,46,54],"current_hp_per_floor":[74,75,68,68,74,68,45,17,17,17,17,17,17,8,8,14,60,35,85,82,82,82,82,82,82,82,84,77,79,74,76,76,78,83,81,83,85,85,85,78,70,72,72,74,76,95,95,95,95,95,95,95,95,95,95,93],"gold":35,"neow_bonus":"THREE_ENEMY_KILL","is_daily":false,"chose_seed":false,"campfire_upgraded":5,"win_rate":0.0,"timestamp":1610235988,"path_taken":["M","?","?","?","M","E","?","E","T","M","?","$","?","E","R","BOSS","M","$","?","?","?","?","R","E","T","?","M","M","E","M","R","BOSS","M","?","M","?","M","E","M","E","T","E","M","$","R","?","R","BOSS","BOSS","R","$","E","BOSS"],"items_purchased_type":["Card","Relic","Card","Relic","Relic"],"build_version":"2020-12-22","purchased_purges":3,"victory":true,"max_hp_per_floor":[75,75,75,75,75,75,75,75,75,75,75,75,75,75,75,75,75,75,85,85,85,85,85,85,85,85,85,85,85,85,85,85,85,85,85,85,85,85,85,85,85,85,85,85,85,95,95,95,95,95,95,95,95,95,95,95],"card_choices":[{"not_picked":["Flex","Anger","Combust"],"picked":"SKIP","floor":1.0},{"not_picked":["Pummel","Sword Boomerang","Hemokinesis"],"picked":"SKIP","floor":2.0},{"not_picked":["Metallicize","Rupture","Perfected Strike"],"picked":"SKIP","floor":5.0},{"not_picked":["Inflame","Body Slam","Thunderclap"],"picked":"SKIP","floor":6.0},{"not_picked":["Intimidate","Juggernaut","Thunderclap"],"picked":"SKIP","floor":8.0},{"not_picked":["Cleave","Heavy Blade","Pommel Strike","Warcry"],"picked":"SKIP","floor":10.0},{"not_picked":["Blood for Blood","Clothesline","Perfected Strike","Pommel Strike"],"picked":"SKIP","floor":13.0},{"not_picked":["Blood for Blood","Clothesline","Perfected Strike","Pommel Strike"],"picked":"SKIP","floor":13.0},{"not_picked":["Twin Strike","Uppercut","Sword Boomerang"],"picked":"Feed","floor":14.0},{"not_picked":["Exhume","Corruption","Berserk"],"picked":"Offering","floor":16},{"not_picked":["Headbutt+1","Flex","True Grit","Perfected Strike"],"picked":"SKIP","floor":18},{"not_picked":["Rupture","Carnage","Havoc","Dual Wield"],"picked":"SKIP","floor":20},{"not_picked":["Rupture","Carnage","Havoc","Dual Wield"],"picked":"SKIP","floor":20},{"not_picked":["Twin Strike","Sever Soul","Blood for Blood","Intimidate"],"picked":"SKIP","floor":25},{"not_picked":["Flex","Sever Soul","Sword Boomerang","Havoc"],"picked":"SKIP","floor":27},{"not_picked":["Thunderclap","True Grit","Body Slam"],"picked":"Evolve","floor":28},{"not_picked":["Inflame","Cleave","Metallicize","Sword Boomerang"],"picked":"SKIP","floor":29},{"not_picked":["Battle Trance","Perfected Strike+1","Cleave","Body Slam"],"picked":"SKIP","floor":30},{"not_picked":["Battle Trance","Perfected Strike+1","Cleave","Body Slam"],"picked":"SKIP","floor":30},{"not_picked":["Sword Boomerang","Offering","Heavy Blade","Thunderclap"],"picked":"SKIP","floor":31},{"not_picked":["Searing Blow+1","Sever Soul"],"picked":"SKIP","floor":35},{"not_picked":["Flex","Armaments"],"picked":"SKIP","floor":37},{"not_picked":["Twin Strike","Juggernaut"],"picked":"SKIP","floor":39},{"not_picked":["Perfected Strike","Spot Weakness"],"picked":"SKIP","floor":40},{"not_picked":["Twin Strike","Thunderclap"],"picked":"SKIP","floor":41},{"not_picked":["Entrench+1","Iron Wave"],"picked":"SKIP","floor":42},{"not_picked":["Barricade","Warcry+1"],"picked":"SKIP","floor":44},{"not_picked":["Perfected Strike+1","Spot Weakness"],"picked":"SKIP","floor":45},{"not_picked":["Hemokinesis+1","Intimidate+1"],"picked":"SKIP","floor":48},{"not_picked":["Pommel Strike+1","Wild Strike+1"],"picked":"SKIP","floor":55}],"player_experience":785525,"relics_obtained":[{"floor":6.0,"key":"Bottled Flame"},{"floor":8.0,"key":"Matryoshka"},{"floor":9.0,"key":"Self Forming Clay"},{"floor":9.0,"key":"Question Card"},{"floor":14.0,"key":"Ancient Tea Set"},{"floor":25,"key":"Blood Vial"},{"floor":26,"key":"Orichalcum"},{"floor":26,"key":"PreservedInsect"},{"floor":30,"key":"MawBank"},{"floor":36,"key":"Torii"},{"floor":40,"key":"MealTicket"},{"floor":42,"key":"Pen Nib"},{"floor":44,"key":"Molten Egg 2"},{"floor":55,"key":"Nunchaku"}],"event_choices":[{"cards_removed":["Havoc"],"damage_healed":0.0,"max_hp_gain":0.0,"max_hp_loss":0.0,"gold_gain":0.0,"event_name":"Golden Wing","player_choice":"Card Removal","floor":3.0,"gold_loss":0.0,"damage_taken":7.0},{"damage_healed":0.0,"max_hp_gain":0.0,"max_hp_loss":0.0,"gold_gain":0.0,"event_name":"Shining Light","player_choice":"Entered Light","floor":7.0,"gold_loss":0.0,"damage_taken":23.0,"cards_upgraded":["Fiend Fire","Rampage"]},{"damage_healed":0.0,"max_hp_gain":0.0,"max_hp_loss":0.0,"gold_gain":100.0,"event_name":"Wheel of Change","player_choice":"Gold","floor":11.0,"gold_loss":0.0,"damage_taken":0.0},{"cards_removed":["Brutality"],"damage_healed":40,"gold_gain":0,"player_choice":"Offered Rare","damage_taken":0,"max_hp_gain":10,"max_hp_loss":0,"event_name":"Bonfire Elementals","floor":19,"gold_loss":0},{"cards_removed":["Wild Strike"],"damage_healed":0,"gold_gain":0,"player_choice":"Elegance","damage_taken":0,"max_hp_gain":0,"max_hp_loss":0,"event_name":"Back to Basics","floor":21,"gold_loss":0},{"damage_healed":0,"gold_gain":0,"player_choice":"Inject Mutagens","damage_taken":0,"relics_obtained":["MutagenicStrength"],"max_hp_gain":0,"max_hp_loss":0,"event_name":"Drug Dealer","floor":22,"gold_loss":0},{"cards_removed":["Warcry"],"damage_healed":0,"gold_gain":0,"player_choice":"Gave Card","damage_taken":0,"relics_obtained":["Art of War"],"max_hp_gain":0,"max_hp_loss":0,"event_name":"WeMeetAgain","floor":23,"gold_loss":0},{"damage_healed":0,"gold_gain":0,"player_choice":"Fight","damage_taken":0,"max_hp_gain":0,"max_hp_loss":0,"event_name":"MindBloom","floor":36,"gold_loss":0},{"damage_healed":0,"gold_gain":0,"player_choice":"Forge","damage_taken":0,"max_hp_gain":0,"max_hp_loss":0,"event_name":"Accursed Blacksmith","floor":38,"gold_loss":0,"cards_upgraded":["Offering"]},{"cards_removed":["Feed"],"damage_healed":0,"gold_gain":0,"player_choice":"Offered Rare","damage_taken":0,"max_hp_gain":10,"max_hp_loss":0,"event_name":"Bonfire Elementals","floor":46,"gold_loss":0},{"cards_removed":["Intimidate"],"damage_healed":0,"gold_gain":0,"player_choice":"Offered Uncommon","damage_taken":0,"max_hp_gain":0,"max_hp_loss":0,"event_name":"Bonfire Elementals","floor":54,"gold_loss":0}],"is_beta":false,"boss_relics":[{"not_picked":["Pandora\u0027s Box","Calling Bell"],"picked":"SlaversCollar"},{"not_picked":["Black Blood","Sozu"],"picked":"Busted Crown"}],"items_purged_floors":[4,12,46],"is_endless":false,"potions_floor_spawned":[2,6,14,16,27,28,30,33,37,40,42,45,48,55],"ascension_level":20}}