{"host":"xurz8oye0j2lsa2k","time":1610223912,"event":{"mods":["AchievementEnabler","BaseMod","Bestiary","BetterRewards","Colored Map","Hubris","Marisa????????","Minty Spire (QoL Compilation)","Permanent Neow","Replay The Spire","Spicy Shops","StSLib","UnlockEverythingMod"],"gold_per_floor":[109,109,128,146,146,179,194,194,194,49,67,67,92,110,110,110,110],"floor_reached":16,"playtime":752,"items_purged":["hubris:Disease"],"score":137,"play_id":"0c0f4757-7e0e-4500-b9f4-321e7218d199","local_time":"20210109152512","is_ascension_mode":false,"campfire_choices":[{"floor":12,"key":"REST"},{"data":"ReplayTheSpireMod:Calculation Training","floor":15,"key":"SMITH"}],"circlet_count":0,"master_deck":["Strike_B","Strike_B","Strike_B","Defend_B","Defend_B","Defend_B","Defend_B","Zap","Dualcast","BasicCrystalCard","Ball Lightning","Cold Snap","Sweeping Beam","Chill","Echo Form","ReplayTheSpireMod:Calculation Training+1","BasicCrystalCard+1","Ball Lightning"],"relics":["Cracked Core","Unceasing Top","FossilizedHelix","hubris:SoftwareUpdate","Blue Candle","Lantern","Potion Belt","Toxic Egg 2","hubris:BallOfYels","Sundial"],"acts_visited":["Exordium"],"potions_floor_usage":[11,14,16],"damage_taken":[{"damage":0.0,"enemies":"Small Slimes","floor":1.0,"turns":3.0},{"damage":0.0,"enemies":"Jaw Worm","floor":3.0,"turns":2.0},{"damage":0.0,"enemies":"2 Louse","floor":4.0,"turns":2.0},{"damage":26.0,"enemies":"Lagavulin","floor":6.0,"turns":8.0},{"damage":0.0,"enemies":"Exordium Thugs","floor":7.0,"turns":3.0},{"damage":0,"enemies":"3 Louse","floor":11,"turns":2},{"damage":0,"enemies":"3 Sentries","floor":13,"turns":5},{"damage":0,"enemies":"2 Fungi Beasts","floor":14,"turns":1},{"damage":24,"enemies":"The Guardian","floor":16,"turns":9}],"seed_played":"-5709422245813320628","potions_obtained":[{"floor":4.0,"key":"SpeedPotion"},{"floor":7.0,"key":"Fire Potion"},{"floor":11,"key":"Energy Potion"},{"floor":14,"key":"Ancient Potion"}],"is_trial":false,"path_per_floor":["M","?","M","M","T","E","M","?","T","$","M","R","E","M","R","B"],"character_chosen":"DEFECT","items_purchased":["Unceasing Top","BasicCrystalCard","Ball Lightning","hubris:SoftwareUpdate","hubris:BallOfYels"],"campfire_rested":1,"item_purchase_floors":[0,0,0,0,10],"current_hp_per_floor":[40,28,28,28,28,2,2,2,2,2,2,24,24,24,24,0,0],"gold":110,"neow_bonus":"","is_daily":false,"chose_seed":false,"campfire_upgraded":1,"win_rate":0.0,"timestamp":1610223912,"path_taken":["M","?","M","M","?","E","M","?","T","$","?","R","E","M","R","BOSS"],"items_purchased_type":["Relic","Card","Card","Relic","Relic"],"build_version":"2020-12-22","purchased_purges":1,"victory":false,"max_hp_per_floor":[75,75,75,75,75,75,75,75,75,75,75,75,75,75,75,75,75],"card_choices":[{"not_picked":["Ball Lightning","Chaos"],"picked":"Cold Snap","floor":1.0},{"not_picked":["Leap","Conserve Battery"],"picked":"Sweeping Beam","floor":3.0},{"not_picked":["Streamline","Heatsinks"],"picked":"Chill","floor":4.0},{"not_picked":["Mirror Shield","Fission"],"picked":"Echo Form","floor":6.0},{"not_picked":["BasicCrystalCard","Rebound"],"picked":"ReplayTheSpireMod:Calculation Training","floor":7.0},{"not_picked":["Cold Snap","Streamline","Panic Button+1"],"picked":"SKIP","floor":11},{"not_picked":["Coolheaded+1","Glacier+1"],"picked":"BasicCrystalCard+1","floor":13},{"not_picked":["FTL","Cold Snap"],"picked":"Ball Lightning","floor":14}],"player_experience":510043,"relics_obtained":[{"floor":5.0,"key":"Lantern"},{"floor":6.0,"key":"Potion Belt"},{"floor":9.0,"key":"Toxic Egg 2"},{"floor":13,"key":"Sundial"}],"event_choices":[{"damage_healed":0.0,"max_hp_gain":0.0,"max_hp_loss":0.0,"gold_gain":0.0,"event_name":"Scrap Ooze","player_choice":"Success","floor":2.0,"gold_loss":0.0,"damage_taken":12.0,"relics_obtained":["Blue Candle"]},{"cards_removed":["Strike_B"],"damage_healed":0.0,"max_hp_gain":0.0,"max_hp_loss":0.0,"gold_gain":0.0,"event_name":"Bonfire Elementals","player_choice":"Offered Basic","floor":8.0,"gold_loss":0.0,"damage_taken":0.0}],"is_beta":false,"boss_relics":[],"items_purged_floors":[0],"is_endless":false,"potions_floor_spawned":[4,7,11,14],"killed_by":"The Guardian","ascension_level":0}}