{"host":"yuhibl5o0ay6idau","time":1610226953,"event":{"mods":["Aspiration","BaseMod","Better Altar","Better Match","Better Note","Better Sensory Stone","Better Skull","Better Third Choice","Colored Map","Colored Powertips","Conspire","Highlight Path","Minty Spire (QoL Compilation)","Quick Restart","Replay The Spire","StSLib","SuperFastMode"],"gold_per_floor":[116,66,0,20,20,20,45,45,124,139,64,64,90,90,90,185,185,196,196,209,209,209,244,144,176,176,176,205,205,219,260,260,370,370,382,392,267,328,341,374,387,165,165,182,218,246,246,290,290,290],"floor_reached":51,"playtime":8722,"items_purged":["Strike_G","Strike_G","Defend_G","PiercingWail"],"score":1045,"play_id":"c329e351-5588-4ce1-8529-1ca0c5fcbef0","local_time":"20210109131553","is_ascension_mode":true,"campfire_choices":[{"data":"Neutralize","floor":6,"key":"SMITH"},{"data":"Sucker Punch","floor":8,"key":"SMITH"},{"data":"Dagger Spray","floor":15,"key":"SMITH"},{"data":"Bullet Time","floor":27,"key":"SMITH"},{"data":"ReplayUltimateDefense","floor":32,"key":"SMITH"},{"data":"Choke","floor":49,"key":"SMITH"}],"circlet_count":0,"master_deck":["Defend_G","Defend_G","Defend_G","Survivor","Neutralize+1","Sucker Punch+1","Backstab","Dagger Spray+1","Flying Knee","Bullet Time+1","Hidden Blade","ReplayUltimateDefense+1","ReplayTheSpireMod:Tripwire+1","PiercingWail","Backflip","Bullet Time","Trip","Choke+1","After Image","Blur+1"],"relics":["Ring of the Snake","NeowsBlessing","Lantern","conspire:TopHat","Replay:Ringing Soul","Replay:Wax Seal","Snecko Scales","Bloody Idol","Replay:Mystery Machine","Replay:Rubber Ducky","CeramicFish","Replay:Bottled Flurry","aspiration:DefectSkillbook","conspire:GlowingRock","Regal Pillow","Replay:Bottled Steam","Toy Ornithopter","Akabeko"],"acts_visited":["Exordium","TheCity","TheBeyond"],"potions_floor_usage":[23,23,50,50],"damage_taken":[{"damage":0,"enemies":"2 Louse","floor":1,"turns":1},{"damage":0,"enemies":"Small Slimes","floor":4,"turns":1},{"damage":0,"enemies":"3 Sentries","floor":7,"turns":1},{"damage":0,"enemies":"Cultist","floor":10,"turns":3},{"damage":21,"enemies":"Gremlin Nob","floor":13,"turns":5},{"damage":45,"enemies":"The Guardian","floor":16,"turns":19},{"damage":1,"enemies":"Spheric Guardian","floor":18,"turns":4},{"damage":0,"enemies":"Chosen","floor":20,"turns":4},{"damage":3,"enemies":"Slavers","floor":23,"turns":5},{"damage":2,"enemies":"Gremlin Leader","floor":25,"turns":8},{"damage":0,"enemies":"Centurion and Healer","floor":28,"turns":4},{"damage":0,"enemies":"Snecko","floor":30,"turns":4},{"damage":0,"enemies":"conspire:Head Lice","floor":31,"turns":6},{"damage":0,"enemies":"conspire:MysteriousRune","floor":33,"turns":10},{"damage":0,"enemies":"Orb Walker","floor":35,"turns":3},{"damage":0,"enemies":"3 Shapes","floor":36,"turns":6},{"damage":0,"enemies":"conspire:MimicChest","floor":38,"turns":7},{"damage":0,"enemies":"Jaw Worm Horde","floor":39,"turns":2},{"damage":0,"enemies":"R_Hoarder","floor":40,"turns":7},{"damage":3,"enemies":"Writhing Mass","floor":41,"turns":8},{"damage":0,"enemies":"Spire Growth","floor":44,"turns":4},{"damage":0,"enemies":"Giant Head","floor":45,"turns":6},{"damage":0,"enemies":"Sphere and 2 Shapes","floor":46,"turns":4},{"damage":0,"enemies":"Nemesis","floor":48,"turns":5},{"damage":16,"enemies":"Replay:Hell Engine","floor":50,"turns":7}],"seed_played":"2938698809874886016","potions_obtained":[{"floor":7,"key":"FearPotion"},{"floor":13,"key":"Swift Potion"},{"floor":16,"key":"Ancient Potion"},{"floor":18,"key":"AttackPotion"},{"floor":28,"key":"Venom Potion"},{"floor":30,"key":"Venom Potion"},{"floor":33,"key":"Languid Potion"},{"floor":39,"key":"SkillPotion"}],"is_trial":false,"path_per_floor":["M","?","?","M","$","R","E","R","T","M","$","?","E","?","R","B",null,"M","?","M","?","?","E","$","E","T","R","M","?","M","E","R","B",null,"M","M","$","?","M","E","M","$","T","M","E","M","?","E","R","B",null],"character_chosen":"THE_SILENT","items_purchased":["Trip"],"campfire_rested":0,"item_purchase_floors":[42],"current_hp_per_floor":[70,70,70,70,70,70,70,70,70,73,73,73,55,48,48,6,61,60,63,63,22,25,30,30,33,33,33,46,91,91,94,94,97,97,97,97,97,97,97,97,97,100,100,100,103,106,106,109,109,103],"gold":290,"neow_bonus":"THREE_ENEMY_KILL","is_daily":false,"chose_seed":false,"campfire_upgraded":6,"win_rate":0.0,"timestamp":1610226953,"path_taken":["M","?","?","?","?","R","E","R","T","M","$","?","E","?","R","BOSS","M","?","?","?","?","E","$","E","T","R","?","?","?","E","R","BOSS","M","M","$","?","?","E","M","$","T","M","E","M","?","E","R","BOSS"],"items_purchased_type":["Card"],"build_version":"2020-12-22","purchased_purges":4,"victory":true,"max_hp_per_floor":[70,70,70,70,70,70,70,70,70,73,73,73,76,76,76,79,79,79,82,82,82,85,88,88,88,88,88,91,91,91,94,94,97,97,97,97,97,97,97,97,97,100,100,100,103,106,106,109,109,109],"card_choices":[{"not_picked":["Hidden Blade","ReplayTheSpireMod:Exploit Weakness"],"picked":"Sucker Punch","floor":1},{"not_picked":["Flechettes","Hidden Blade"],"picked":"Backstab","floor":4},{"not_picked":["Backflip","Infinite Blades"],"picked":"PiercingWail","floor":7},{"not_picked":["Replay:Bag of Tricks","Hidden Blade"],"picked":"Dagger Spray","floor":10},{"not_picked":["Poisoned Stab","Finisher"],"picked":"Flying Knee","floor":13},{"not_picked":["Corpse Explosion","ReplayTheSpireMod:Necrosis"],"picked":"Bullet Time","floor":16},{"not_picked":["Outmaneuver","Bane","Bouncing Flask"],"picked":"SKIP","floor":18},{"not_picked":["PiercingWail","Backstab","Dagger Spray"],"picked":"SKIP","floor":20},{"not_picked":["Sadistic Nature","Swift Strike"],"picked":"ReplayUltimateDefense","floor":22},{"not_picked":["Deflect","Bane"],"picked":"ReplayTheSpireMod:Tripwire+1","floor":23},{"not_picked":["Quick Slash","Tactician","Deadly Poison"],"picked":"SKIP","floor":25},{"not_picked":["Bane","Flying Knee"],"picked":"PiercingWail","floor":28},{"not_picked":["Sucker Punch","Underhanded Strike","conspire:PoisonWeapons"],"picked":"SKIP","floor":30},{"not_picked":["Unload","Die Die Die"],"picked":"Backflip","floor":31},{"not_picked":["Glass Knife","Night Terror"],"picked":"Bullet Time","floor":33},{"not_picked":["Dodge and Roll+1","Masterful Stab+1","Reprogram+1","Fluid Movement"],"picked":"SKIP","floor":35},{"not_picked":["Backflip","Flying Knee","Steam+1","Loop+1"],"picked":"SKIP","floor":36},{"not_picked":["Prepared","Rebound+1","Cold Snap","Barrage+1"],"picked":"SKIP","floor":39},{"not_picked":["Cloak And Dagger","All Out Attack","Backflip+1","Conserve Battery"],"picked":"SKIP","floor":40},{"not_picked":["Catalyst","ReplayTheSpireMod:Repulse","BootSequence+1","PiercingWail+1"],"picked":"SKIP","floor":41},{"not_picked":["Poisoned Stab+1","ReplayTheSpireMod:Tripwire","Underhanded Strike+1","Dodge and Roll+1"],"picked":"SKIP","floor":44},{"not_picked":["Streamline","Crystallizer+1","Coolheaded+1"],"picked":"Choke","floor":45},{"not_picked":["Blade Dance+1","Draining Mist+1","Well Laid Plans+1"],"picked":"After Image","floor":46},{"not_picked":["Terror","Flechettes","Redo+1"],"picked":"Blur+1","floor":48}],"player_experience":408033,"relics_obtained":[{"floor":7,"key":"conspire:TopHat"},{"floor":9,"key":"Replay:Ringing Soul"},{"floor":13,"key":"Replay:Wax Seal"},{"floor":23,"key":"Replay:Mystery Machine"},{"floor":25,"key":"Replay:Rubber Ducky"},{"floor":26,"key":"CeramicFish"},{"floor":31,"key":"Replay:Bottled Flurry"},{"floor":38,"key":"conspire:GlowingRock"},{"floor":40,"key":"Regal Pillow"},{"floor":43,"key":"Replay:Bottled Steam"},{"floor":45,"key":"Toy Ornithopter"},{"floor":48,"key":"Akabeko"}],"event_choices":[{"cards_removed":["Strike_G"],"damage_healed":0,"gold_gain":0,"player_choice":"Card Removal","damage_taken":0,"max_hp_gain":0,"max_hp_loss":0,"event_name":"The Cleric","floor":2,"gold_loss":50},{"damage_healed":0,"gold_gain":0,"player_choice":"Paid Gold","damage_taken":0,"relics_obtained":["Lantern"],"max_hp_gain":0,"max_hp_loss":0,"event_name":"WeMeetAgain","floor":3,"gold_loss":66},{"cards_removed":["Strike_G"],"damage_healed":0,"gold_gain":0,"player_choice":"Card Removal","damage_taken":7,"max_hp_gain":0,"max_hp_loss":0,"event_name":"Golden Wing","floor":14,"gold_loss":0},{"damage_healed":0,"gold_gain":0,"cards_transformed":["Defend_G"],"player_choice":"Transformed","damage_taken":0,"max_hp_gain":0,"max_hp_loss":0,"event_name":"Transmorgrifier","floor":19,"gold_loss":0,"cards_obtained":["Hidden Blade"]},{"damage_healed":0,"gold_gain":0,"player_choice":" Idol ","damage_taken":41,"relics_obtained":["Bloody Idol"],"max_hp_gain":63,"max_hp_loss":22,"event_name":"betterAltar:BetterAltar","floor":21,"potions_obtained":[],"relics_lost":[],"gold_loss":0},{"damage_healed":0,"gold_gain":2,"player_choice":"1","damage_taken":0,"max_hp_gain":0,"max_hp_loss":0,"event_name":"betterStone:BetterStone","floor":22,"gold_loss":0},{"damage_healed":45,"gold_gain":0,"player_choice":"Full Heal","damage_taken":0,"max_hp_gain":0,"max_hp_loss":0,"event_name":"Wheel of Change","floor":29,"gold_loss":0},{"damage_healed":0,"gold_gain":0,"player_choice":"Ignored","damage_taken":0,"max_hp_gain":0,"max_hp_loss":0,"event_name":"Duplicator","floor":47,"gold_loss":0}],"is_beta":false,"boss_relics":[{"not_picked":["Ring of the Serpent","aspiration:RunicSpoon"],"picked":"Snecko Scales"},{"not_picked":["Painkiller Herb","Pandora\u0027s Box"],"picked":"aspiration:DefectSkillbook"}],"items_purged_floors":[11,24,37,42],"is_endless":false,"potions_floor_spawned":[7,13,16,18,28,30,33,38,39,41,44],"ascension_level":5}}