{"host":"1bnrkmg0bmhwam8n","time":1610176036,"event":{"mods":["2.2 Compatiblity","BaseMod","Colored Map","Hermit","Infinite Spire","Minty Spire (QoL Compilation)","Quick Restart","StSLib"],"gold_per_floor":[115,135,135,152,165,165,197,272,272,272,285,345,360,115,115,216,216,230,239,248,259,259,259,292,292,363,363,387,387,387,398,398,398,398],"floor_reached":33,"playtime":1385,"items_purged":[],"score":265,"play_id":"3b92a2c2-de61-4edd-8b06-c1c484703224","local_time":"20210109010716","is_ascension_mode":false,"campfire_choices":[{"floor":6,"key":"REST"},{"floor":10,"key":"REST"},{"floor":15,"key":"REST"},{"floor":23,"key":"REST"},{"floor":25,"key":"REST"},{"data":"hermit:EternalForm","floor":27,"key":"SMITH"},{"floor":29,"key":"REST"},{"floor":32,"key":"REST"}],"circlet_count":0,"master_deck":["hermit:Strike_Hermit","hermit:Strike_Hermit","hermit:Strike_Hermit","hermit:Strike_Hermit","hermit:Defend_Hermit","hermit:Defend_Hermit","hermit:Defend_Hermit","hermit:Defend_Hermit","hermit:Snapshot","hermit:Covet","hermit:BlackWind","hermit:Deadeye","hermit:GhostlyPresence+1","hermit:FinalCanter","Writhe","hermit:Vantage"],"relics":["hermit:Momento","MealTicket","Letter Opener","Dead Branch","Darkstone Periapt","SacredBark","CeramicFish","infinitespire:Joker Card","infinitespire:FocusingShard","Mercury Hourglass"],"acts_visited":["Exordium","TheCity"],"potions_floor_usage":[7,12,12,24,24,24,31,33],"damage_taken":[{"damage":3,"enemies":"Jaw Worm","floor":1,"turns":3},{"damage":5,"enemies":"Small Slimes","floor":2,"turns":4},{"damage":0,"enemies":"2 Louse","floor":4,"turns":3},{"damage":27,"enemies":"Gremlin Gang","floor":5,"turns":8},{"damage":24,"enemies":"Lagavulin","floor":7,"turns":9},{"damage":5,"enemies":"Looter","floor":11,"turns":2},{"damage":29,"enemies":"Lagavulin Event","floor":12,"turns":6},{"damage":0,"enemies":"Large Slime","floor":13,"turns":6},{"damage":45,"enemies":"The Guardian","floor":16,"turns":13},{"damage":38,"enemies":"Spheric Guardian","floor":18,"turns":8},{"damage":26,"enemies":"Chosen","floor":21,"turns":5},{"damage":50,"enemies":"Book of Stabbing","floor":24,"turns":7},{"damage":42,"enemies":"Sentry and Sphere","floor":28,"turns":6},{"damage":24,"enemies":"Centurion and Healer","floor":31,"turns":10},{"damage":46,"enemies":"Champ","floor":33,"turns":9}],"seed_played":"-4022739245529183371","potions_obtained":[{"floor":4,"key":"LiquidBronze"},{"floor":7,"key":"CultistPotion"},{"floor":11,"key":"SkillPotion"},{"floor":12,"key":"Regen Potion"},{"floor":13,"key":"Energy Potion"},{"floor":18,"key":"GamblersBrew"},{"floor":28,"key":"EssenceOfSteel"},{"floor":31,"key":"SteroidPotion"}],"is_trial":false,"path_per_floor":["M","M","?","M","M","R","E","?","T","R","M","?","M","$","R","B",null,"M","?","?","M","?","R","E","R","T","R","M","R","?","M","R","B"],"character_chosen":"HERMIT","items_purchased":["Darkstone Periapt"],"campfire_rested":7,"item_purchase_floors":[14],"current_hp_per_floor":[72,67,67,67,40,62,38,27,27,49,44,15,15,30,52,7,75,37,43,43,17,17,41,31,55,55,55,13,37,37,13,37,0,0],"gold":398,"neow_bonus":"ONE_RANDOM_RARE_CARD","is_daily":false,"chose_seed":false,"campfire_upgraded":1,"win_rate":0.0,"timestamp":1610176036,"path_taken":["M","M","?","M","M","R","E","?","T","R","M","?","M","$","R","BOSS","M","?","?","?","?","R","E","R","T","R","M","R","?","M","R","BOSS"],"items_purchased_type":["Relic"],"build_version":"2020-12-22","purchased_purges":0,"victory":false,"max_hp_per_floor":[75,75,75,75,75,75,75,75,75,75,75,75,75,75,75,75,75,75,81,81,81,81,81,81,81,81,81,81,81,81,81,81,81,81],"card_choices":[{"not_picked":["hermit:Grudge","hermit:Headshot"],"picked":"hermit:Deadeye","floor":1},{"not_picked":["hermit:Showdown","hermit:BodyArmor"],"picked":"hermit:GhostlyPresence","floor":2},{"not_picked":["hermit:HoleUp","hermit:PistolWhip","hermit:Ricochet"],"picked":"SKIP","floor":4},{"not_picked":["hermit:Feint","hermit:Misfire","hermit:Manifest"],"picked":"SKIP","floor":5},{"not_picked":["hermit:Manifest","hermit:NoHoldsBarred","hermit:TakeCover"],"picked":"SKIP","floor":7},{"not_picked":["hermit:DeadMansHand","hermit:Grudge","hermit:Coalescence"],"picked":"SKIP","floor":11},{"not_picked":["hermit:Brawl","hermit:Quickdraw"],"picked":"hermit:FinalCanter","floor":12},{"not_picked":["hermit:CalledShot","hermit:Headshot","hermit:Cheat"],"picked":"SKIP","floor":13},{"not_picked":["hermit:Cheat","hermit:BodyArmor","hermit:Dive"],"picked":"SKIP","floor":18},{"not_picked":["hermit:BodyArmor","hermit:Spite","hermit:Maintenance"],"picked":"SKIP","floor":21},{"not_picked":["hermit:BlackWind","hermit:Headshot","hermit:BigShot"],"picked":"SKIP","floor":24},{"not_picked":["hermit:WideOpen","hermit:Headshot"],"picked":"hermit:Vantage","floor":28},{"not_picked":["hermit:HoleUp","hermit:HighCaliber","hermit:Deadeye"],"picked":"SKIP","floor":31}],"player_experience":405892,"relics_obtained":[{"floor":7,"key":"MealTicket"},{"floor":9,"key":"Letter Opener"},{"floor":12,"key":"Dead Branch"},{"floor":24,"key":"infinitespire:Joker Card"},{"floor":26,"key":"infinitespire:FocusingShard"}],"event_choices":[{"damage_healed":0,"gold_gain":0,"player_choice":"Grow","damage_taken":0,"max_hp_gain":0,"max_hp_loss":0,"event_name":"Living Wall","floor":3,"gold_loss":0,"cards_upgraded":["hermit:GhostlyPresence"]},{"damage_healed":0,"gold_gain":75,"player_choice":"Gather Gold","damage_taken":11,"max_hp_gain":0,"max_hp_loss":0,"event_name":"World of Goop","floor":8,"gold_loss":0},{"damage_healed":0,"gold_gain":0,"player_choice":"Searched \u00271\u0027 times","damage_taken":0,"max_hp_gain":0,"max_hp_loss":0,"event_name":"Dead Adventurer","floor":12,"gold_loss":0},{"damage_healed":0,"gold_gain":0,"player_choice":"Opened","damage_taken":0,"relics_obtained":["CeramicFish"],"max_hp_gain":0,"max_hp_loss":0,"event_name":"The Mausoleum","floor":19,"gold_loss":0,"cards_obtained":["Writhe"]},{"damage_healed":0,"gold_gain":0,"player_choice":"1 cards matched","damage_taken":0,"max_hp_gain":0,"max_hp_loss":0,"event_name":"Match and Keep!","floor":20,"gold_loss":0,"cards_obtained":["hermit:EternalForm"]},{"damage_healed":0,"gold_gain":0,"player_choice":"Ignored","damage_taken":0,"max_hp_gain":0,"max_hp_loss":0,"event_name":"Cursed Tome","floor":22,"gold_loss":0},{"cards_removed":["hermit:EternalForm"],"damage_healed":0,"gold_gain":0,"player_choice":"Gave Card","damage_taken":0,"relics_obtained":["Mercury Hourglass"],"max_hp_gain":0,"max_hp_loss":0,"event_name":"WeMeetAgain","floor":30,"gold_loss":0}],"is_beta":false,"boss_relics":[{"not_picked":["Runic Dome","Ectoplasm"],"picked":"SacredBark"}],"items_purged_floors":[],"is_endless":false,"potions_floor_spawned":[4,7,11,12,13,18,28,31],"killed_by":"Champ","ascension_level":0}}