{"host":"dm4yvegl9um2tlqd","time":1610179697,"event":{"mods":["2.2 Compatiblity","BaseMod","Colored Map","DeckTracker","Highlight Path","KOR Keyword Fix","Keyboard Shortcuts","Minty Spire (QoL Compilation)","Permanent Neow","Quick Restart","Random Character Button","StSLib","SuperFastMode","everything is the same but u backflip on backflip"],"gold_per_floor":[115,126,201,74,74,74,106,106,106,106,123,140,140,152,152,253,253,270,287,151,66,77,77,77,77,77,97,97,44,44,71,71,171,171,182,182,198,198,213,213,226,226,226,253,264,364,364,0,0,0],"floor_reached":51,"playtime":1779,"items_purged":["Strike_G","Strike_G"],"score":693,"play_id":"9d77a769-7b36-42a0-996a-cd84ff2f8980","local_time":"20210109170817","is_ascension_mode":false,"campfire_choices":[{"floor":6.0,"key":"REST"},{"data":"Phantasmal Killer","floor":8.0,"key":"SMITH"},{"floor":13.0,"key":"REST"},{"data":"Noxious Fumes","floor":15.0,"key":"SMITH"},{"data":"A Thousand Cuts","floor":23.0,"key":"SMITH"},{"data":"Terror","floor":25,"key":"SMITH"},{"data":"Neutralize","floor":28,"key":"SMITH"},{"floor":30,"key":"REST"},{"floor":32,"key":"REST"},{"data":"Blade Dance","floor":40,"key":"SMITH"},{"data":"Night Terror","floor":42,"key":"SMITH"},{"data":"Wraith Form v2","floor":47,"key":"SMITH"},{"floor":49,"key":"REST"}],"circlet_count":0,"master_deck":["Strike_G","Strike_G+1","Defend_G","Defend_G","Defend_G","Defend_G","Defend_G","Survivor","Neutralize+1","Quick Slash+1","Poisoned Stab","Blade Dance+1","Phantasmal Killer+1","Acrobatics","Noxious Fumes+1","A Thousand Cuts+1","Dagger Throw","Terror+1","Blur","Acrobatics","PiercingWail","Wraith Form v2+1","Night Terror+1","CurseOfTheBell","PiercingWail","Acrobatics+1","Prepared+1","Blur+1"],"relics":["Ring of the Snake","Incense Burner","Orichalcum","CaptainsWheel","Philosopher\u0027s Stone","Lantern","Enchiridion","Matryoshka","Dream Catcher","Calling Bell","Juzu Bracelet","Question Card","Calipers","Happy Flower","Ancient Tea Set","Kunai","Red Mask"],"acts_visited":["Exordium","TheCity","TheBeyond"],"potions_floor_usage":[31,31,33,33,50,50],"damage_taken":[{"damage":2.0,"enemies":"Cultist","floor":1.0,"turns":5.0},{"damage":0.0,"enemies":"2 Louse","floor":2.0,"turns":5.0},{"damage":21.0,"enemies":"Lagavulin","floor":7.0,"turns":9.0},{"damage":0.0,"enemies":"Small Slimes","floor":11.0,"turns":2.0},{"damage":5.0,"enemies":"Exordium Thugs","floor":12.0,"turns":5.0},{"damage":6.0,"enemies":"3 Louse","floor":14.0,"turns":4.0},{"damage":4.0,"enemies":"Slime Boss","floor":16.0,"turns":9.0},{"damage":18.0,"enemies":"2 Thieves","floor":18.0,"turns":4.0},{"damage":0.0,"enemies":"Chosen","floor":19.0,"turns":3.0},{"damage":0.0,"enemies":"3 Cultists","floor":22.0,"turns":4.0},{"damage":12,"enemies":"Centurion and Healer","floor":27,"turns":4},{"damage":40,"enemies":"Gremlin Leader","floor":31,"turns":6},{"damage":17,"enemies":"Automaton","floor":33,"turns":8},{"damage":1,"enemies":"Orb Walker","floor":35,"turns":4},{"damage":20,"enemies":"3 Darklings","floor":37,"turns":4},{"damage":0,"enemies":"4 Shapes","floor":39,"turns":5},{"damage":0,"enemies":"Writhing Mass","floor":41,"turns":8},{"damage":8,"enemies":"Reptomancer","floor":44,"turns":5},{"damage":0,"enemies":"Sphere and 2 Shapes","floor":45,"turns":5},{"damage":18,"enemies":"Donu and Deca","floor":50,"turns":10}],"seed_played":"2846559990945576597","potions_obtained":[{"floor":7.0,"key":"BlessingOfTheForge"},{"floor":11.0,"key":"Explosive Potion"},{"floor":12.0,"key":"Strength Potion"},{"floor":22.0,"key":"Strength Potion"},{"floor":31,"key":"Strength Potion"},{"floor":37,"key":"FearPotion"},{"floor":44,"key":"CunningPotion"}],"is_trial":false,"path_per_floor":["M","M","?","$","?","R","E","R","T","?","M","M","R","M","R","B",null,"M","M","$","?","M","R","?","R","T","M","R","$","R","E","R","B",null,"M","?","M","?","M","R","M","R","T","E","M","?","R","?","R","B",null],"character_chosen":"THE_SILENT","items_purchased":["Blade Dance","Blur","PiercingWail"],"campfire_rested":5,"item_purchase_floors":[4,20,29],"current_hp_per_floor":[47,47,36,36,22,43,22,22,22,22,22,17,38,32,32,28,70,52,52,52,52,52,52,36,36,36,24,24,24,45,5,26,9,70,69,69,49,49,49,49,49,49,49,41,41,41,41,41,60,42],"gold":0,"neow_bonus":"ONE_RARE_RELIC","is_daily":false,"chose_seed":false,"campfire_upgraded":8,"win_rate":0.0,"timestamp":1610179697,"path_taken":["M","M","?","$","?","R","E","R","T","?","?","M","R","M","R","BOSS","M","M","$","?","M","R","?","R","T","M","R","?","R","E","R","BOSS","M","?","M","?","M","R","M","R","T","E","M","?","R","?","R","BOSS"],"items_purchased_type":["Card","Card","Card"],"build_version":"2020-12-22","purchased_purges":2,"victory":true,"max_hp_per_floor":[70,70,70,70,70,70,70,70,70,70,70,70,70,70,70,70,70,70,70,70,70,70,70,70,70,70,70,70,70,70,70,70,70,70,70,70,70,66,66,66,66,66,66,66,66,66,66,66,66,66],"card_choices":[{"not_picked":["Dodge and Roll","Outmaneuver"],"picked":"Quick Slash","floor":1.0},{"not_picked":["Underhanded Strike","Calculated Gamble"],"picked":"Poisoned Stab","floor":2.0},{"not_picked":["Dodge and Roll","Infinite Blades"],"picked":"Phantasmal Killer","floor":7.0},{"not_picked":["Sucker Punch","Escape Plan"],"picked":"Acrobatics","floor":11.0},{"not_picked":["Acrobatics","Deflect","Poisoned Stab"],"picked":"SKIP","floor":12.0},{"not_picked":["Dagger Throw","Prepared"],"picked":"Noxious Fumes","floor":14.0},{"not_picked":["Doppelganger","Die Die Die"],"picked":"A Thousand Cuts","floor":16.0},{"not_picked":["Leg Sweep","Poisoned Stab"],"picked":"Dagger Throw","floor":18.0},{"not_picked":["Leg Sweep","Flying Knee"],"picked":"Terror","floor":19.0},{"not_picked":["Backstab","Deadly Poison","Quick Slash"],"picked":"SKIP","floor":22.0},{"not_picked":["Slice+1","Backflip"],"picked":"Acrobatics","floor":27},{"not_picked":["All Out Attack","Underhanded Strike"],"picked":"Wraith Form v2","floor":31},{"not_picked":["Doppelganger","Glass Knife"],"picked":"Night Terror","floor":33},{"not_picked":["Dodge and Roll+1","Flying Knee","All Out Attack+1"],"picked":"PiercingWail","floor":35},{"not_picked":["Backstab","Crippling Poison+1","Bouncing Flask+1","Flying Knee+1"],"picked":"SKIP","floor":37},{"not_picked":["Deflect","Noxious Fumes+1","Quick Slash+1"],"picked":"Acrobatics+1","floor":39},{"not_picked":["Acrobatics+1","Terror","Predator"],"picked":"Prepared+1","floor":41},{"not_picked":["Crippling Poison+1","Burst","Infinite Blades","Deadly Poison"],"picked":"SKIP","floor":44},{"not_picked":["Dodge and Roll","Dagger Throw+1","Calculated Gamble","Sucker Punch"],"picked":"SKIP","floor":45},{"not_picked":["Riddle With Holes+1","Sucker Punch","Caltrops"],"picked":"Blur+1","floor":49}],"player_experience":2832,"relics_obtained":[{"floor":7.0,"key":"Orichalcum"},{"floor":9.0,"key":"CaptainsWheel"},{"floor":24,"key":"Enchiridion"},{"floor":26,"key":"Matryoshka"},{"floor":31,"key":"Dream Catcher"},{"floor":34,"key":"Juzu Bracelet"},{"floor":34,"key":"Question Card"},{"floor":34,"key":"Calipers"},{"floor":43,"key":"Happy Flower"},{"floor":43,"key":"Ancient Tea Set"},{"floor":44,"key":"Kunai"}],"event_choices":[{"damage_healed":0.0,"max_hp_gain":0.0,"max_hp_loss":0.0,"gold_gain":75.0,"event_name":"World of Goop","player_choice":"Gather Gold","floor":3.0,"gold_loss":0.0,"damage_taken":11.0},{"damage_healed":0.0,"max_hp_gain":0.0,"max_hp_loss":0.0,"gold_gain":0.0,"event_name":"Shining Light","player_choice":"Entered Light","floor":5.0,"gold_loss":0.0,"damage_taken":14.0,"cards_upgraded":["Strike_G","Quick Slash"]},{"damage_healed":0.0,"max_hp_gain":0.0,"max_hp_loss":0.0,"gold_gain":0.0,"event_name":"Liars Game","player_choice":"Ignored","floor":10.0,"gold_loss":0.0,"damage_taken":0.0},{"damage_healed":0.0,"max_hp_gain":0.0,"max_hp_loss":0.0,"gold_gain":0.0,"event_name":"Addict","player_choice":"Obtained Relic","floor":21.0,"gold_loss":85.0,"damage_taken":0.0,"relics_obtained":["Lantern"]},{"damage_healed":0,"gold_gain":0,"player_choice":"Obtained Book","damage_taken":16,"max_hp_gain":0,"max_hp_loss":0,"event_name":"Cursed Tome","floor":24,"gold_loss":0},{"cards_removed":["Strike_G"],"damage_healed":0,"gold_gain":0,"player_choice":"Offered Basic","damage_taken":0,"max_hp_gain":0,"max_hp_loss":0,"event_name":"Bonfire Elementals","floor":36,"gold_loss":0},{"damage_healed":0,"gold_gain":0,"player_choice":"Max HP","damage_taken":0,"max_hp_gain":0,"max_hp_loss":4,"event_name":"Winding Halls","floor":38,"gold_loss":0},{"damage_healed":0,"gold_gain":100,"player_choice":"Pray","damage_taken":0,"max_hp_gain":0,"max_hp_loss":0,"event_name":"Golden Shrine","floor":46,"gold_loss":0},{"damage_healed":0,"gold_gain":0,"player_choice":"Paid","damage_taken":0,"relics_obtained":["Red Mask"],"max_hp_gain":0,"max_hp_loss":0,"event_name":"Tomb of Lord Red Mask","floor":48,"gold_loss":364}],"is_beta":false,"boss_relics":[{"not_picked":["Fusion Hammer","Snecko Eye"],"picked":"Philosopher\u0027s Stone"},{"not_picked":["Tiny House","Empty Cage"],"picked":"Calling Bell"}],"items_purged_floors":[4,20],"is_endless":false,"potions_floor_spawned":[7,11,12,22,31,37,44],"ascension_level":0}}