{"host":"ar32v00r0pvlld5w","time":1610176359,"event":{"mods":["ATMod(°¢èªMod)","BaseMod","Colored Powertips","Minty Spire (QoL Compilation)","Quick Restart","Spicy Shops","StSLib"],"gold_per_floor":[114,131,56,71,71,99,32,32,32,32,47,47,61,78,78,175,175,195,295,42,62,79,79,110,110,110,110,164,178,30,40,40,138,138,158,212,212,224,234,567,567,587,610,27,156,169,220,370,370,470],"floor_reached":51,"playtime":3548,"items_purged":["Strike_R","Strike_R","Strike_R","Strike_R"],"score":827,"play_id":"090322e5-5297-4600-bb61-8b89d991f991","local_time":"20210109151239","is_ascension_mode":false,"campfire_choices":[{"data":"Feel No Pain","floor":8,"key":"SMITH"},{"data":"AT_BodySlamDance","floor":10,"key":"SMITH"},{"data":"Flame Barrier","floor":12,"key":"SMITH"},{"data":"AT_FamilyPortrait","floor":15,"key":"SMITH"},{"data":"True Grit","floor":23,"key":"SMITH"},{"data":"Double Tap","floor":27,"key":"SMITH"},{"data":"True Grit","floor":32,"key":"SMITH"},{"data":"Barricade","floor":41,"key":"SMITH"},{"data":"Impervious","floor":49,"key":"SMITH"}],"circlet_count":0,"master_deck":["Defend_R","Defend_R","Bash","AT_FamilyPortrait+1","Flame Barrier+1","AT_BodySlamDance+1","Body Slam","True Grit+1","Feel No Pain+1","True Grit+1","Impervious+1","Shrug It Off","Double Tap+1","Offering+1","True Grit+1","Barricade+1","Seeing Red+1","Madness+1","Madness+1","Entrench+1"],"relics":["Burning Blood","AT_ATBox","Pantograph","Ornamental Fan","AT_TrinityForce","AT_SunfireAegis","Mercury Hourglass","Toxic Egg 2","AT_SeraphEmbrace","Empty Cage","Ancient Tea Set","Old Coin","AT_BellDemon","AT_TheCollector","Red Skull","Frozen Egg 2","Calipers","Blood Vial","Charon\u0027s Ashes","Unceasing Top"],"acts_visited":["Exordium","TheCity","TheBeyond"],"potions_floor_usage":[47,48],"damage_taken":[{"damage":8,"enemies":"2 Louse","floor":1,"turns":3},{"damage":8,"enemies":"Small Slimes","floor":2,"turns":5},{"damage":9,"enemies":"Cultist","floor":4,"turns":4},{"damage":63,"enemies":"3 Sentries","floor":6,"turns":11},{"damage":12,"enemies":"Exordium Thugs","floor":11,"turns":6},{"damage":3,"enemies":"Red Slaver","floor":13,"turns":2},{"damage":0,"enemies":"3 Louse","floor":14,"turns":1},{"damage":23,"enemies":"Slime Boss","floor":16,"turns":11},{"damage":11,"enemies":"Shell Parasite","floor":18,"turns":5},{"damage":0,"enemies":"2 Thieves","floor":21,"turns":1},{"damage":0,"enemies":"Shelled Parasite and Fungi","floor":22,"turns":3},{"damage":0,"enemies":"Slavers","floor":24,"turns":2},{"damage":6,"enemies":"Cultist and Chosen","floor":29,"turns":1},{"damage":6,"enemies":"Chosen and Byrds","floor":31,"turns":2},{"damage":10,"enemies":"Collector","floor":33,"turns":6},{"damage":12,"enemies":"3 Darklings","floor":35,"turns":5},{"damage":0,"enemies":"3 Shapes","floor":38,"turns":1},{"damage":6,"enemies":"3 Darklings","floor":39,"turns":1},{"damage":6,"enemies":"Giant Head","floor":40,"turns":4},{"damage":6,"enemies":"Maw","floor":42,"turns":3},{"damage":0,"enemies":"Nemesis","floor":45,"turns":3},{"damage":0,"enemies":"Sphere and 2 Shapes","floor":46,"turns":5},{"damage":41,"enemies":"2 Orb Walkers","floor":47,"turns":3},{"damage":42,"enemies":"Mind Bloom Boss Battle","floor":48,"turns":4},{"damage":34,"enemies":"Time Eater","floor":50,"turns":5}],"seed_played":"8463184912649422285","potions_obtained":[{"floor":1,"key":"PowerPotion"},{"floor":2,"key":"LiquidMemories"},{"floor":13,"key":"Block Potion"},{"floor":16,"key":"Strength Potion"},{"floor":18,"key":"FearPotion"},{"floor":22,"key":"Fire Potion"},{"floor":46,"key":"BlessingOfTheForge"},{"floor":47,"key":"Explosive Potion"}],"is_trial":false,"path_per_floor":["M","M","$","M","?","E","$","R","T","R","M","R","M","M","R","B",null,"M","?","$","M","M","R","E","$","T","R","T","M","$","M","R","B",null,"M","T","?","M","M","E","R","M","T","$","E","M","?","?","R","B",null],"character_chosen":"IRONCLAD","items_purchased":["Feel No Pain","AT_SunfireAegis","Offering+1","AT_TheCollector"],"campfire_rested":0,"item_purchase_floors":[7,20,30,44],"current_hp_per_floor":[86,84,84,81,74,17,17,17,17,17,11,11,14,20,20,28,88,83,83,83,88,88,88,88,88,88,88,88,88,88,88,88,84,88,82,82,71,77,77,77,77,77,77,77,83,88,53,44,44,43],"gold":470,"neow_bonus":"TEN_PERCENT_HP_BONUS","is_daily":false,"chose_seed":false,"campfire_upgraded":9,"win_rate":0.0,"timestamp":1610176359,"path_taken":["M","M","$","M","?","E","$","R","T","R","M","R","M","M","R","BOSS","M","?","$","?","M","R","E","$","T","R","?","M","$","M","R","BOSS","M","?","?","M","?","E","R","M","T","$","E","M","?","?","R","BOSS"],"items_purchased_type":["Card","Relic","Card","Relic"],"build_version":"2020-12-22","purchased_purges":4,"victory":true,"max_hp_per_floor":[88,88,88,88,88,88,88,88,88,88,88,88,88,88,88,88,88,88,88,88,88,88,88,88,88,88,88,88,88,88,88,88,88,88,88,88,88,88,88,88,88,88,88,88,88,88,88,88,88,88],"card_choices":[{"not_picked":["Headbutt","Perfected Strike"],"picked":"Flame Barrier","floor":1},{"not_picked":["Combust","Spot Weakness"],"picked":"AT_BodySlamDance","floor":2},{"not_picked":["Sword Boomerang","Clash"],"picked":"Body Slam","floor":4},{"not_picked":["Intimidate","Disarm"],"picked":"True Grit","floor":6},{"not_picked":["Uppercut","Sword Boomerang","Armaments"],"picked":"SKIP","floor":11},{"not_picked":["Armaments","Headbutt"],"picked":"True Grit","floor":13},{"not_picked":["Clash","Flex","Rampage"],"picked":"SKIP","floor":14},{"not_picked":["Demon Form","Brutality"],"picked":"Impervious","floor":16},{"not_picked":["AT_CaressingTears+1","Body Slam"],"picked":"Shrug It Off","floor":18},{"not_picked":["True Grit","AT_ManFootWork","Flex+1"],"picked":"SKIP","floor":21},{"not_picked":["Fire Breathing+1","Inflame","Perfected Strike"],"picked":"SKIP","floor":22},{"not_picked":["Whirlwind","Clothesline+1"],"picked":"Double Tap","floor":24},{"not_picked":["Cleave","Disarm+1","Thunderclap"],"picked":"SKIP","floor":29},{"not_picked":["Rage+1","Flex+1"],"picked":"True Grit+1","floor":31},{"not_picked":["Limit Break+1","Corruption"],"picked":"Barricade","floor":33},{"not_picked":["Shrug It Off+1","AT_BodySlamDance+1"],"picked":"Seeing Red+1","floor":35},{"not_picked":["Rupture+1","Power Through+1","Iron Wave"],"picked":"SKIP","floor":38},{"not_picked":["Shrug It Off+1","Iron Wave+1"],"picked":"Entrench+1","floor":39},{"not_picked":["Hemokinesis+1","Metallicize","Twin Strike"],"picked":"SKIP","floor":40},{"not_picked":["Fire Breathing+1","AT_IchimonjiDouble","Anger+1"],"picked":"SKIP","floor":42},{"not_picked":["Flex+1","Bludgeon","Shockwave+1"],"picked":"SKIP","floor":45},{"not_picked":["Clothesline+1","Inflame+1","Perfected Strike+1"],"picked":"SKIP","floor":46}],"player_experience":11226,"relics_obtained":[{"floor":6,"key":"Pantograph"},{"floor":9,"key":"Ornamental Fan"},{"floor":24,"key":"Mercury Hourglass"},{"floor":26,"key":"Toxic Egg 2"},{"floor":28,"key":"AT_ArchangelStaff"},{"floor":36,"key":"Ancient Tea Set"},{"floor":40,"key":"Old Coin"},{"floor":43,"key":"AT_BellDemon"},{"floor":45,"key":"Red Skull"},{"floor":46,"key":"Frozen Egg 2"},{"floor":47,"key":"Calipers"},{"floor":47,"key":"Blood Vial"},{"floor":48,"key":"Charon\u0027s Ashes"},{"floor":48,"key":"Unceasing Top"}],"event_choices":[{"cards_removed":["Defend_R"],"damage_healed":0,"gold_gain":0,"player_choice":"Card Removal","damage_taken":7,"max_hp_gain":0,"max_hp_loss":0,"event_name":"Golden Wing","floor":5,"gold_loss":0},{"damage_healed":0,"gold_gain":100,"player_choice":"Pray","damage_taken":0,"max_hp_gain":0,"max_hp_loss":0,"event_name":"Golden Shrine","floor":19,"gold_loss":0},{"damage_healed":0,"gold_gain":0,"player_choice":"Embrace Madness","damage_taken":11,"max_hp_gain":0,"max_hp_loss":0,"event_name":"Winding Halls","floor":37,"gold_loss":0,"cards_obtained":["Madness","Madness"]},{"damage_healed":0,"gold_gain":0,"player_choice":"Fight","damage_taken":0,"max_hp_gain":0,"max_hp_loss":0,"event_name":"Mysterious Sphere","floor":47,"gold_loss":0},{"damage_healed":0,"gold_gain":0,"player_choice":"Fight","damage_taken":0,"max_hp_gain":0,"max_hp_loss":0,"event_name":"MindBloom","floor":48,"gold_loss":0}],"is_beta":false,"boss_relics":[{"not_picked":["AT_MortalBlade","Snecko Eye"],"picked":"AT_TrinityForce"},{"not_picked":["Mark of Pain","Black Star"],"picked":"Empty Cage"}],"items_purged_floors":[3,20,44,44],"is_endless":false,"potions_floor_spawned":[1,2,13,16,18,22,24,31,33,35,39,42,46,47],"ascension_level":0}}