{"host":"nqsrckqog5ia9mbo","time":1610224235,"event":{"mods":["AchievementEnabler","BaseMod","Colored Map","Hermit","Minty Spire (QoL Compilation)","StSLib"],"gold_per_floor":[116,131,144,154,154,154,184,184,231,249,267,192,192,142,142,247,247,264,118,118,128,142,142,142],"floor_reached":23,"playtime":1214,"items_purged":["Strike_R","Strike_R"],"score":261,"play_id":"16d89cdb-1872-47e3-8ee8-2345042891d0","local_time":"20210109213035","is_ascension_mode":true,"campfire_choices":[{"data":"Armaments","floor":6.0,"key":"SMITH"},{"data":"Bash","floor":8.0,"key":"SMITH"},{"data":"True Grit","floor":13.0,"key":"SMITH"},{"data":"Pommel Strike","floor":15.0,"key":"SMITH"}],"circlet_count":0,"master_deck":["Strike_R","Defend_R","Defend_R","Defend_R","Defend_R","Bash+1","Dramatic Entrance","Cleave","Flex","Armaments+1","Pommel Strike+1","True Grit+1","Barricade","Heavy Blade","Pummel+1"],"relics":["Burning Blood","White Beast Statue","Art of War","Busted Crown"],"acts_visited":["Exordium","TheCity"],"potions_floor_usage":[23],"damage_taken":[{"damage":4.0,"enemies":"Jaw Worm","floor":1.0,"turns":5.0},{"damage":0.0,"enemies":"Small Slimes","floor":2.0,"turns":4.0},{"damage":0.0,"enemies":"2 Louse","floor":3.0,"turns":2.0},{"damage":11.0,"enemies":"Blue Slaver","floor":4.0,"turns":4.0},{"damage":10.0,"enemies":"3 Sentries","floor":7.0,"turns":4.0},{"damage":7.0,"enemies":"2 Fungi Beasts","floor":10.0,"turns":3.0},{"damage":2.0,"enemies":"3 Louse","floor":11.0,"turns":2.0},{"damage":47.0,"enemies":"The Guardian","floor":16.0,"turns":17.0},{"damage":20,"enemies":"2 Thieves","floor":18,"turns":5},{"damage":3,"enemies":"Shell Parasite","floor":21,"turns":10},{"damage":32,"enemies":"Sentry and Sphere","floor":22,"turns":8},{"damage":31,"enemies":"Book of Stabbing","floor":23,"turns":5}],"seed_played":"8219578637337418466","potions_obtained":[{"floor":3.0,"key":"SteroidPotion"},{"floor":7.0,"key":"FearPotion"},{"floor":10.0,"key":"SkillPotion"},{"floor":11.0,"key":"SpeedPotion"},{"floor":16.0,"key":"Swift Potion"},{"floor":18,"key":"SteroidPotion"},{"floor":21,"key":"LiquidMemories"}],"is_trial":false,"path_per_floor":["M","M","M","M","?","R","E","R","T","M","M","$","R","?","R","B",null,"M","$","?","M","M","E"],"character_chosen":"IRONCLAD","items_purchased":["Heavy Blade"],"campfire_rested":0,"item_purchase_floors":[19],"current_hp_per_floor":[74,80,80,75,68,68,64,64,64,63,67,67,67,67,67,26,67,53,53,53,56,30,0,0],"gold":142,"neow_bonus":"RANDOM_COLORLESS","is_daily":false,"chose_seed":false,"campfire_upgraded":4,"win_rate":0.0,"timestamp":1610224235,"path_taken":["M","M","M","M","?","R","E","R","T","M","M","$","R","?","R","BOSS","M","$","?","M","M","E"],"items_purchased_type":["Card"],"build_version":"2020-12-22","purchased_purges":2,"victory":false,"max_hp_per_floor":[80,80,80,80,80,80,80,80,80,80,80,80,80,80,80,80,80,80,80,80,80,80,80,80],"card_choices":[{"not_picked":["Forethought","PanicButton"],"picked":"Dramatic Entrance","floor":0.0},{"not_picked":["Clothesline","Wild Strike","Disarm"],"picked":"SKIP","floor":1.0},{"not_picked":["Perfected Strike","Power Through"],"picked":"Cleave","floor":2.0},{"not_picked":["Cleave","Rage"],"picked":"Flex","floor":3.0},{"not_picked":["Ghostly Armor","Sever Soul"],"picked":"Armaments","floor":4.0},{"not_picked":["Juggernaut","Body Slam","Anger"],"picked":"SKIP","floor":7.0},{"not_picked":["Sword Boomerang","Warcry"],"picked":"Pommel Strike","floor":10.0},{"not_picked":["Berserk","Armaments"],"picked":"True Grit","floor":11.0},{"not_picked":["Bludgeon","Exhume"],"picked":"Barricade","floor":16.0},{"not_picked":["Havoc"],"picked":"SKIP","floor":18},{"not_picked":["Cleave"],"picked":"SKIP","floor":21},{"not_picked":[],"picked":"Pummel+1","floor":22}],"player_experience":185988,"relics_obtained":[{"floor":7.0,"key":"White Beast Statue"},{"floor":9.0,"key":"Art of War"}],"event_choices":[{"cards_removed":["Strike_R"],"damage_healed":0.0,"max_hp_gain":0.0,"max_hp_loss":0.0,"gold_gain":0.0,"event_name":"Golden Wing","player_choice":"Card Removal","floor":5.0,"gold_loss":0.0,"damage_taken":7.0},{"cards_removed":["Strike_R"],"damage_healed":0.0,"max_hp_gain":0.0,"max_hp_loss":0.0,"gold_gain":0.0,"event_name":"The Cleric","player_choice":"Card Removal","floor":14.0,"gold_loss":50.0,"damage_taken":0.0},{"damage_healed":0,"gold_gain":0,"player_choice":"Ignored","damage_taken":0,"max_hp_gain":0,"max_hp_loss":0,"event_name":"The Mausoleum","floor":20,"gold_loss":0}],"is_beta":false,"boss_relics":[{"not_picked":["Fusion Hammer","Empty Cage"],"picked":"Busted Crown"}],"items_purged_floors":[12,19],"is_endless":false,"potions_floor_spawned":[3,7,10,11,16,18,21,22],"killed_by":"Book of Stabbing","ascension_level":7}}