{"host":"8zow35rkxv448q2r","time":1610230834,"event":{"mods":["AchievementEnabler","BaseMod","Colored Map","Colored Powertips","Minty Spire (QoL Compilation)","Relic Stats"],"gold_per_floor":[114,133,999143,999107,998275,998301,998301,998301,998301,998321,997557,997592,996685,996685,996685,996781,996781,996798,996748,996760,996780,996800,996800,996830,996846,996870,996357,996357,996357,996371,995534,995534,995633,995633,995652,995671,995683,995231,995248,995278,995278,995278,995278,995292,995342,994729,994762,994776,994776,994776],"floor_reached":51,"playtime":4461,"items_purged":[],"score":937,"play_id":"9aaf71c3-3d34-470f-b2eb-8cb8a2a9e405","local_time":"20210109172034","is_ascension_mode":false,"campfire_choices":[{"floor":7,"key":"REST"},{"data":"Mayhem","floor":15,"key":"SMITH"},{"floor":23,"key":"REST"},{"floor":29,"key":"REST"},{"data":"Apotheosis","floor":32,"key":"SMITH"},{"data":"LessonLearned","floor":41,"key":"SMITH"},{"data":"Mayhem","floor":49,"key":"SMITH"}],"circlet_count":0,"master_deck":["Strike_P","Strike_P","Strike_P","Strike_P","Defend_P","Defend_P","Defend_P","Defend_P","Eruption+1","Vigilance","Consecrate","SashWhip","Tantrum","Mayhem+1","Mayhem","Dramatic Entrance","Consecrate","FollowUp","Mayhem+1","WreathOfFlame","Vault","Pray","EmptyFist","WaveOfTheHand","Perseverance+1","Ragnarok","InnerPeace","EmptyBody+1","Prostrate+1","Adaptation+1","CrushJoints+1","LessonLearned+1","Apotheosis+1","Dark Shackles","Brilliance","FlurryOfBlows+1","Panache+1","Mayhem+1","Flash of Steel","FlurryOfBlows+1"],"relics":["PureWater","Gremlin Horn","Regal Pillow","DollysMirror","Kunai","Ginger","Cauldron","MealTicket","Damaru","Meat on the Bone","Ice Cream","Orichalcum","Orrery","Strawberry","ClockworkSouvenir","HornCleat","CaptainsWheel","VioletLotus","Ornamental Fan","Anchor","Vajra","Toy Ornithopter","Frozen Eye","Frozen Egg 2","Omamori","Lee\u0027s Waffle","Calling Bell","Centennial Puzzle","White Beast Statue","Thread and Needle","Chemical X","Dream Catcher","War Paint","GoldenEye","Mercury Hourglass","TungstenRod","Blood Vial","Prayer Wheel","OrangePellets","Ancient Tea Set"],"acts_visited":["Exordium","TheCity","TheBeyond"],"potions_floor_usage":[6,12,12,12,14,16,16,33,37,39,40,45,50,50,50],"damage_taken":[{"damage":2,"enemies":"Cultist","floor":1,"turns":3},{"damage":0,"enemies":"2 Louse","floor":2,"turns":2},{"damage":15,"enemies":"Lagavulin","floor":6,"turns":3},{"damage":11,"enemies":"Jaw Worm","floor":10,"turns":2},{"damage":0,"enemies":"Gremlin Nob","floor":12,"turns":3},{"damage":0,"enemies":"2 Fungi Beasts","floor":14,"turns":1},{"damage":0,"enemies":"Slime Boss","floor":16,"turns":4},{"damage":23,"enemies":"Shell Parasite","floor":18,"turns":6},{"damage":18,"enemies":"2 Thieves","floor":20,"turns":5},{"damage":28,"enemies":"Centurion and Healer","floor":21,"turns":4},{"damage":14,"enemies":"Sentry and Sphere","floor":22,"turns":6},{"damage":46,"enemies":"Gremlin Leader","floor":24,"turns":6},{"damage":0,"enemies":"Cultist and Chosen","floor":25,"turns":5},{"damage":0,"enemies":"Snake Plant","floor":30,"turns":4},{"damage":1,"enemies":"Champ","floor":33,"turns":6},{"damage":4,"enemies":"3 Darklings","floor":35,"turns":4},{"damage":14,"enemies":"3 Shapes","floor":36,"turns":3},{"damage":2,"enemies":"Spire Growth","floor":37,"turns":6},{"damage":0,"enemies":"Sphere and 2 Shapes","floor":39,"turns":3},{"damage":18,"enemies":"Reptomancer","floor":40,"turns":5},{"damage":7,"enemies":"Maw","floor":44,"turns":4},{"damage":7,"enemies":"Mind Bloom Boss Battle","floor":45,"turns":5},{"damage":0,"enemies":"Giant Head","floor":47,"turns":6},{"damage":0,"enemies":"Spire Growth","floor":48,"turns":4},{"damage":0,"enemies":"Donu and Deca","floor":50,"turns":7}],"seed_played":"4685857489161337910","potions_obtained":[{"floor":2,"key":"BlessingOfTheForge"},{"floor":5,"key":"DistilledChaos"},{"floor":6,"key":"EssenceOfSteel"},{"floor":21,"key":"Ancient Potion"},{"floor":25,"key":"SpeedPotion"},{"floor":33,"key":"PowerPotion"},{"floor":37,"key":"Fire Potion"},{"floor":39,"key":"BottledMiracle"},{"floor":40,"key":"AttackPotion"},{"floor":45,"key":"EssenceOfSteel"},{"floor":47,"key":"AttackPotion"}],"is_trial":false,"path_per_floor":["M","M","$","?","$","E","R","?","T","M","$","E","$","M","R","B",null,"M","?","M","M","M","R","E","M","T","$","?","R","M","$","R","B",null,"M","M","M","$","M","E","R","?","T","M","?","$","E","M","R","B",null],"character_chosen":"WATCHER","items_purchased":["Tantrum","Mayhem","CultistPotion","Strength Potion","Gremlin Horn","Regal Pillow","DollysMirror","Dramatic Entrance","Kunai","Ginger","Cauldron","Consecrate","Ice Cream","Mayhem","Orichalcum","Orrery","SmokeBomb","Strength Potion","LiquidBronze","ClockworkSouvenir","HornCleat","CaptainsWheel","Vajra","Toy Ornithopter","Frozen Eye","Regen Potion","Apotheosis","Frozen Egg 2","Omamori","Lee\u0027s Waffle","Dark Shackles","Chemical X","Dream Catcher","War Paint","Blood Vial","Prayer Wheel","OrangePellets"],"campfire_rested":3,"item_purchase_floors":[3,3,3,3,3,3,3,5,5,5,5,5,11,11,11,11,13,13,13,13,13,13,27,27,27,27,31,31,31,31,31,38,38,38,46,46,46],"current_hp_per_floor":[70,70,70,70,70,55,72,65,65,54,69,76,79,79,79,79,79,56,56,50,34,32,70,36,48,48,63,57,79,79,86,86,85,86,82,68,85,86,86,68,68,58,58,51,49,64,66,68,68,85],"gold":994776,"neow_bonus":"UPGRADE_CARD","is_daily":false,"chose_seed":false,"campfire_upgraded":4,"win_rate":0.0,"timestamp":1610230834,"path_taken":["M","M","$","?","$","E","R","?","T","M","?","E","$","M","R","BOSS","M","?","M","M","M","R","E","M","T","$","?","R","?","$","R","BOSS","M","M","M","$","M","E","R","?","T","M","?","?","E","?","R","BOSS"],"items_purchased_type":["Card","Card","Potion","Potion","Relic","Relic","Relic","Card","Relic","Relic","Relic","Card","Relic","Card","Relic","Relic","Potion","Potion","Potion","Relic","Relic","Relic","Relic","Relic","Relic","Potion","Card","Relic","Relic","Relic","Card","Relic","Relic","Relic","Relic","Relic","Relic"],"build_version":"2020-12-22","purchased_purges":0,"victory":true,"max_hp_per_floor":[72,72,72,72,72,72,72,72,72,72,72,79,79,79,79,79,79,79,79,79,79,79,79,79,79,79,79,79,79,79,86,86,86,86,86,86,86,86,86,86,86,86,86,86,86,86,86,86,86,86],"relic_stats":{"Regal Pillow":15,"Lee\u0027s Waffle":7,"Gremlin Horn":[18,18],"counters":[25,107],"Ginger":[18],"Orichalcum":[84],"War Paint":["EmptyBody","Prostrate"],"GoldenEye":[0],"Mercury Hourglass":[81],"Blood Vial":6,"OrangePellets":[0],"Centennial Puzzle":[18],"Dream Catcher":0,"Ornamental Fan":[148],"MealTicket":49,"Prayer Wheel":1,"VioletLotus":[13],"Kunai":[53],"Chemical X":[1],"obtain_stats":[{"Ice Cream":11,"Regal Pillow":3,"Gremlin Horn":3,"Vajra":27,"Ginger":5,"Ancient Tea Set":47,"ClockworkSouvenir":13,"Blood Vial":46,"Frozen Eye":27,"Centennial Puzzle":34,"Dream Catcher":38,"HornCleat":13,"DollysMirror":3,"Strawberry":12,"MealTicket":6,"Prayer Wheel":46,"VioletLotus":17,"Kunai":5,"Chemical X":38,"Lee\u0027s Waffle":31,"Damaru":8,"Thread and Needle":34,"Omamori":31,"Orichalcum":11,"Frozen Egg 2":31,"War Paint":38,"GoldenEye":40,"White Beast Statue":34,"Mercury Hourglass":43,"Calling Bell":34,"Cauldron":5,"OrangePellets":46,"CaptainsWheel":13,"Anchor":26,"Ornamental Fan":24,"Orrery":11,"PureWater":0,"Toy Ornithopter":27,"TungstenRod":45,"Meat on the Bone":9},{"Ice Cream":4,"Regal Pillow":2,"Gremlin Horn":2,"Vajra":13,"Ginger":2,"Ancient Tea Set":23,"ClockworkSouvenir":5,"Blood Vial":22,"Frozen Eye":13,"Centennial Puzzle":15,"Dream Catcher":18,"HornCleat":5,"DollysMirror":2,"Strawberry":5,"MealTicket":3,"Prayer Wheel":22,"VioletLotus":7,"Kunai":2,"Chemical X":18,"Lee\u0027s Waffle":14,"Damaru":3,"Thread and Needle":15,"Omamori":14,"Orichalcum":4,"Frozen Egg 2":14,"War Paint":18,"GoldenEye":20,"White Beast Statue":15,"Mercury Hourglass":20,"Calling Bell":15,"Cauldron":2,"OrangePellets":22,"CaptainsWheel":5,"Anchor":13,"Ornamental Fan":12,"Orrery":4,"PureWater":0,"Toy Ornithopter":13,"TungstenRod":22,"Meat on the Bone":3},{"Ice Cream":10,"Regal Pillow":5,"Gremlin Horn":5,"Vajra":50,"Ginger":5,"Ancient Tea Set":96,"ClockworkSouvenir":13,"Blood Vial":90,"Frozen Eye":50,"Centennial Puzzle":60,"Dream Catcher":73,"HornCleat":13,"DollysMirror":5,"Strawberry":13,"MealTicket":8,"Prayer Wheel":90,"VioletLotus":18,"Kunai":5,"Chemical X":73,"Lee\u0027s Waffle":54,"Damaru":8,"Thread and Needle":60,"Omamori":54,"Orichalcum":10,"Frozen Egg 2":54,"War Paint":73,"GoldenEye":81,"White Beast Statue":60,"Mercury Hourglass":81,"Calling Bell":60,"Cauldron":5,"OrangePellets":90,"CaptainsWheel":13,"Anchor":50,"Ornamental Fan":45,"Orrery":10,"PureWater":0,"Toy Ornithopter":50,"TungstenRod":90,"Meat on the Bone":8}],"Toy Ornithopter":25,"TungstenRod":0,"Meat on the Bone":60},"card_choices":[{"not_picked":["CutThroughFate","PathToVictory"],"picked":"Consecrate","floor":1},{"not_picked":["ClearTheMind","DeusExMachina"],"picked":"SashWhip","floor":2},{"not_picked":["InnerPeace","CutThroughFate","Omniscience"],"picked":"SKIP","floor":6},{"not_picked":["Halt","FlyingSleeves"],"picked":"FollowUp","floor":10},{"not_picked":["EmptyFist","Swivel"],"picked":"WreathOfFlame","floor":11},{"not_picked":["SashWhip","EmptyFist"],"picked":"Vault","floor":11},{"not_picked":["Tantrum","SashWhip"],"picked":"Pray","floor":11},{"not_picked":["Consecrate","ForeignInfluence"],"picked":"EmptyFist","floor":11},{"not_picked":["Crescendo","Fasting2"],"picked":"WaveOfTheHand","floor":11},{"not_picked":["Weave","Evaluate"],"picked":"Perseverance","floor":12},{"not_picked":["LessonLearned","ConjureBlade"],"picked":"Ragnarok","floor":16},{"not_picked":["ClearTheMind","LikeWater"],"picked":"InnerPeace","floor":18},{"not_picked":["CutThroughFate","Consecrate"],"picked":"EmptyBody","floor":20},{"not_picked":["Sanctity","CutThroughFate+1"],"picked":"Prostrate","floor":21},{"not_picked":["Tantrum","EmptyBody+1"],"picked":"Adaptation+1","floor":22},{"not_picked":["SignatureMove","Collect"],"picked":"CrushJoints+1","floor":24},{"not_picked":["CrushJoints","Meditate"],"picked":"LessonLearned","floor":25},{"not_picked":["Swivel","MentalFortress","Meditate"],"picked":"SKIP","floor":30},{"not_picked":["Ragnarok","ConjureBlade"],"picked":"Brilliance","floor":33},{"not_picked":["EmptyBody","PathToVictory","Protect+1"],"picked":"SKIP","floor":35},{"not_picked":["ForeignInfluence","FlurryOfBlows+1","Prostrate"],"picked":"SKIP","floor":36},{"not_picked":["Sanctity","Ragnarok"],"picked":"FlurryOfBlows+1","floor":37},{"not_picked":["FlyingSleeves","Consecrate","Swivel"],"picked":"SKIP","floor":39},{"not_picked":["Protect+1","FollowUp","JustLucky"],"picked":"SKIP","floor":40},{"not_picked":["Good Instincts","Transmutation"],"picked":"Panache+1","floor":42},{"not_picked":["Blind","Deep Breath"],"picked":"Mayhem+1","floor":42},{"not_picked":["Swift Strike","Secret Technique"],"picked":"Flash of Steel","floor":42},{"not_picked":["SashWhip","FlyingSleeves","ClearTheMind"],"picked":"SKIP","floor":44},{"not_picked":["ForeignInfluence","Brilliance","Omniscience"],"picked":"SKIP","floor":47},{"not_picked":["Prostrate","WreathOfFlame+1"],"picked":"FlurryOfBlows+1","floor":48},{"not_picked":["Nirvana+1","EmptyBody","Consecrate"],"picked":"SKIP","floor":48}],"player_experience":147590,"relics_obtained":[{"floor":6,"key":"MealTicket"},{"floor":9,"key":"Meat on the Bone"},{"floor":12,"key":"Strawberry"},{"floor":24,"key":"Ornamental Fan"},{"floor":26,"key":"Anchor"},{"floor":34,"key":"Centennial Puzzle"},{"floor":34,"key":"White Beast Statue"},{"floor":34,"key":"Thread and Needle"},{"floor":40,"key":"GoldenEye"},{"floor":43,"key":"Mercury Hourglass"},{"floor":45,"key":"TungstenRod"},{"floor":47,"key":"Ancient Tea Set"}],"event_choices":[{"damage_healed":0,"gold_gain":0,"player_choice":"Left Gold","damage_taken":0,"max_hp_gain":0,"max_hp_loss":0,"event_name":"World of Goop","floor":4,"gold_loss":36},{"damage_healed":0,"gold_gain":0,"player_choice":"Success","damage_taken":7,"relics_obtained":["Damaru"],"max_hp_gain":0,"max_hp_loss":0,"event_name":"Scrap Ooze","floor":8,"gold_loss":0},{"damage_healed":0,"gold_gain":0,"player_choice":"Bet on Owner","damage_taken":0,"max_hp_gain":0,"max_hp_loss":0,"event_name":"The Joust","floor":19,"gold_loss":50},{"damage_healed":0,"gold_gain":0,"player_choice":"","damage_taken":6,"max_hp_gain":0,"max_hp_loss":0,"event_name":"Knowing Skull","floor":28,"potions_obtained":[],"gold_loss":0,"cards_obtained":[]},{"damage_healed":0,"gold_gain":0,"player_choice":"Memory 3","damage_taken":10,"max_hp_gain":0,"max_hp_loss":0,"event_name":"SensoryStone","floor":42,"gold_loss":0},{"damage_healed":0,"gold_gain":0,"player_choice":"Fight","damage_taken":0,"max_hp_gain":0,"max_hp_loss":0,"event_name":"MindBloom","floor":45,"gold_loss":0}],"is_beta":false,"boss_relics":[{"not_picked":["Sozu","Cursed Key"],"picked":"VioletLotus"},{"not_picked":["Coffee Dripper","Pandora\u0027s Box"],"picked":"Calling Bell"}],"items_purged_floors":[],"is_endless":false,"potions_floor_spawned":[2,6,10,14,21,25,30,33,35,36,37,39,40,44,45,47,48],"ascension_level":0}}