{"host":"1tkoe3l8wf0xx8if","time":1608574743,"event":{"mods":["AchievementEnabler","BaseMod","Colored Map","Minty Spire (QoL Compilation)","Quick Restart","StSLib","SuperFastMode"],"gold_per_floor":[363,137,147,147,147,147,181,181,207,218,252,262,274,308,308,411,411,423,338,263,13,23,23,36,65,92,103,134,149,149,24,24,24,24],"floor_reached":33,"playtime":1145,"items_purged":["Strike_G","Defend_G","Dagger Spray"],"score":442,"play_id":"15b2214f-850e-422c-bb61-05d7397439b2","local_time":"20201222031903","is_ascension_mode":true,"campfire_choices":[{"data":"Neutralize","floor":6.0,"key":"SMITH"},{"floor":8.0,"key":"REST"},{"data":"Glass Knife","floor":15.0,"key":"SMITH"},{"data":"Noxious Fumes","floor":23.0,"key":"SMITH"},{"data":"Adrenaline","floor":32,"key":"SMITH"}],"circlet_count":0,"master_deck":["Defend_G+1","Defend_G","Defend_G","Defend_G+1","Survivor","Neutralize+1","Dagger Spray","Deadly Poison","Glass Knife+1","Dagger Throw","Bane","Adrenaline+1","Poisoned Stab+1","Noxious Fumes+1","Backflip+1","Die Die Die","PiercingWail","Terror+1"],"relics":["Ring of the Snake","OrangePellets","Strawberry","PreservedInsect","Blood Vial","Paper Crane","Empty Cage","War Paint","MealTicket","Regal Pillow","Anchor","Lizard Tail"],"acts_visited":["Exordium","TheCity"],"potions_floor_usage":[33],"damage_taken":[{"damage":1.0,"enemies":"Cultist","floor":1.0,"turns":3.0},{"damage":1.0,"enemies":"Small Slimes","floor":3.0,"turns":3.0},{"damage":20.0,"enemies":"Gremlin Nob","floor":7.0,"turns":4.0},{"damage":0.0,"enemies":"2 Louse","floor":10.0,"turns":2.0},{"damage":2.0,"enemies":"3 Sentries","floor":11.0,"turns":6.0},{"damage":8.0,"enemies":"Looter","floor":12.0,"turns":2.0},{"damage":4.0,"enemies":"Large Slime","floor":13.0,"turns":4.0},{"damage":5.0,"enemies":"Gremlin Nob","floor":14.0,"turns":3.0},{"damage":26.0,"enemies":"The Guardian","floor":16.0,"turns":11.0},{"damage":28.0,"enemies":"2 Thieves","floor":18.0,"turns":4.0},{"damage":4.0,"enemies":"Shell Parasite","floor":22.0,"turns":4.0},{"damage":4.0,"enemies":"Chosen and Byrds","floor":24.0,"turns":4.0},{"damage":7.0,"enemies":"Gremlin Leader","floor":25.0,"turns":4.0},{"damage":2.0,"enemies":"Cultist and Chosen","floor":27.0,"turns":5.0},{"damage":8.0,"enemies":"Slavers","floor":28.0,"turns":3.0},{"damage":0.0,"enemies":"Snecko","floor":29.0,"turns":2.0},{"damage":106,"enemies":"Champ","floor":33,"turns":9}],"seed_played":"4896617162549884166","potions_obtained":[{"floor":3.0,"key":"PowerPotion"},{"floor":7.0,"key":"FearPotion"},{"floor":14.0,"key":"Energy Potion"},{"floor":16.0,"key":"FearPotion"},{"floor":25.0,"key":"SteroidPotion"},{"floor":27.0,"key":"Dexterity Potion"}],"is_trial":false,"path_per_floor":["M","$","M","?","?","R","E","R","T","M","E","M","M","E","R","B",null,"M","?","?","$","M","R","M","E","T","M","E","M","?","$","R","B"],"character_chosen":"THE_SILENT","items_purchased":["OrangePellets","MealTicket"],"campfire_rested":1,"item_purchase_floors":[2,21],"current_hp_per_floor":[44,44,43,43,36,36,23,46,46,46,44,38,36,33,33,9,60,34,34,34,34,32,32,30,25,25,25,19,21,21,36,36,0,0],"gold":24,"neow_bonus":"TWO_FIFTY_GOLD","is_daily":false,"chose_seed":false,"campfire_upgraded":4,"win_rate":0.0,"timestamp":1608574743,"path_taken":["M","$","?","?","?","R","E","R","T","M","E","M","M","E","R","BOSS","M","?","?","$","M","R","M","E","T","M","E","M","?","$","R","BOSS"],"items_purchased_type":["Relic","Relic"],"build_version":"2020-12-13","purchased_purges":3,"victory":false,"max_hp_per_floor":[70,70,70,70,70,70,77,77,77,77,77,77,77,77,77,77,77,77,77,77,77,77,77,77,77,77,77,77,77,77,77,77,77,77],"card_choices":[{"not_picked":["Poisoned Stab","Endless Agony"],"picked":"Dagger Spray","floor":1.0},{"not_picked":["Cloak And Dagger","Quick Slash"],"picked":"Deadly Poison","floor":3.0},{"not_picked":["Bane","Choke"],"picked":"Glass Knife","floor":7.0},{"not_picked":["Outmaneuver","Calculated Gamble"],"picked":"Dagger Throw","floor":10.0},{"not_picked":["Deadly Poison","Quick Slash"],"picked":"Dagger Spray","floor":11.0},{"not_picked":["Sucker Punch","Flying Knee"],"picked":"Bane","floor":12.0},{"not_picked":["Riddle With Holes","Dagger Spray","Concentrate"],"picked":"SKIP","floor":13.0},{"not_picked":["Tactician","Quick Slash","Predator"],"picked":"SKIP","floor":14.0},{"not_picked":["Burst","Venomology"],"picked":"Adrenaline","floor":16.0},{"not_picked":["Predator","Well Laid Plans"],"picked":"Poisoned Stab+1","floor":18.0},{"not_picked":["Quick Slash","Blade Dance"],"picked":"Noxious Fumes","floor":22.0},{"not_picked":["Underhanded Strike","Outmaneuver"],"picked":"Backflip+1","floor":24.0},{"not_picked":["Tactician","Masterful Stab"],"picked":"Die Die Die","floor":25.0},{"not_picked":["Backflip","Slice+1"],"picked":"PiercingWail","floor":27.0},{"not_picked":["Infinite Blades","Cloak And Dagger"],"picked":"Terror+1","floor":28.0},{"not_picked":["PiercingWail","Dagger Throw","Underhanded Strike"],"picked":"SKIP","floor":29.0}],"player_experience":299935,"relics_obtained":[{"floor":7.0,"key":"Strawberry"},{"floor":9.0,"key":"PreservedInsect"},{"floor":11.0,"key":"Blood Vial"},{"floor":14.0,"key":"Paper Crane"},{"floor":25.0,"key":"Regal Pillow"},{"floor":26.0,"key":"Anchor"},{"floor":28.0,"key":"Lizard Tail"}],"event_choices":[{"damage_healed":0.0,"max_hp_gain":0.0,"max_hp_loss":0.0,"gold_gain":0.0,"event_name":"Liars Game","player_choice":"Ignored","floor":4.0,"gold_loss":0.0,"damage_taken":0.0},{"cards_removed":["Strike_G"],"damage_healed":0.0,"max_hp_gain":0.0,"max_hp_loss":0.0,"gold_gain":0.0,"event_name":"Golden Wing","player_choice":"Card Removal","floor":5.0,"gold_loss":0.0,"damage_taken":7.0},{"damage_healed":0.0,"max_hp_gain":0.0,"max_hp_loss":0.0,"gold_gain":0.0,"event_name":"Addict","player_choice":"Obtained Relic","floor":19.0,"gold_loss":85.0,"damage_taken":0.0,"relics_obtained":["War Paint"]},{"cards_removed":["Strike_G"],"damage_healed":0.0,"max_hp_gain":0.0,"max_hp_loss":0.0,"gold_gain":0.0,"event_name":"Beggar","player_choice":"Gave Gold","floor":20.0,"gold_loss":75.0,"damage_taken":0.0},{"damage_healed":0,"gold_gain":0,"player_choice":"Ignored","damage_taken":0,"max_hp_gain":0,"max_hp_loss":0,"event_name":"The Mausoleum","floor":30,"gold_loss":0}],"is_beta":false,"boss_relics":[{"not_picked":["Calling Bell","Snecko Eye"],"picked":"Empty Cage"}],"items_purged_floors":[2,21,31],"is_endless":false,"potions_floor_spawned":[3,7,14,16,25,27,28],"killed_by":"Champ","ascension_level":9}}