{"host":"f1miojwxaupu79sp","time":1608537936,"event":{"mods":["BaseMod","Better Vampires","Minty Spire (QoL Compilation)","Shop Mod"],"gold_per_floor":[113,113,40,40,53,53,85,97,109,121,161,173,203,230,242,352,364,391,403,37,57,57,57],"floor_reached":22,"playtime":545,"items_purged":["Strike_B"],"score":260,"play_id":"4ffd0282-5190-43db-b5ca-f51909f9ddd3","local_time":"20201221030536","is_ascension_mode":true,"campfire_choices":[{"data":"Defragment","floor":6,"key":"SMITH"},{"data":"Defragment","floor":8,"key":"SMITH"},{"data":"Capacitor","floor":10,"key":"SMITH"},{"data":"White Noise","floor":15,"key":"SMITH"}],"circlet_count":0,"master_deck":["Strike_B","Defend_B","Defend_B","Defend_B","Defend_B","Zap","Dualcast","Capacitor+1","Defragment+1","Defragment+1","White Noise+1","Loop","Gash","Defragment","Thunder Strike","Turbo"],"relics":["Cracked Core","NeowsBlessing","MawBank","Blue Candle","Ornamental Fan","Busted Crown","FaceOfCleric","Kunai"],"acts_visited":["Exordium","TheCity"],"potions_floor_usage":[11,11,21],"damage_taken":[{"damage":0,"enemies":"Jaw Worm","floor":1,"turns":1},{"damage":0,"enemies":"Small Slimes","floor":5,"turns":1},{"damage":0,"enemies":"Gremlin Nob","floor":7,"turns":1},{"damage":30,"enemies":"3 Sentries","floor":11,"turns":7},{"damage":1,"enemies":"Cultist","floor":13,"turns":3},{"damage":16,"enemies":"Blue Slaver","floor":14,"turns":4},{"damage":12,"enemies":"The Guardian","floor":16,"turns":10},{"damage":29,"enemies":"Shell Parasite","floor":18,"turns":5},{"damage":14,"enemies":"Chosen","floor":21,"turns":4},{"damage":30,"enemies":"Shelled Parasite and Fungi","floor":22,"turns":4}],"seed_played":"-115265031527417925","potions_obtained":[{"floor":5,"key":"SkillPotion"},{"floor":7,"key":"Block Potion"},{"floor":11,"key":"Fire Potion"},{"floor":21,"key":"PowerPotion"}],"is_trial":false,"path_per_floor":["M","?","$","?","M","R","E","R","T","R","E","?","M","M","R","B",null,"M","?","$","M","M"],"character_chosen":"DEFECT","items_purchased":["Capacitor","Kunai","Turbo"],"campfire_rested":0,"item_purchase_floors":[3,20,20],"current_hp_per_floor":[75,68,68,68,68,68,68,68,68,68,38,38,37,21,21,9,75,46,46,46,33,3,3],"gold":57,"neow_bonus":"THREE_ENEMY_KILL","is_daily":false,"chose_seed":false,"campfire_upgraded":4,"win_rate":0.0,"timestamp":1608537936,"path_taken":["M","?","$","?","M","R","E","R","T","R","E","?","?","M","R","BOSS","M","?","$","?","M"],"items_purchased_type":["Card","Relic","Card"],"build_version":"2020-12-13","purchased_purges":1,"victory":false,"max_hp_per_floor":[75,75,75,75,75,75,75,75,75,75,75,75,75,75,75,75,75,75,75,75,76,76,76],"card_choices":[{"not_picked":["Redo","Aggregate","Cold Snap"],"picked":"SKIP","floor":1},{"not_picked":["Consume","Streamline"],"picked":"Defragment","floor":5},{"not_picked":["Conserve Battery","Redo"],"picked":"Defragment","floor":7},{"not_picked":["BootSequence","Recycle"],"picked":"White Noise","floor":11},{"not_picked":["Barrage","Cold Snap"],"picked":"Gash","floor":13},{"not_picked":["BootSequence","Stack"],"picked":"Defragment","floor":14},{"not_picked":["Meteor Strike","Amplify"],"picked":"Thunder Strike","floor":16},{"not_picked":["Barrage"],"picked":"SKIP","floor":18},{"not_picked":["Compile Driver+1"],"picked":"SKIP","floor":21}],"player_experience":670455,"relics_obtained":[{"floor":7,"key":"MawBank"},{"floor":9,"key":"Blue Candle"},{"floor":11,"key":"Ornamental Fan"}],"event_choices":[{"cards_removed":["Strike_B"],"damage_healed":0,"gold_gain":0,"player_choice":"Card Removal","damage_taken":7,"max_hp_gain":0,"max_hp_loss":0,"event_name":"Golden Wing","floor":2,"gold_loss":0},{"damage_healed":0,"gold_gain":0,"player_choice":"Ignored","damage_taken":0,"max_hp_gain":0,"max_hp_loss":0,"event_name":"Liars Game","floor":4,"gold_loss":0},{"damage_healed":0,"gold_gain":0,"cards_transformed":["Strike_B"],"player_choice":"Transformed","damage_taken":0,"max_hp_gain":0,"max_hp_loss":0,"event_name":"Transmorgrifier","floor":12,"gold_loss":0,"cards_obtained":["Loop"]},{"damage_healed":0,"gold_gain":0,"player_choice":"Trade","damage_taken":0,"relics_obtained":["FaceOfCleric"],"max_hp_gain":0,"max_hp_loss":0,"event_name":"FaceTrader","floor":19,"gold_loss":0}],"is_beta":false,"boss_relics":[{"not_picked":["Ectoplasm","Pandora\u0027s Box"],"picked":"Busted Crown"}],"items_purged_floors":[20],"is_endless":false,"potions_floor_spawned":[5,7,11,21],"killed_by":"Shelled Parasite and Fungi","ascension_level":4}}