{"host":"f0gpob8hq9vgebej","time":1608534772,"event":{"mods":["AchievementEnabler","BaseMod","Googly Eyes","Minty Spire (QoL Compilation)","Quick Restart","SuperFastMode"],"gold_per_floor":[116,136,152,152,162,162,188,188,215,215,93,110,10,21,21,21,21],"floor_reached":16,"playtime":311,"items_purged":["Strike_G","Defend_G"],"score":163,"play_id":"b4eb63e3-7862-4898-a1c4-aa194e32dfd0","local_time":"20201221161252","is_ascension_mode":true,"campfire_choices":[{"data":"Dagger Spray","floor":6,"key":"SMITH"},{"data":"Acrobatics","floor":10,"key":"SMITH"},{"floor":15,"key":"REST"}],"circlet_count":0,"master_deck":["AscendersBane","Strike_G","Strike_G","Strike_G","Strike_G","Defend_G","Defend_G","Defend_G","Defend_G","Survivor","Neutralize+1","Acrobatics+1","Dagger Spray+1","PiercingWail","Backflip","Burst","Dash"],"relics":["Ring of the Snake","Bronze Scales","Strawberry","Ancient Tea Set"],"acts_visited":["Exordium"],"potions_floor_usage":[7,7],"damage_taken":[{"damage":2.0,"enemies":"Cultist","floor":1.0,"turns":5.0},{"damage":4.0,"enemies":"Jaw Worm","floor":2.0,"turns":5.0},{"damage":2.0,"enemies":"Small Slimes","floor":3.0,"turns":5.0},{"damage":15,"enemies":"Looter","floor":5,"turns":4},{"damage":35,"enemies":"Lagavulin","floor":7,"turns":9},{"damage":0,"enemies":"3 Louse","floor":12,"turns":1},{"damage":0,"enemies":"Exordium Thugs","floor":14,"turns":6},{"damage":0,"enemies":"Hexaghost","floor":16,"turns":1}],"seed_played":"-1012323160034738690","potions_obtained":[{"floor":3.0,"key":"Poison Potion"},{"floor":5,"key":"BlessingOfTheForge"},{"floor":14,"key":"AttackPotion"}],"is_trial":false,"path_per_floor":["M","M","M","?","M","R","E","?","T","R","$","M","$","M","R","B"],"character_chosen":"THE_SILENT","items_purchased":["Backflip"],"campfire_rested":1,"item_purchase_floors":[11],"current_hp_per_floor":[61,57,55,60,45,45,17,17,17,17,17,17,17,17,41,41,41],"gold":21,"neow_bonus":"RANDOM_COMMON_RELIC","is_daily":false,"chose_seed":false,"campfire_upgraded":2,"win_rate":0.0,"timestamp":1608534772,"path_taken":["M","M","M","?","M","R","E","?","T","R","$","M","$","M","R","BOSS"],"items_purchased_type":["Card"],"build_version":"2020-12-13","purchased_purges":2,"victory":false,"max_hp_per_floor":[70,70,70,75,75,75,82,82,82,82,82,82,82,82,82,82,82],"card_choices":[{"not_picked":["Cloak And Dagger","Outmaneuver"],"picked":"Acrobatics","floor":1.0},{"not_picked":["Sucker Punch","Slice"],"picked":"Dagger Spray","floor":2.0},{"not_picked":["Choke","Blur","Cloak And Dagger"],"picked":"SKIP","floor":3.0},{"not_picked":["Catalyst","Eviscerate"],"picked":"PiercingWail","floor":5},{"not_picked":["Outmaneuver","Concentrate","Flechettes"],"picked":"SKIP","floor":7},{"not_picked":["Flying Knee","Cloak And Dagger"],"picked":"Burst","floor":12},{"not_picked":["Deadly Poison","Eviscerate"],"picked":"Dash","floor":14}],"player_experience":180596,"relics_obtained":[{"floor":7,"key":"Strawberry"},{"floor":9,"key":"Ancient Tea Set"}],"event_choices":[{"damage_healed":0.0,"max_hp_gain":5.0,"max_hp_loss":0.0,"gold_gain":0.0,"event_name":"Big Fish","player_choice":"Donut","floor":4.0,"gold_loss":0.0,"damage_taken":0.0},{"damage_healed":0,"gold_gain":0,"player_choice":"Upgraded","damage_taken":0,"max_hp_gain":0,"max_hp_loss":0,"event_name":"Upgrade Shrine","floor":8,"gold_loss":0,"cards_upgraded":["Neutralize"]}],"is_beta":false,"boss_relics":[],"items_purged_floors":[11,13],"is_endless":false,"potions_floor_spawned":[3,5,14],"killed_by":"Hexaghost","ascension_level":12}}