{"host":"k7ydf81uzdnp7fmx","time":1608519449,"event":{"mods":["AchievementEnabler","Act Like it!","BaseMod","Colored Powertips","Minty Spire (QoL Compilation)","Relic Stats","Shop Mod","StSLib","The Animator"],"gold_per_floor":[124,32,32,68,81,105,118,137,137,137,176,189,229,249,249,368,368,392,420,870,898,913,913,933,933,957,663,676,690,711,755,755,884,884,908,908,928,941,964,964,1027,1027,1027,1050,1088,1104,1104,1143,1143,1143,1143,1143,630,680,735,735,735,735,810,810,810],"floor_reached":60,"playtime":8523,"items_purged":[],"score":950,"play_id":"ee23d118-fec1-4c22-879e-72d84a419f82","local_time":"20201220235729","is_ascension_mode":false,"campfire_choices":[{"data":"animator:Shalltear","floor":10,"key":"SMITH"},{"floor":15,"key":"RECALL"},{"data":"animator:Greed","floor":23,"key":"SMITH"},{"data":"animator:Kaijin","floor":25,"key":"SMITH"},{"data":"animator:Urushihara","floor":32,"key":"SMITH"},{"data":"animator:MisakiNakahara","floor":40,"key":"SMITH"},{"data":"animator:Albedo","floor":42,"key":"SMITH"},{"data":"animator:Tatsumaki","floor":47,"key":"SMITH"},{"data":"animator:Sebas","floor":49,"key":"SMITH"},{"data":"animator:NarberalGamma","floor":52,"key":"SMITH"},{"floor":58,"key":"REST"}],"circlet_count":0,"master_deck":["animator:Strike_Konosuba","animator:Defend_Konosuba","animator:Strike","animator:Strike+1","animator:Defend+1","animator:Defend+1","animator:Kazuma","animator:Aqua","animator:Verdia","animator:Urushihara","animator:Mitsurugi+1","animator:Shalltear+1","animator:Kaijin+1","animator:Shuna","animator:Greed+1","animator:Tatsumaki","animator:MisakiNakahara","animator:Megumin+4","animator:Darkness+1","animator:ElricEdward+1","animator:NarberalGamma+1","animator:Albedo+1","Clumsy","animator:KyokoSakura","animator:Melzalgald+1","animator:MetalKnight+1","animator:ElricAlphonse","animator:PandorasActor","animator:Sebas","animator:Kaijin+1","animator:Ainz+1","animator:Souei"],"relics":["animator:TheEgnaroPiece","animator:AncientMedallion"],"acts_visited":["Exordium","TheCity","TheBeyond","TheEnding","EYB:TheUnnamedReign"],"potions_floor_usage":[11,60,60,60],"damage_taken":[{"damage":7,"enemies":"Cultist","floor":1,"turns":6},{"damage":1,"enemies":"Small Slimes","floor":4,"turns":6},{"damage":0,"enemies":"2 Louse","floor":5,"turns":3},{"damage":0,"enemies":"Large Slime","floor":6,"turns":6},{"damage":0,"enemies":"2 Fungi Beasts","floor":7,"turns":3},{"damage":0,"enemies":"Looter","floor":8,"turns":3},{"damage":4,"enemies":"Gremlin Nob","floor":11,"turns":4},{"damage":0,"enemies":"Exordium Wildlife","floor":12,"turns":2},{"damage":0,"enemies":"Lagavulin","floor":13,"turns":9},{"damage":0,"enemies":"3 Louse","floor":14,"turns":3},{"damage":8,"enemies":"Hexaghost","floor":16,"turns":7},{"damage":0,"enemies":"2 Thieves","floor":18,"turns":4},{"damage":1,"enemies":"3 Byrds","floor":19,"turns":5},{"damage":0,"enemies":"Sentry and Sphere","floor":21,"turns":2},{"damage":0,"enemies":"Snake Plant","floor":22,"turns":4},{"damage":0,"enemies":"3 Cultists","floor":24,"turns":4},{"damage":0,"enemies":"Sentry and Sphere","floor":28,"turns":6},{"damage":0,"enemies":"Chosen and Byrds","floor":29,"turns":4},{"damage":0,"enemies":"Centurion and Healer","floor":30,"turns":6},{"damage":0,"enemies":"animator:HornedBat","floor":31,"turns":3},{"damage":0,"enemies":"Automaton","floor":33,"turns":8},{"damage":0,"enemies":"3 Darklings","floor":35,"turns":4},{"damage":0,"enemies":"3 Shapes","floor":37,"turns":1},{"damage":0,"enemies":"3 Darklings","floor":38,"turns":5},{"damage":0,"enemies":"Writhing Mass","floor":39,"turns":6},{"damage":0,"enemies":"Mind Bloom Boss Battle","floor":41,"turns":7},{"damage":5,"enemies":"Spire Growth","floor":44,"turns":4},{"damage":16,"enemies":"Nemesis","floor":45,"turns":5},{"damage":0,"enemies":"4 Shapes","floor":46,"turns":3},{"damage":20,"enemies":"Reptomancer","floor":48,"turns":3},{"damage":4,"enemies":"Awakened One","floor":50,"turns":12},{"damage":8,"enemies":"animator:UNNAMED_HAT","floor":54,"turns":13},{"damage":0,"enemies":"animator:UNNAMED_CULTIST_1","floor":55,"turns":15},{"damage":73,"enemies":"animator:LARGE_CRYSTAL","floor":59,"turns":19},{"damage":75,"enemies":"animator:UNNAMED_CULTIST_2","floor":60,"turns":9}],"seed_played":"-5533233285468459897","potions_obtained":[{"floor":4,"key":"Fruit Juice"},{"floor":11,"key":"Energy Potion"},{"floor":12,"key":"animator:FalseLifePotion"},{"floor":13,"key":"FearPotion"},{"floor":54,"key":"animator:FalseLifePotion"},{"floor":55,"key":"animator:FalseLifePotion"},{"floor":59,"key":"animator:FalseLifePotion"}],"is_trial":false,"path_per_floor":["M","$","?","M","M","M","M","M","T","R","E","M","E","M","R","B",null,"M","M","?","M","M","R","M","R","T","$","M","M","M","E","R","B",null,"M","?","M","M","M","R","?","R","T","M","E","M","R","E","R","B",null,"R","??","M","M","T","?","R","M","M"],"character_chosen":"THE_ANIMATOR","items_purchased":["animator:Urushihara","ClockworkSouvenir","Regal Pillow"],"campfire_rested":1,"item_purchase_floors":[2,27,27],"current_hp_per_floor":[65,65,65,68,72,73,73,73,73,73,74,74,78,78,78,75,86,88,89,37,37,40,40,42,42,42,42,46,50,54,60,60,68,99,102,102,104,106,108,108,110,110,110,107,99,105,105,85,85,89,118,118,98,92,96,96,26,55,56,0,0],"gold":810,"neow_bonus":"TEN_PERCENT_HP_BONUS","is_daily":false,"chose_seed":false,"campfire_upgraded":9,"win_rate":0.0,"timestamp":1608519449,"path_taken":["M","?","?","M","M","M","M","M","T","R","E","M","E","M","R","BOSS","M","M","?","M","M","R","M","R","T","$","M","M","?","E","R","BOSS","M","?","M","M","M","R","?","R","T","M","E","M","R","E","R","BOSS","R","??","M","M","T","?","R","M","M"],"items_purchased_type":["Card","Relic","Relic"],"build_version":"2020-12-13","purchased_purges":0,"victory":false,"max_hp_per_floor":[72,72,72,72,72,73,73,73,73,73,78,78,78,78,78,78,86,88,90,90,90,93,93,95,95,95,95,95,95,95,97,97,99,99,102,102,104,106,108,108,110,110,110,112,114,116,116,116,116,118,118,118,98,98,98,98,98,98,98,98,98],"relic_stats":{"counters":[35,201],"obtain_stats":[{"animator:Buoy":31,"Regal Pillow":27,"Golden Idol":3,"animator:TheMissingPiece":0,"Astrolabe":34,"Vajra":11,"Incense Burner":45,"Question Card":48,"White Beast Statue":9,"Akabeko":26,"ClockworkSouvenir":27,"Peace Pipe":41,"animator:HolyGrailRelic":17,"animator:TheEgnaroPiece":53,"animator:AncientMedallion":53,"animator:LivingPicture":0,"Art of War":13},{"animator:Buoy":20,"Regal Pillow":16,"Golden Idol":1,"animator:TheMissingPiece":0,"Astrolabe":21,"Vajra":7,"Incense Burner":28,"Question Card":30,"White Beast Statue":6,"Akabeko":16,"ClockworkSouvenir":16,"Peace Pipe":26,"animator:HolyGrailRelic":11,"animator:TheEgnaroPiece":31,"animator:AncientMedallion":31,"animator:LivingPicture":0,"Art of War":9},{"animator:Buoy":88,"Regal Pillow":69,"Golden Idol":6,"animator:TheMissingPiece":0,"Astrolabe":96,"Vajra":29,"Incense Burner":127,"Question Card":133,"White Beast Statue":25,"Akabeko":69,"ClockworkSouvenir":69,"Peace Pipe":119,"animator:HolyGrailRelic":50,"animator:TheEgnaroPiece":145,"animator:AncientMedallion":145,"animator:LivingPicture":0,"Art of War":40}]},"card_choices":[{"not_picked":["animator:Sloth","animator:Genos"],"picked":"animator:Verdia","floor":1},{"not_picked":["animator:ChlammyZell","animator:Hakurou"],"picked":"animator:KyokoSakura","floor":4},{"not_picked":["animator:Sloth","animator:Aqua","animator:DolaRiku"],"picked":"SKIP","floor":5},{"not_picked":["animator:YunYun","animator:Vanir"],"picked":"animator:Mitsurugi","floor":6},{"not_picked":["animator:SuzuneAmano","animator:YuiTsuruno","animator:Genos"],"picked":"SKIP","floor":7},{"not_picked":["animator:Entoma","animator:Mitsurugi"],"picked":"animator:Shalltear","floor":8},{"not_picked":["animator:WinryRockbell","animator:Gluttony","animator:MumenRider"],"picked":"SKIP","floor":11},{"not_picked":["animator:Souei","animator:Benimaru"],"picked":"animator:Kaijin","floor":12},{"not_picked":["animator:OrikoMikuni","animator:MadokaKaname","animator:Rimuru"],"picked":"SKIP","floor":13},{"not_picked":["animator:YuiTsuruno","animator:Melzalgald"],"picked":"animator:Shuna","floor":14},{"not_picked":["animator:Sora","animator:HomuraAkemi"],"picked":"animator:Greed","floor":16},{"not_picked":["animator:Benimaru","animator:DolaRiku","animator:Sloth"],"picked":"SKIP","floor":18},{"not_picked":["animator:Genos","animator:Melzalgald"],"picked":"animator:Tatsumaki","floor":19},{"not_picked":["animator:ChlammyZell","animator:FielNirvalen"],"picked":"animator:Megumin","floor":21},{"not_picked":["animator:DolaCouronne","animator:GazelDwargon"],"picked":"animator:Darkness+1","floor":22},{"not_picked":["animator:PandorasActor","animator:KyokoSakura"],"picked":"animator:ElricEdward","floor":24},{"not_picked":["animator:IzunaHatsuse","animator:DolaCouronne"],"picked":"animator:NarberalGamma","floor":29},{"not_picked":["animator:IrohaTamaki","animator:Gluttony","animator:Benimaru"],"picked":"SKIP","floor":30},{"not_picked":["animator:ChlammyZell","animator:Demiurge+1","animator:FielNirvalen+1"],"picked":"SKIP","floor":31},{"not_picked":["animator:Kyubey","animator:Shizu"],"picked":"animator:Albedo","floor":33},{"not_picked":["animator:Tatsumaki","animator:Geryuganshoop"],"picked":"animator:MetalKnight","floor":35},{"not_picked":["animator:MumenRider+1","animator:SuzuneAmano+1"],"picked":"animator:ElricAlphonse+1","floor":37},{"not_picked":["animator:Megumin+1","animator:OrikoMikuni+1","animator:DolaRiku+1"],"picked":"SKIP","floor":38},{"not_picked":["animator:Benimaru","animator:Scar","animator:Verdia"],"picked":"SKIP","floor":39},{"not_picked":["animator:Melzalgald","animator:DolaRiku+1"],"picked":"animator:PandorasActor+1","floor":41},{"not_picked":["animator:Demiurge","animator:NarberalGamma"],"picked":"animator:Sebas","floor":44},{"not_picked":["animator:ElricEdward","animator:Shion","animator:MamiTomoe+1"],"picked":"SKIP","floor":45},{"not_picked":["animator:SilverFang","animator:DolaRiku"],"picked":"animator:Kaijin+1","floor":46},{"not_picked":["animator:Geryuganshoop+1","animator:Mitsurugi+1","animator:FielNirvalen+1"],"picked":"SKIP","floor":48},{"not_picked":["animator:Entoma","animator:SuzuneAmano+1"],"picked":"animator:Ainz","floor":54},{"not_picked":["animator:Sebas+1","animator:DolaRiku+1","animator:ElricEdward+1"],"picked":"SKIP","floor":55},{"not_picked":["animator:KyokoSakura","animator:MaesHughes"],"picked":"animator:Souei","floor":59}],"player_experience":129797,"relics_obtained":[{"floor":9,"key":"White Beast Statue"},{"floor":11,"key":"Vajra"},{"floor":13,"key":"Art of War"},{"floor":26,"key":"Akabeko"},{"floor":31,"key":"animator:Buoy"},{"floor":41,"key":"Peace Pipe"},{"floor":45,"key":"Incense Burner"},{"floor":48,"key":"Question Card"},{"floor":53,"key":"animator:TheEgnaroPiece"},{"floor":53,"key":"animator:AncientMedallion"},{"floor":56,"key":"animator:AncientMedallion"}],"event_choices":[{"damage_healed":0,"gold_gain":0,"player_choice":"Take Wound","damage_taken":0,"relics_obtained":["Golden Idol"],"max_hp_gain":0,"max_hp_loss":0,"event_name":"Golden Idol","floor":3,"gold_loss":0,"cards_obtained":["Injury"]},{"damage_healed":0,"gold_gain":450,"player_choice":"CARD GOLD GOLD GOLD GOLD GOLD ","damage_taken":52,"max_hp_gain":0,"max_hp_loss":0,"event_name":"Knowing Skull","floor":20,"potions_obtained":[],"gold_loss":0,"cards_obtained":["animator:MisakiNakahara"]},{"cards_removed":["animator:KyokoSakura"],"damage_healed":0,"gold_gain":0,"player_choice":"Removed Attack","damage_taken":0,"max_hp_gain":0,"max_hp_loss":0,"event_name":"Falling","floor":36,"gold_loss":0},{"damage_healed":0,"gold_gain":0,"player_choice":"Fight","damage_taken":0,"max_hp_gain":0,"max_hp_loss":0,"event_name":"MindBloom","floor":41,"gold_loss":0}],"is_beta":false,"boss_relics":[{"not_picked":["Fusion Hammer","animator:VividPicture"],"picked":"animator:HolyGrailRelic"},{"not_picked":["Cursed Key","Empty Cage"],"picked":"Astrolabe"}],"items_purged_floors":[],"is_endless":false,"potions_floor_spawned":[4,11,12,13,14,16,18,19,21,22,24,28,29,30,31,33,35,37,38,39,41,44,45,46,48,55],"killed_by":"animator:UNNAMED_CULTIST_2","ascension_level":0}}