{"host":"30jsp143e4v19aze","time":1608581845,"event":{"mods":["BaseMod","Colored Map","Colored Powertips","Curses Come First","DeckTracker","Highlight Path","Minty Spire (QoL Compilation)","Quick Restart","Relic Stats","StSLib"],"gold_per_floor":[118,118,118,118,39,39,69,86,111,111,125,154,171,206,206,285,285,297,12,23,23,34,61,61,96,145,145,70,105,116,116,116,194,194,208,223,73,83,83,83],"floor_reached":39,"playtime":2546,"items_purged":[],"score":862,"play_id":"06e5cd3f-3824-4001-be99-8b9ecad55728","local_time":"20201221211725","is_ascension_mode":true,"campfire_choices":[{"data":"Skewer","floor":6,"key":"SMITH"},{"data":"Die Die Die","floor":10,"key":"SMITH"},{"floor":15,"key":"REST"},{"floor":24,"key":"REST"},{"data":"Infinite Blades","floor":27,"key":"SMITH"},{"data":"Well Laid Plans","floor":32,"key":"SMITH"}],"circlet_count":0,"master_deck":["AscendersBane","Defend_G","Defend_G","Defend_G","Defend_G","Defend_G","Survivor","Neutralize","Cloak And Dagger","Neutralize","Adrenaline","Backflip","Skewer+1","Well Laid Plans+1","Die Die Die+1","Terror","Backflip","Phantasmal Killer","Predator+1","Grand Finale+1","Calculated Gamble+1","Footwork","Leg Sweep+1","Infinite Blades+1","Blade Dance","Pain","Night Terror","Corpse Explosion","Accuracy","Leg Sweep"],"relics":["Ring of the Snake","NeowsBlessing","Letter Opener","Ornamental Fan","MealTicket","PreservedInsect","Regal Pillow","Astrolabe","Bottled Tornado","Potion Belt","Tingsha","Gambling Chip","WarpedTongs","Cursed Key"],"acts_visited":["Exordium","TheCity","TheBeyond"],"potions_floor_usage":[18,23,23,29,29,29,33,33],"damage_taken":[{"damage":0,"enemies":"Small Slimes","floor":1,"turns":1},{"damage":0,"enemies":"Lagavulin","floor":7,"turns":1},{"damage":0,"enemies":"2 Louse","floor":8,"turns":1},{"damage":0,"enemies":"Cultist","floor":11,"turns":3},{"damage":23,"enemies":"Gremlin Nob","floor":12,"turns":4},{"damage":0,"enemies":"2 Fungi Beasts","floor":13,"turns":2},{"damage":5,"enemies":"3 Sentries","floor":14,"turns":4},{"damage":23,"enemies":"Slime Boss","floor":16,"turns":8},{"damage":6,"enemies":"2 Thieves","floor":18,"turns":3},{"damage":3,"enemies":"Chosen","floor":20,"turns":4},{"damage":12,"enemies":"Snake Plant","floor":22,"turns":3},{"damage":16,"enemies":"Gremlin Leader","floor":23,"turns":3},{"damage":19,"enemies":"Book of Stabbing","floor":25,"turns":4},{"damage":1,"enemies":"Slavers","floor":29,"turns":3},{"damage":0,"enemies":"Snecko","floor":30,"turns":3},{"damage":74,"enemies":"Champ","floor":33,"turns":9},{"damage":3,"enemies":"3 Shapes","floor":35,"turns":2},{"damage":6,"enemies":"Orb Walker","floor":36,"turns":3},{"damage":43,"enemies":"Jaw Worm Horde","floor":38,"turns":3},{"damage":3,"enemies":"Writhing Mass","floor":39,"turns":3}],"seed_played":"2573782545034209535","potions_obtained":[{"floor":1,"key":"BlessingOfTheForge"},{"floor":11,"key":"Weak Potion"},{"floor":18,"key":"DistilledChaos"},{"floor":23,"key":"SteroidPotion"},{"floor":25,"key":"EntropicBrew"},{"floor":36,"key":"Dexterity Potion"}],"is_trial":false,"path_per_floor":["M","?","?","?","$","R","E","M","T","R","M","E","M","E","R","B",null,"M","$","M","?","M","E","R","E","T","R","?","E","M","?","R","B",null,"M","M","$","M","M"],"character_chosen":"THE_SILENT","items_purchased":["Skewer","Footwork","Bottled Tornado","Accuracy","Leg Sweep"],"campfire_rested":2,"item_purchase_floors":[5,19,19,37,37],"current_hp_per_floor":[59,52,45,45,45,45,45,45,45,45,45,22,22,17,51,28,57,51,66,63,63,51,35,66,47,47,47,47,46,46,46,46,19,54,51,45,60,17,14,14],"gold":83,"neow_bonus":"THREE_ENEMY_KILL","is_daily":false,"chose_seed":false,"campfire_upgraded":4,"win_rate":0.0,"timestamp":1608581845,"path_taken":["M","?","?","?","$","R","E","M","T","R","M","E","M","E","R","BOSS","M","$","M","?","M","E","R","E","T","R","?","E","M","?","R","BOSS","M","M","$","M","?"],"items_purchased_type":["Card","Card","Relic","Card","Card"],"build_version":"2020-12-13","purchased_purges":0,"victory":false,"max_hp_per_floor":[66,66,66,66,66,66,66,66,66,66,66,66,66,66,66,66,66,66,66,66,66,66,66,66,66,66,66,66,66,66,66,66,66,66,66,66,66,66,66,66],"relic_stats":{"Regal Pillow":27,"counters":[20,67],"Astrolabe":["Predator","Grand Finale","Calculated Gamble"],"Tingsha":[110],"PreservedInsect":160,"Letter Opener":[105],"Cursed Key":0,"WarpedTongs":[20],"Ornamental Fan":[92],"Gambling Chip":[21],"MealTicket":30,"obtain_stats":[{"Potion Belt":23,"Regal Pillow":14,"NeowsBlessing":0,"Astrolabe":17,"Tingsha":25,"PreservedInsect":12,"Letter Opener":3,"Bottled Tornado":19,"Cursed Key":34,"WarpedTongs":31,"Ornamental Fan":7,"Gambling Chip":29,"MealTicket":9,"Ring of the Snake":0},{"Potion Belt":12,"Regal Pillow":7,"NeowsBlessing":0,"Astrolabe":8,"Tingsha":13,"PreservedInsect":5,"Letter Opener":1,"Bottled Tornado":9,"Cursed Key":16,"WarpedTongs":15,"Ornamental Fan":2,"Gambling Chip":14,"MealTicket":3,"Ring of the Snake":0},{"Potion Belt":37,"Regal Pillow":16,"NeowsBlessing":0,"Astrolabe":24,"Tingsha":41,"PreservedInsect":10,"Letter Opener":1,"Bottled Tornado":27,"Cursed Key":56,"WarpedTongs":47,"Ornamental Fan":2,"Gambling Chip":44,"MealTicket":3,"Ring of the Snake":0}],"Ring of the Snake":[40]},"card_choices":[{"not_picked":["PiercingWail","Eviscerate"],"picked":"Cloak And Dagger","floor":1},{"not_picked":["Riddle With Holes","Sucker Punch"],"picked":"Well Laid Plans","floor":7},{"not_picked":["Bane","Outmaneuver"],"picked":"Die Die Die","floor":8},{"not_picked":["Endless Agony","Deadly Poison","Distraction"],"picked":"SKIP","floor":11},{"not_picked":["Malaise","Leg Sweep"],"picked":"Terror","floor":12},{"not_picked":["PiercingWail","Expertise"],"picked":"Backflip","floor":13},{"not_picked":["Well Laid Plans","Flying Knee","Poisoned Stab"],"picked":"SKIP","floor":14},{"not_picked":["Bullet Time","Unload"],"picked":"Phantasmal Killer","floor":16},{"not_picked":["All Out Attack","Dagger Spray","Deflect"],"picked":"SKIP","floor":18},{"not_picked":["Tactician","Catalyst","Bouncing Flask"],"picked":"SKIP","floor":20},{"not_picked":["Dagger Spray","Terror"],"picked":"Leg Sweep+1","floor":22},{"not_picked":["Well Laid Plans","Underhanded Strike+1","Quick Slash"],"picked":"SKIP","floor":23},{"not_picked":["Expertise","Underhanded Strike"],"picked":"Infinite Blades","floor":25},{"not_picked":["Deadly Poison","Quick Slash","Choke"],"picked":"SKIP","floor":29},{"not_picked":["Sucker Punch","Crippling Poison"],"picked":"Blade Dance","floor":30},{"not_picked":["Die Die Die","A Thousand Cuts"],"picked":"Night Terror","floor":33},{"not_picked":["Sucker Punch","Slice","Prepared"],"picked":"SKIP","floor":35},{"not_picked":["Deadly Poison","Cloak And Dagger+1"],"picked":"Corpse Explosion","floor":36},{"not_picked":["Quick Slash","Slice","Dagger Spray+1"],"picked":"SKIP","floor":38}],"player_experience":3023803,"relics_obtained":[{"floor":7,"key":"Ornamental Fan"},{"floor":9,"key":"MealTicket"},{"floor":12,"key":"PreservedInsect"},{"floor":14,"key":"Regal Pillow"},{"floor":23,"key":"Potion Belt"},{"floor":25,"key":"Tingsha"},{"floor":29,"key":"Gambling Chip"}],"event_choices":[{"cards_removed":["Strike_G"],"damage_healed":0,"gold_gain":0,"player_choice":"Card Removal","damage_taken":7,"max_hp_gain":0,"max_hp_loss":0,"event_name":"Golden Wing","floor":2,"gold_loss":0},{"damage_healed":0,"gold_gain":0,"player_choice":"Success","damage_taken":7,"relics_obtained":["Letter Opener"],"max_hp_gain":0,"max_hp_loss":0,"event_name":"Scrap Ooze","floor":3,"gold_loss":0},{"damage_healed":0,"gold_gain":0,"player_choice":"3 cards matched","damage_taken":0,"max_hp_gain":0,"max_hp_loss":0,"event_name":"Match and Keep!","floor":4,"gold_loss":0,"cards_obtained":["Neutralize","Adrenaline","Backflip"]},{"damage_healed":0,"gold_gain":0,"player_choice":"Ignored","damage_taken":0,"max_hp_gain":0,"max_hp_loss":0,"event_name":"Vampires","floor":21,"gold_loss":0},{"cards_removed":["Strike_G"],"damage_healed":0,"gold_gain":0,"player_choice":"Gave Gold","damage_taken":0,"max_hp_gain":0,"max_hp_loss":0,"event_name":"Beggar","floor":28,"gold_loss":75},{"damage_healed":0,"gold_gain":0,"player_choice":"Rummage","damage_taken":0,"relics_obtained":["WarpedTongs"],"max_hp_gain":0,"max_hp_loss":0,"event_name":"Accursed Blacksmith","floor":31,"gold_loss":0,"cards_obtained":["Pain"]}],"is_beta":false,"boss_relics":[{"not_picked":["Philosopher\u0027s Stone","Runic Dome"],"picked":"Astrolabe"},{"not_picked":["Sozu","Velvet Choker"],"picked":"Cursed Key"}],"items_purged_floors":[],"is_endless":false,"potions_floor_spawned":[1,11,13,16,18,23,25,36],"killed_by":"Writhing Mass","ascension_level":14}}