{"host":"121m0oxswv9tg9hk","time":1608581643,"event":{"mods":["AchievementEnabler","BaseMod","Better Third Choice","Downfall","Hermit","Hubris","Infinite Spire","MarisaÅiñ∂âJÅ@ñÇóùçπÅj","Minty Spire (QoL Compilation)","Replay The Spire","Shade Mod","StSLib","The Construct","The Cursed","The Gatherer","The Hierophant","The Mystic"],"gold_per_floor":[17,27,27,0,19,19,62,112,112,127,143,143,158,42,42,137,137,152,152,152,152],"floor_reached":20,"playtime":932,"items_purged":[],"score":348,"play_id":"3cb2977b-c69e-4253-b7d5-091b3ac7b97c","local_time":"20201221211403","is_ascension_mode":true,"campfire_choices":[{"data":"Enlightenment","floor":6,"key":"SMITH"},{"floor":12,"key":"REST"},{"data":"True Grit","floor":15,"key":"SMITH"}],"circlet_count":0,"master_deck":["AscendersBane","Shade:Bite_Shade+1","Strike_R","Strike_R","Strike_R","Defend_R","Defend_R","Defend_R","Defend_R","Bash","Whirlwind","Bloodletting","Enlightenment+1","Life Link","Reaper","Dropkick","hubris:ReadiedAction","True Grit+1","ReplayTheSpireMod:IOU","Eclipse","Pain","Languid","hubris:Sloth"],"relics":["Burning Blood","Golden Idol","hubris:CrystalStatue","hubris:FunFungus","Replay:Wax Seal","Brimstone","Replay:Ancient Bell","Blood Vial","Du-Vu Doll","Nloth\u0027s Gift"],"acts_visited":["Exordium","TheCity"],"potions_floor_usage":[7,10,16],"damage_taken":[{"damage":1,"enemies":"Small Slimes","floor":1,"turns":4},{"damage":6,"enemies":"Cultist","floor":2,"turns":3},{"damage":3,"enemies":"2 Louse","floor":5,"turns":2},{"damage":32,"enemies":"Gremlin Nob","floor":7,"turns":3},{"damage":8,"enemies":"Red Slaver","floor":10,"turns":3},{"damage":14,"enemies":"2 Fungi Beasts","floor":11,"turns":3},{"damage":15,"enemies":"Large Slime","floor":13,"turns":3},{"damage":80,"enemies":"Fading Forest","floor":16,"turns":13},{"damage":79,"enemies":"Spheric Guardian","floor":18,"turns":6},{"damage":17,"enemies":"Shell Parasite","floor":20,"turns":1}],"seed_played":"1331882018822618083","potions_obtained":[{"floor":5,"key":"champ:CounterPotion"},{"floor":7,"key":"Adrenaline Potion"},{"floor":11,"key":"Milkshake"},{"floor":16,"key":"SpeedPotion"},{"floor":18,"key":"Elixir"}],"is_trial":false,"path_per_floor":["M","M","?","?","M","R","E","?","T","M","M","R","M","$","R","B",null,"M","?","M"],"character_chosen":"IRONCLAD","items_purchased":["Replay:Wax Seal","Brimstone"],"campfire_rested":1,"item_purchase_floors":[14,14],"current_hp_per_floor":[75,75,49,55,61,61,38,30,30,40,42,66,63,63,63,55,75,9,9,0,0],"gold":152,"neow_bonus":"REMOVE_TWO","is_daily":false,"chose_seed":false,"campfire_upgraded":2,"win_rate":0.0,"timestamp":1608581643,"path_taken":["M","M","?","?","M","R","E","?","T","M","M","R","?","$","R","BOSS","M","?","?"],"items_purchased_type":["Relic","Relic"],"build_version":"2020-12-13","purchased_purges":0,"victory":false,"max_hp_per_floor":[75,75,75,81,81,81,81,81,81,81,81,81,81,81,81,81,81,81,81,81,81],"card_choices":[{"not_picked":["Havoc","Pommel Strike"],"picked":"Whirlwind","floor":1},{"not_picked":["Whirlwind","hubris:CleavingFinish"],"picked":"Bloodletting","floor":2},{"not_picked":["Cleave","Sword Boomerang"],"picked":"Life Link","floor":5},{"not_picked":["Reckless Charge","Run Through"],"picked":"Reaper","floor":7},{"not_picked":["Cleave","Spot Weakness"],"picked":"Dropkick","floor":10},{"not_picked":["Fire Breathing","Massacre"],"picked":"hubris:ReadiedAction","floor":11},{"not_picked":["Body Slam","Wild Strike"],"picked":"True Grit","floor":13},{"not_picked":["Replay:Many Hands","Impervious"],"picked":"Eclipse","floor":16},{"not_picked":["Normality","ReplayTheSpireMod:Meltdown Sequence"],"picked":"Pain","floor":17},{"not_picked":["Decay","infinitespire:Pacifist"],"picked":"Languid","floor":17},{"not_picked":["Injury","Hallucinations"],"picked":"hubris:Sloth","floor":17},{"not_picked":["Sever Soul","ReplayTheSpireMod:Muscle Training","Perfected Strike"],"picked":"SKIP","floor":18}],"player_experience":2892538,"relics_obtained":[{"floor":7,"key":"hubris:CrystalStatue"},{"floor":9,"key":"hubris:FunFungus"}],"event_choices":[{"damage_healed":0,"gold_gain":0,"player_choice":"Take Damage","damage_taken":26,"relics_obtained":["Golden Idol"],"max_hp_gain":0,"max_hp_loss":0,"event_name":"Golden Idol","floor":3,"gold_loss":0},{"damage_healed":0,"gold_gain":0,"player_choice":"RENOUNCE","damage_taken":27,"max_hp_gain":0,"max_hp_loss":0,"event_name":"betterThird:BetterSerpent","floor":4,"gold_loss":27,"cards_obtained":["Enlightenment"]},{"damage_healed":0,"gold_gain":50,"player_choice":"Touch","damage_taken":8,"max_hp_gain":0,"max_hp_loss":0,"event_name":"FaceTrader","floor":8,"gold_loss":0},{"damage_healed":0,"gold_gain":0,"player_choice":"Traded Relic","damage_taken":0,"relics_obtained":["Nloth\u0027s Gift"],"max_hp_gain":0,"max_hp_loss":0,"event_name":"N\u0027loth","floor":19,"relics_lost":["infinitespire:ShieldingShard"],"gold_loss":0}],"is_beta":false,"boss_relics":[{"not_picked":["Pandora\u0027s Box","SlaversCollar"],"picked":"Replay:Ancient Bell"},{"not_picked":["Centennial Puzzle","Strawberry"],"picked":"Blood Vial"},{"not_picked":["hubris:DeckOfHolding","construct:FoamFinger"],"picked":"infinitespire:ShieldingShard"},{"not_picked":["infinitespire:Joker Card","construct:RocketBooster"],"picked":"Du-Vu Doll"}],"items_purged_floors":[],"is_endless":false,"potions_floor_spawned":[5,7,11,16,18],"killed_by":"Shell Parasite","ascension_level":20}}