{"host":"qwttrqaysb380yri","time":1608556192,"event":{"mods":["BaseMod","Custom Start","Minty Spire (QoL Compilation)","Permanent Neow","Puzzle Mod","Relic Stats","StSLib","The Cursed","The Hierophant"],"gold_per_floor":[112,112,136,136,101,101,432,432,458,458,458,477,513,528,528,627,627,641,277,293,318,342,342,386,386,434,470,484,509,509,520,520,593,593,603,603,230,246,246,271,281,307,333,333,89,108,59,73,73,73],"floor_reached":51,"playtime":2650,"items_purged":["Strike_B","Strike_B"],"score":1319,"play_id":"66f6b5e0-e47c-4f16-82b4-8b5686308170","local_time":"20201221140952","is_ascension_mode":true,"campfire_choices":[{"data":"Redo","floor":6.0,"key":"SMITH"},{"data":"Dualcast","floor":8.0,"key":"SMITH"},{"floor":11.0,"key":"REST"},{"data":"Loop","floor":15.0,"key":"SMITH"},{"floor":23.0,"key":"REST"},{"floor":25,"key":"REST"},{"floor":32,"key":"REST"},{"floor":49,"key":"REST"}],"circlet_count":0,"master_deck":["AscendersBane","Strike_B+1","Defend_B+1","Defend_B","Defend_B","Zap","Dualcast+1","Redo+1","Chill","Ball Lightning","Melter","Loop+1","Core Surge","Cold Snap","Multi-Cast","Loop+1","Genetic Algorithm","BootSequence","Defragment+1","Conserve Battery+1","Self Repair+1","Leap+1","Coolheaded","Turbo+1","Creative AI","Chill+1","Turbo","Skim"],"relics":["Cracked Core","Bloody Idol","Old Coin","Dream Catcher","Omamori","Calling Bell","Ancient Tea Set","InkBottle","Du-Vu Doll","Cables","Oddly Smooth Stone","Toy Ornithopter","Matryoshka","Black Star","Gremlin Horn","Bronze Scales","Lantern","Peace Pipe","War Paint","Shuriken","Bag of Marbles","White Beast Statue"],"acts_visited":["Exordium","TheCity","TheBeyond"],"potions_floor_usage":[31,41,42,42,48,50,50],"damage_taken":[{"damage":3.0,"enemies":"2 Louse","floor":1.0,"turns":3.0},{"damage":4.0,"enemies":"Jaw Worm","floor":3.0,"turns":4.0},{"damage":10.0,"enemies":"Gremlin Nob","floor":7.0,"turns":3.0},{"damage":0.0,"enemies":"Cultist","floor":12.0,"turns":2.0},{"damage":0.0,"enemies":"3 Sentries","floor":13.0,"turns":6.0},{"damage":6.0,"enemies":"Gremlin Gang","floor":14.0,"turns":2.0},{"damage":4.0,"enemies":"The Guardian","floor":16.0,"turns":10.0},{"damage":23.0,"enemies":"Shell Parasite","floor":18.0,"turns":4.0},{"damage":0.0,"enemies":"Spheric Guardian","floor":20.0,"turns":2.0},{"damage":5.0,"enemies":"Chosen and Byrds","floor":21.0,"turns":6.0},{"damage":21.0,"enemies":"3 Cultists","floor":22.0,"turns":5.0},{"damage":30,"enemies":"Book of Stabbing","floor":24,"turns":4},{"damage":23,"enemies":"Slavers","floor":27,"turns":8},{"damage":4,"enemies":"Shelled Parasite and Fungi","floor":28,"turns":10},{"damage":9,"enemies":"Snake Plant","floor":29,"turns":8},{"damage":9,"enemies":"Cultist and Chosen","floor":31,"turns":6},{"damage":40,"enemies":"Champ","floor":33,"turns":16},{"damage":35,"enemies":"3 Shapes","floor":35,"turns":8},{"damage":1,"enemies":"Orb Walker","floor":38,"turns":6},{"damage":58,"enemies":"Giant Head","floor":40,"turns":11},{"damage":22,"enemies":"4 Shapes","floor":41,"turns":11},{"damage":2,"enemies":"Reptomancer","floor":42,"turns":12},{"damage":41,"enemies":"Writhing Mass","floor":46,"turns":9},{"damage":0,"enemies":"Sphere and 2 Shapes","floor":48,"turns":5},{"damage":38,"enemies":"Time Eater","floor":50,"turns":14}],"seed_played":"3108290943777122924","potions_obtained":[{"floor":1.0,"key":"FearPotion"},{"floor":7.0,"key":"EntropicBrew"},{"floor":12.0,"key":"Explosive Potion"},{"floor":16.0,"key":"SkillPotion"},{"floor":20.0,"key":"Fire Potion"},{"floor":28,"key":"AttackPotion"},{"floor":33,"key":"SteroidPotion"},{"floor":38,"key":"EssenceOfSteel"},{"floor":41,"key":"Strength Potion"},{"floor":46,"key":"Swift Potion"},{"floor":48,"key":"Energy Potion"}],"is_trial":false,"path_per_floor":["M","?","M","?","?","R","E","R","T","?","R","M","E","M","R","B",null,"M","$","M","M","M","R","E","R","T","E","M","M","?","M","R","B",null,"M","?","$","M","?","E","M","E","T","?","$","M","$","M","R","B",null],"character_chosen":"DEFECT","items_purchased":["Genetic Algorithm","Cables","Gremlin Horn","Chill","White Beast Statue","Dexterity Potion"],"campfire_rested":5,"item_purchase_floors":[19,19,37,37,45,47],"current_hp_per_floor":[61,61,57,44,60,60,50,50,50,55,71,71,71,65,65,61,69,46,46,46,41,20,41,11,32,32,19,25,26,26,37,58,33,62,42,42,42,56,71,28,26,49,54,54,54,28,28,48,69,48],"gold":73,"neow_bonus":"TRANSFORM_CARD","is_daily":false,"chose_seed":false,"campfire_upgraded":3,"win_rate":0.0,"timestamp":1608556192,"path_taken":["M","?","M","?","?","R","E","R","T","?","R","M","E","M","R","BOSS","M","$","M","M","M","R","E","R","T","E","M","M","?","M","R","BOSS","M","?","?","?","?","E","M","E","T","?","$","M","$","?","R","BOSS"],"items_purchased_type":["Card","Relic","Relic","Card","Relic","Potion"],"build_version":"2020-12-13","purchased_purges":2,"victory":true,"max_hp_per_floor":[71,66,66,66,66,66,66,66,66,71,71,71,71,71,71,71,71,71,71,71,71,71,71,71,71,71,71,71,71,71,71,71,71,71,71,71,71,71,71,71,71,71,71,71,71,71,71,71,71,71],"relic_stats":{"Gremlin Horn":[13,13],"counters":[25,172],"War Paint":["Turbo","Chill"],"Cables":[123,48,74,0,1],"Peace Pipe":0,"Dream Catcher":5,"Shuriken":[1],"Bloody Idol":50,"Bronze Scales":[165],"Black Star":2,"obtain_stats":[{"Lantern":40,"Gremlin Horn":37,"Golden Idol":2,"Oddly Smooth Stone":24,"Omamori":13,"War Paint":42,"Ancient Tea Set":17,"White Beast Statue":45,"Old Coin":7,"Cables":19,"Calling Bell":17,"Du-Vu Doll":17,"Peace Pipe":42,"Dream Catcher":9,"Matryoshka":27,"Shuriken":43,"Bloody Idol":30,"Bronze Scales":40,"Black Star":34,"Bag of Marbles":43,"Cracked Core":0,"InkBottle":17,"Toy Ornithopter":26},{"Lantern":20,"Gremlin Horn":18,"Golden Idol":1,"Oddly Smooth Stone":12,"Omamori":5,"War Paint":22,"Ancient Tea Set":7,"White Beast Statue":22,"Old Coin":3,"Cables":8,"Calling Bell":7,"Du-Vu Doll":7,"Peace Pipe":22,"Dream Catcher":3,"Matryoshka":13,"Shuriken":22,"Bloody Idol":15,"Bronze Scales":20,"Black Star":17,"Bag of Marbles":22,"Cracked Core":0,"InkBottle":7,"Toy Ornithopter":12},{"Lantern":123,"Gremlin Horn":106,"Golden Idol":3,"Oddly Smooth Stone":50,"Omamori":17,"War Paint":145,"Ancient Tea Set":29,"White Beast Statue":145,"Old Coin":10,"Cables":33,"Calling Bell":29,"Du-Vu Doll":29,"Peace Pipe":145,"Dream Catcher":10,"Matryoshka":58,"Shuriken":145,"Bloody Idol":76,"Bronze Scales":123,"Black Star":98,"Bag of Marbles":145,"Cracked Core":0,"InkBottle":29,"Toy Ornithopter":50}],"InkBottle":[48],"Toy Ornithopter":32},"card_choices":[{"not_picked":["Hologram","Storm"],"picked":"Chill","floor":1.0},{"not_picked":["Chill","Sweeping Beam"],"picked":"Ball Lightning","floor":3.0},{"not_picked":["Blizzard","Force Field"],"picked":"Melter","floor":7.0},{"not_picked":["Compile Driver","Reprogram"],"picked":"Loop","floor":11.0},{"not_picked":["Hologram","Rebound"],"picked":"Core Surge","floor":12.0},{"not_picked":["Aggregate","Heatsinks","Blizzard"],"picked":"SKIP","floor":13.0},{"not_picked":["Rebound","Ball Lightning"],"picked":"Cold Snap","floor":14.0},{"not_picked":["Hyperbeam","Thunder Strike"],"picked":"Multi-Cast","floor":16.0},{"not_picked":["Rebound","Beam Cell"],"picked":"Loop+1","floor":18.0},{"not_picked":["Double Energy","Redo"],"picked":"BootSequence","floor":20.0},{"not_picked":["Ball Lightning+1","Lockon"],"picked":"Defragment+1","floor":21.0},{"not_picked":["Thunder Strike","Defragment+1"],"picked":"Conserve Battery+1","floor":22.0},{"not_picked":["Turbo","Reprogram"],"picked":"Self Repair+1","floor":23.0},{"not_picked":["Compile Driver","Darkness","Sweeping Beam+1"],"picked":"SKIP","floor":24},{"not_picked":["Reprogram","Sweeping Beam"],"picked":"Leap+1","floor":25},{"not_picked":["Stack","BootSequence"],"picked":"Coolheaded","floor":27},{"not_picked":["Scrape","Redo"],"picked":"Turbo","floor":28},{"not_picked":["Compile Driver","Sweeping Beam","Ball Lightning"],"picked":"SKIP","floor":29},{"not_picked":["Redo","Compile Driver","FTL"],"picked":"SKIP","floor":31},{"not_picked":["Reboot","Electrodynamics"],"picked":"Creative AI","floor":33},{"not_picked":["Rebound","Double Energy","Cold Snap"],"picked":"SKIP","floor":35},{"not_picked":["Sweeping Beam","Genetic Algorithm","Hologram+1"],"picked":"SKIP","floor":38},{"not_picked":["Streamline","Compile Driver","Loop"],"picked":"SKIP","floor":40},{"not_picked":["Compile Driver","Streamline"],"picked":"Turbo","floor":41},{"not_picked":["Turbo","Reprogram","Force Field+1"],"picked":"SKIP","floor":42},{"not_picked":["Storm","Compile Driver","Sunder"],"picked":"SKIP","floor":46},{"not_picked":["White Noise","Redo"],"picked":"Skim","floor":48}],"player_experience":1915897,"relics_obtained":[{"floor":7.0,"key":"Old Coin"},{"floor":9.0,"key":"Dream Catcher"},{"floor":13.0,"key":"Omamori"},{"floor":17.0,"key":"Ancient Tea Set"},{"floor":17.0,"key":"InkBottle"},{"floor":17.0,"key":"Du-Vu Doll"},{"floor":24,"key":"Oddly Smooth Stone"},{"floor":26,"key":"Toy Ornithopter"},{"floor":27,"key":"Matryoshka"},{"floor":40,"key":"Bronze Scales"},{"floor":40,"key":"Lantern"},{"floor":42,"key":"Peace Pipe"},{"floor":42,"key":"War Paint"},{"floor":43,"key":"Shuriken"},{"floor":43,"key":"Bag of Marbles"}],"event_choices":[{"damage_healed":0.0,"max_hp_gain":0.0,"max_hp_loss":5.0,"gold_gain":0.0,"event_name":"Golden Idol","player_choice":"Lose Max HP","floor":2.0,"gold_loss":0.0,"damage_taken":0.0,"relics_obtained":["Golden Idol"]},{"damage_healed":0.0,"max_hp_gain":0.0,"max_hp_loss":0.0,"gold_gain":0.0,"event_name":"Shining Light","player_choice":"Entered Light","floor":4.0,"gold_loss":0.0,"damage_taken":13.0,"cards_upgraded":["Defend_B","Strike_B"]},{"damage_healed":16.0,"max_hp_gain":0.0,"max_hp_loss":0.0,"gold_gain":0.0,"event_name":"The Cleric","player_choice":"Healed","floor":5.0,"gold_loss":35.0,"damage_taken":0.0},{"damage_healed":0.0,"max_hp_gain":5.0,"max_hp_loss":0.0,"gold_gain":0.0,"event_name":"Big Fish","player_choice":"Donut","floor":10.0,"gold_loss":0.0,"damage_taken":0.0},{"damage_healed":0,"gold_gain":0,"player_choice":"Gave Idol","damage_taken":0,"relics_obtained":["Bloody Idol"],"max_hp_gain":0,"max_hp_loss":0,"event_name":"Forgotten Altar","floor":30,"relics_lost":["Golden Idol"],"gold_loss":0},{"damage_healed":0,"gold_gain":0,"player_choice":"Ignored","damage_taken":0,"max_hp_gain":0,"max_hp_loss":0,"event_name":"SecretPortal","floor":36,"gold_loss":0},{"damage_healed":18,"gold_gain":0,"player_choice":"Writhe","damage_taken":0,"max_hp_gain":0,"max_hp_loss":0,"event_name":"Winding Halls","floor":39,"gold_loss":0,"cards_obtained":["Writhe"]},{"cards_removed":["Defend_B"],"damage_healed":0,"gold_gain":0,"player_choice":"Purged","damage_taken":0,"max_hp_gain":0,"max_hp_loss":0,"event_name":"Purifier","floor":44,"gold_loss":0}],"is_beta":false,"boss_relics":[{"not_picked":["Runic Dome","Inserter"],"picked":"Calling Bell"},{"not_picked":["Empty Cage","Snecko Eye"],"picked":"Black Star"}],"items_purged_floors":[19,37],"is_endless":false,"potions_floor_spawned":[1,7,12,16,20,21,28,33,38,41,46,48],"ascension_level":14}}