{"host":"dbzukadmkvvxpu74","time":1608542629,"event":{"mods":["2.2 Compatiblity","AchievementEnabler","BaseMod","Better Altar","Better Match","Colored Powertips","Googly Eyes","Highlight Path","Minty Spire (QoL Compilation)","StSLib","The Bladedancer"],"gold_per_floor":[109,125,143,157,174,203,215,215,263,263,276,276,241,261,261,358,358,378,378,394,394,406,406,416,427,427,442,442,474,491,504,504,504,504],"floor_reached":33,"playtime":4198,"items_purged":[],"score":327,"play_id":"3a1637b6-ed5d-4c0b-9f36-c2df61b84764","local_time":"20201221022349","is_ascension_mode":false,"campfire_choices":[{"floor":10,"key":"REST"},{"floor":12,"key":"RECALL"},{"data":"blademaster:Sharpen","floor":15,"key":"SMITH"},{"floor":23,"key":"REST"},{"floor":28,"key":"REST"},{"floor":32,"key":"REST"}],"circlet_count":0,"master_deck":["blademaster:Strike","blademaster:Strike","blademaster:Strike","blademaster:Strike","blademaster:Defend","blademaster:Defend","blademaster:Defend","blademaster:RagingBlow","blademaster:HighVoltage","blademaster:Safeguard","blademaster:Flurry","blademaster:Thrust","blademaster:WindSlash","blademaster:ThunderingOpener","blademaster:Sharpen+1","blademaster:CombatPrep","blademaster:Stability","blademaster:AwakeningDefend","blademaster:StanceMastery","blademaster:Havoc","RitualDagger","blademaster:DaggerAndCloak","blademaster:Cut","blademaster:Breeze","blademaster:Cut","blademaster:Bloodbath","blademaster:AspectOfWind","blademaster:SharpBlades"],"relics":["blademaster:DancersAmulet","Ancient Tea Set","Lantern","Black Star","Mercury Hourglass","Vajra","Kunai"],"acts_visited":["TheCity"],"potions_floor_usage":[20,24,24,33,33],"damage_taken":[{"damage":0,"enemies":"Cultist","floor":1,"turns":4},{"damage":0,"enemies":"2 Louse","floor":2,"turns":3},{"damage":0,"enemies":"Jaw Worm","floor":3,"turns":3},{"damage":5,"enemies":"Large Slime","floor":4,"turns":5},{"damage":5,"enemies":"Red Slaver","floor":5,"turns":4},{"damage":22,"enemies":"Lagavulin","floor":6,"turns":6},{"damage":13,"enemies":"Exordium Thugs","floor":7,"turns":4},{"damage":0,"enemies":"2 Fungi Beasts","floor":11,"turns":2},{"damage":12,"enemies":"Blue Slaver","floor":14,"turns":3},{"damage":0,"enemies":"Slime Boss","floor":16,"turns":6},{"damage":15,"enemies":"3 Byrds","floor":18,"turns":7},{"damage":25,"enemies":"2 Thieves","floor":20,"turns":3},{"damage":25,"enemies":"Chosen and Byrds","floor":22,"turns":7},{"damage":1,"enemies":"Snecko","floor":24,"turns":4},{"damage":12,"enemies":"Snake Plant","floor":25,"turns":4},{"damage":7,"enemies":"Centurion and Healer","floor":27,"turns":4},{"damage":10,"enemies":"Book of Stabbing","floor":29,"turns":4},{"damage":3,"enemies":"Cultist and Chosen","floor":30,"turns":5},{"damage":5,"enemies":"Chosen and Byrds","floor":31,"turns":3},{"damage":63,"enemies":"Automaton","floor":33,"turns":6}],"seed_played":"3923821561004602959","potions_obtained":[{"floor":3,"key":"ColorlessPotion"},{"floor":4,"key":"Weak Potion"},{"floor":6,"key":"EssenceOfSteel"},{"floor":7,"key":"Fire Potion"},{"floor":18,"key":"Dexterity Potion"},{"floor":25,"key":"LiquidBronze"},{"floor":27,"key":"DistilledChaos"}],"is_trial":false,"path_per_floor":["M","M","M","M","M","E","M","T","T","R","M","R","?","M","R","B",null,"M","?","M","?","M","R","M","M","T","M","R","E","M","M","R","B"],"character_chosen":"THE_BLADEMASTER","items_purchased":[],"campfire_rested":4,"item_purchase_floors":[],"current_hp_per_floor":[82,82,82,77,72,50,37,37,37,61,61,61,81,69,69,69,82,67,61,36,36,11,35,34,22,22,15,39,29,32,33,57,0,0],"gold":504,"neow_bonus":"TEN_PERCENT_HP_BONUS","is_daily":false,"chose_seed":false,"campfire_upgraded":1,"win_rate":0.0,"timestamp":1608542629,"path_taken":["M","M","M","M","?","E","M","?","T","R","?","R","?","M","R","BOSS","M","?","M","?","M","R","M","M","T","M","R","E","M","M","R","BOSS"],"items_purchased_type":[],"build_version":"2020-12-13","purchased_purges":0,"victory":false,"max_hp_per_floor":[82,82,82,82,82,82,82,82,82,82,82,82,82,82,82,82,82,82,82,82,82,82,82,82,82,82,82,82,82,82,82,82,82,82],"card_choices":[{"not_picked":["blademaster:CombatPrep","blademaster:LeechingStrike"],"picked":"blademaster:Safeguard","floor":1},{"not_picked":["blademaster:AirSlash","blademaster:Reversal"],"picked":"blademaster:Flurry","floor":2},{"not_picked":["blademaster:Slice","blademaster:Stormstrike"],"picked":"blademaster:Thrust","floor":3},{"not_picked":["blademaster:Sunder","blademaster:TraverseCut"],"picked":"blademaster:WindSlash","floor":4},{"not_picked":["blademaster:Quickstep","blademaster:AspectOfWind"],"picked":"blademaster:ThunderingOpener","floor":5},{"not_picked":["blademaster:AirSlash","blademaster:ThunderSlash"],"picked":"blademaster:Sharpen","floor":6},{"not_picked":["blademaster:LeechingStrike","blademaster:BrainBloom"],"picked":"blademaster:CombatPrep","floor":7},{"not_picked":["blademaster:DeadlyDance","blademaster:ParryingStrike"],"picked":"blademaster:Stability","floor":11},{"not_picked":["blademaster:Thrust","blademaster:Quickness"],"picked":"blademaster:AwakeningDefend","floor":14},{"not_picked":["blademaster:Empower","blademaster:UnrelentingWind"],"picked":"blademaster:StanceMastery","floor":16},{"not_picked":["blademaster:LeechingStrike","blademaster:Stormstrike+1"],"picked":"blademaster:Havoc","floor":18},{"not_picked":["blademaster:Quickstep+1","blademaster:ParryingStrike"],"picked":"blademaster:DaggerAndCloak","floor":20},{"not_picked":["blademaster:DancingEdge","blademaster:Sunder"],"picked":"blademaster:Cut","floor":22},{"not_picked":["blademaster:Flurry","blademaster:BladeDance","blademaster:Thrust+1"],"picked":"SKIP","floor":24},{"not_picked":["blademaster:Gust","blademaster:EyeOfTheTornado"],"picked":"blademaster:Breeze","floor":25},{"not_picked":["blademaster:Gust+1","blademaster:TraverseCut+1"],"picked":"blademaster:Cut","floor":27},{"not_picked":["blademaster:Breeze","blademaster:LightningCrash"],"picked":"blademaster:Bloodbath","floor":29},{"not_picked":["blademaster:BrainBloom","blademaster:Sunder"],"picked":"blademaster:AspectOfWind","floor":30},{"not_picked":["blademaster:Sharpen","blademaster:Thrust"],"picked":"blademaster:SharpBlades","floor":31}],"player_experience":36917,"relics_obtained":[{"floor":6,"key":"Ancient Tea Set"},{"floor":6,"key":"blademaster:FinisherDrawCardPerk"},{"floor":9,"key":"Lantern"},{"floor":26,"key":"Mercury Hourglass"},{"floor":29,"key":"Vajra"},{"floor":29,"key":"blademaster:StanceHealPerk"},{"floor":29,"key":"Kunai"}],"event_choices":[{"damage_healed":20,"gold_gain":0,"player_choice":"Healed","damage_taken":0,"max_hp_gain":0,"max_hp_loss":0,"event_name":"The Cleric","floor":13,"gold_loss":35},{"damage_healed":0,"gold_gain":0,"player_choice":"Joined the Cult","damage_taken":6,"max_hp_gain":0,"max_hp_loss":0,"event_name":"Nest","floor":19,"gold_loss":0,"cards_obtained":["RitualDagger"]},{"cards_removed":["blademaster:Defend"],"damage_healed":0,"gold_gain":0,"player_choice":"Card Removal","damage_taken":0,"max_hp_gain":0,"max_hp_loss":0,"event_name":"Wheel of Change","floor":21,"gold_loss":0}],"is_beta":false,"boss_relics":[{"not_picked":["Tiny House","SlaversCollar"],"picked":"Black Star"}],"items_purged_floors":[],"is_endless":false,"potions_floor_spawned":[3,4,6,7,16,18,25,27],"killed_by":"Automaton","ascension_level":0}}