{"host":"k2x36244ucab5lxq","time":1608574996,"event":{"mods":["2.2 Compatiblity","AchievementEnabler","Act Like it!","Aspiration","BaseMod","Beaked The Cultist","Bestiary","Better Altar","Better Match","Better Note","Better Sensory Stone","Better Skull","Better Third Choice","Better Vampires","BetterRewards","Block Reminder","CatGirl Mod","Clawfect","Clockwork Mod","Colored Map","Conspire","Curses Come First","Downfall","Energized Spire","Gensokyo","GungeonMod","Halation","Hermit","Hubris","Infinite Spire","Jedi Mod","JesterMod","Jorbs\u0027s Wanderer Trilogy","Marisa????????","Marked Mod","Mimic Mod","Minty Spire (QoL Compilation)","Pale of the Ancients","Random Character Button","Rare Cards Sparkle","Relic Sorter","Relic Stats","Replay The Spire","SCP261 Mod","Shop Mod","StSLib","The Administrix","The Alterego","The Blackbeard","The Bladedancer","The Construct","The Cursed","The Disciple","The Judge","The Necromancer","The Problem Sleuth","The Sage","The Servant 0.9.4","The Showman","Transform Curses","Unceasing Turn Reminder","Virulent Crown","egg","everything is the same but u backflip on backflip","slay the spire mod where everything is the same but ironclad has a cowboy hat","thorton"],"gold_per_floor":[99,99,99,99,134,59,59,76,23,54,71,16,29,29,44,44,44,44],"floor_reached":16,"playtime":652,"items_purged":[],"score":166,"play_id":"7c74e0ef-86e6-44d6-83c7-f184915c034a","local_time":"20201221132316","is_ascension_mode":true,"campfire_choices":[{"floor":1,"key":"RECALL"},{"data":"champ:Taunt","floor":6,"key":"SMITH"}],"circlet_count":0,"master_deck":["champ:Strike","champ:Strike","champ:Strike","champ:Strike","champ:Defend","champ:Defend","champ:Defend","champ:Defend","champ:Execute","champ:Taunt+1","champ:Encircle","champ:PerfectedStrike","champ:MurderStrike","champ:BladeFlurry","champ:DeathBlow","champ:StanceDance","champ:Aggression","champ:BerserkerStyle","champ:FanOfKnives","champ:TornadoPunch","champ:DefensiveShout","champ:Duel"],"relics":["champ:ChampionCrown","downfall:HeartsMalice","White Beast Statue","downfall:HeartBlessingRed","The Courier","DemoMod:Metronome","Dream Catcher"],"acts_visited":["Exordium"],"potions_floor_usage":[10,12,13,13,16],"damage_taken":[{"damage":0,"enemies":"Cultist","floor":2,"turns":1},{"damage":0,"enemies":"2 Louse","floor":4,"turns":1},{"damage":0,"enemies":"Gremlin Nob","floor":5,"turns":1},{"damage":21,"enemies":"Jaw Worm","floor":8,"turns":2},{"damage":10,"enemies":"downfall:FleeingMerchant","floor":9,"turns":4},{"damage":21,"enemies":"3 Sentries","floor":10,"turns":7},{"damage":14,"enemies":"Blue Slaver","floor":11,"turns":4},{"damage":25,"enemies":"downfall:FleeingMerchant","floor":12,"turns":4},{"damage":4,"enemies":"2 Fungi Beasts","floor":13,"turns":2},{"damage":25,"enemies":"Blue Slaver","floor":15,"turns":3},{"damage":15,"enemies":"downfall:Defect","floor":16,"turns":3}],"seed_played":"3795215326027993719","potions_obtained":[{"floor":5,"key":"SkillPotion"},{"floor":8,"key":"Guardian:BlockOnCardUsePotion"},{"floor":9,"key":"SCP261:BarrettColaPotion"},{"floor":10,"key":"Venom Potion"},{"floor":12,"key":"SCP261:BarrettColaPotion"},{"floor":13,"key":"champ:CounterPotion"},{"floor":15,"key":"SteroidPotion"}],"is_trial":false,"path_per_floor":["R","M","?","M","E","R","T","M","$","E","M","$","M","?","M","B"],"character_chosen":"THE_CHAMP","items_purchased":["champ:StanceDance","champ:TornadoPunch"],"campfire_rested":0,"item_purchase_floors":[9,12],"current_hp_per_floor":[90,90,55,55,55,55,55,49,49,40,28,28,26,26,14,0,0,0],"gold":44,"neow_bonus":"THREE_ENEMY_KILL","is_daily":false,"chose_seed":false,"campfire_upgraded":1,"win_rate":0.0,"timestamp":1608574996,"path_taken":["R","M","?","?","E","R","T","M","$","E","M","?","M","?","M","BOSS"],"items_purchased_type":["Card","Card"],"build_version":"2020-12-13","purchased_purges":0,"victory":false,"max_hp_per_floor":[90,90,90,90,90,90,90,90,90,90,90,90,90,90,90,90,90,90],"relic_stats":{"Dream Catcher":0,"counters":[11,29],"obtain_stats":[{"Dream Catcher":14,"downfall:HeartBlessingRed":6,"DemoMod:Metronome":10,"champ:ChampionCrown":0,"downfall:HeartsMalice":0,"DemoMod:GlassGuonStoneRelic":5,"The Courier":7,"White Beast Statue":5},{"Dream Catcher":9,"downfall:HeartBlessingRed":3,"DemoMod:Metronome":6,"champ:ChampionCrown":0,"downfall:HeartsMalice":0,"DemoMod:GlassGuonStoneRelic":3,"The Courier":3,"White Beast Statue":3},{"Dream Catcher":23,"downfall:HeartBlessingRed":0,"DemoMod:Metronome":13,"champ:ChampionCrown":0,"downfall:HeartsMalice":0,"DemoMod:GlassGuonStoneRelic":0,"The Courier":0,"White Beast Statue":0}]},"card_choices":[{"not_picked":["champ:Backstep","champ:ShieldSigil"],"picked":"champ:Encircle","floor":2},{"not_picked":["champ:Haymaker","champ:ShieldSigil"],"picked":"champ:PerfectedStrike","floor":4},{"not_picked":["champ:DefensiveShout","champ:Haymaker"],"picked":"champ:MurderStrike","floor":5},{"not_picked":["champ:RageSigil","champ:PreciseThrust"],"picked":"champ:BladeFlurry","floor":8},{"not_picked":["champ:GutPunch","champ:BringItOn"],"picked":"champ:DeathBlow","floor":9},{"not_picked":["champ:DeathBlow","champ:SwordSigil"],"picked":"champ:Aggression","floor":10},{"not_picked":["champ:Encircle","champ:SwordSigil"],"picked":"champ:BerserkerStyle","floor":11},{"not_picked":["champ:ShieldSigil","champ:DefensiveShout"],"picked":"champ:FanOfKnives","floor":12},{"not_picked":["champ:BringItOn","champ:Encircle"],"picked":"champ:DefensiveShout","floor":13},{"not_picked":["champ:GladiatorStyle","champ:Backstep"],"picked":"champ:Duel","floor":15}],"player_experience":558016,"relics_obtained":[{"floor":5,"key":"White Beast Statue"},{"floor":7,"key":"The Courier"},{"floor":10,"key":"DemoMod:Metronome"}],"event_choices":[],"is_beta":false,"boss_relics":[],"items_purged_floors":[],"is_endless":false,"potions_floor_spawned":[5,8,9,10,11,12,13,15],"killed_by":"downfall:Defect","ascension_level":5}}