{"host":"zt56gx41altgtukx","time":1608558868,"event":{"mods":["Act Like it!","Aspiration","BaseMod","Better Altar","Better Match","Better Note","Better Sensory Stone","Better Skull","Better Third Choice","BetterRewards","Conspire","Downfall","GifTheSpireLib","Halation","Hallownest","Highlight Path","Hubris","Mimic Mod","Minty Spire (QoL Compilation)","Replay The Spire","Shade Mod","StSLib","Stuff the Spire","The Cursed","Unceasing Turn Reminder","everything is the same but u backflip on backflip"],"gold_per_floor":[99,133,133,241,241,256,291,316,316,348,363,363,382,482,497,595,595,520,520,547,566,581,506,538,555,590,590,610,610,727,745,763,863,913,913,943,959,970,305,320,320,320,334,349,364,380,17,17,33,33],"floor_reached":51,"playtime":7389,"items_purged":[],"score":893,"play_id":"bdf96c5b-171f-49bc-85b5-10cf19d29daf","local_time":"20201221075428","is_ascension_mode":false,"campfire_choices":[{"data":"champ:Taunt","floor":1.0,"key":"SMITH"},{"data":"champ:ShieldThrow","floor":9.0,"key":"SMITH"},{"floor":18.0,"key":"RECALL"},{"floor":23.0,"key":"REST"},{"floor":27.0,"key":"REST"},{"data":"champ:LastStand","floor":35,"key":"SMITH"},{"floor":42,"key":"REST"}],"circlet_count":0,"master_deck":["champ:Strike","champ:Strike","champ:Defend","champ:Defend","champ:Defend","champ:Execute","champ:Taunt+1","champ:BringItOn","champ:BringItOn","champ:StanceDance","champ:ShieldThrow+1","champ:BerserkersShout","champ:DefensiveShout","champ:BerserkersShout","champ:AdrenalArmor","champ:EnGarde","champ:TornadoPunch","champ:ShieldThrow","champ:FocusedBerserking+1","champ:FocusedGladiator+1","champ:ViciousMockery+1","champ:IronFortress+1","champ:DefensiveShout","champ:GladiatorsShout","champ:Circumvent","champ:BringItOn","champ:GladiatorStyle+1","champ:RapidStrikes","champ:StanceDance","champ:Circumvent","champ:LastStand+1","champ:BerserkerStyle","champ:AdrenalArmor","champ:CheapShot","champ:BerserkersShout","champ:ShieldWall+1","champ:RapidStrikes","champ:GladiatorStyle","champ:Devastate","champ:SkillfulDodge","expansioncontent:Corrupt","champ:StanceDance+1","champ:RecklessLeap+1","champ:FocusedGladiator","champ:CrownThrow","champ:BerserkerStyle+1","champ:BerserkersShout","champ:Riposte+1","champ:FocusedDefense","champ:StrikeOfGenius","expansioncontent:LastStand","champ:FanOfKnives","expansioncontent:DefensiveMode","champ:DefensiveShout+1"],"relics":["champ:ChampionCrown","downfall:HeartsMalice","Replay:Bottled Snecko","Simple Rune","Mango","Replay:Mystery Machine","hubris:Icosahedron","Replay:Grab Bag","Painkiller Herb","StuffTheSpire:RunicConfusion","Astrolabe","downfall:HeartBlessingGreen","Replay:Baseball","downfall:HeartBlessingRed","Replay:Ringing Soul","conspire:DecoderRing","Nloth\u0027s Gift","Tiny House","Oddly Smooth Stone","Dream Catcher","Letter Opener"],"acts_visited":["Exordium","TheCity","TheBeyond"],"potions_floor_usage":[36,36,36,49,49],"damage_taken":[{"damage":0.0,"enemies":"Replay:BlueRogue","floor":2.0,"turns":1.0},{"damage":0.0,"enemies":"2 Louse","floor":3.0,"turns":1.0},{"damage":0.0,"enemies":"Cultist","floor":5.0,"turns":1.0},{"damage":1.0,"enemies":"Jaw Worm","floor":6.0,"turns":2.0},{"damage":19.0,"enemies":"2 Fungi Beasts","floor":7.0,"turns":5.0},{"damage":23.0,"enemies":"3 Sentries","floor":8.0,"turns":9.0},{"damage":0.0,"enemies":"Gremlin Nob","floor":10.0,"turns":3.0},{"damage":12.0,"enemies":"2 Fungi Beasts","floor":11.0,"turns":3.0},{"damage":18.0,"enemies":"Gremlin Gang","floor":13.0,"turns":4.0},{"damage":8.0,"enemies":"Red Slaver","floor":15.0,"turns":2.0},{"damage":37.0,"enemies":"downfall:Ironclad","floor":16.0,"turns":9.0},{"damage":28.0,"enemies":"conspire:Head Lice","floor":20.0,"turns":4.0},{"damage":23.0,"enemies":"Chosen","floor":21.0,"turns":6.0},{"damage":38.0,"enemies":"conspire:FuzzyDice","floor":22.0,"turns":6.0},{"damage":13.0,"enemies":"Centurion and Healer","floor":24.0,"turns":4.0},{"damage":4.0,"enemies":"Centurion and Healer","floor":25.0,"turns":5.0},{"damage":32.0,"enemies":"Book of Stabbing","floor":26.0,"turns":6.0},{"damage":0.0,"enemies":"Snake Plant","floor":28.0,"turns":1.0},{"damage":22.0,"enemies":"Sentry and Sphere","floor":30.0,"turns":7.0},{"damage":24.0,"enemies":"Centurion and Healer","floor":31.0,"turns":5.0},{"damage":8.0,"enemies":"Snecko","floor":32.0,"turns":3.0},{"damage":16.0,"enemies":"downfall:Silent","floor":33.0,"turns":8.0},{"damage":47,"enemies":"Reptomancer","floor":36,"turns":11},{"damage":5,"enemies":"Orb Walker","floor":37,"turns":3},{"damage":40,"enemies":"3 Darklings","floor":38,"turns":6},{"damage":25,"enemies":"downfall:FleeingMerchant","floor":39,"turns":4},{"damage":82,"enemies":"Transient","floor":40,"turns":5},{"damage":45,"enemies":"Jaw Worm Horde","floor":43,"turns":6},{"damage":10,"enemies":"3 Darklings","floor":44,"turns":5},{"damage":12,"enemies":"Spire Growth","floor":45,"turns":4},{"damage":59,"enemies":"Writhing Mass","floor":46,"turns":6},{"damage":38,"enemies":"downfall:FleeingMerchant","floor":47,"turns":4},{"damage":65,"enemies":"Transient","floor":49,"turns":5},{"damage":76,"enemies":"downfall:Watcher","floor":50,"turns":8}],"seed_played":"7458149307358275952","potions_obtained":[{"floor":6.0,"key":"champ:CounterPotion"},{"floor":8.0,"key":"Dexterity Potion"},{"floor":10.0,"key":"BlessingOfTheForge"},{"floor":11.0,"key":"hexamod:EctoCoolerPotion"},{"floor":15.0,"key":"Adrenaline Potion"},{"floor":30.0,"key":"EntropicBrew"},{"floor":32.0,"key":"PowerPotion"},{"floor":34,"key":"champ:CounterPotion"},{"floor":45,"key":"Slimebound:ThreeZeroPotion"}],"is_trial":false,"path_per_floor":["R","E","M","?","M","M","MIM","E","R","E","M","?","M","?","M","B",null,"T","?","E","?","?","T","MIM","?","E","T","?","?","?","?","?","B",null,"T","E","?","?","T","?","T","T","?","?","?","?","T","?","?","B",null],"character_chosen":"THE_CHAMP","items_purchased":["champ:RapidStrikes","champ:GladiatorStyle","champ:Devastate","champ:SkillfulDodge","expansioncontent:Corrupt","Dream Catcher","champ:FocusedDefense","champ:StrikeOfGenius","expansioncontent:LastStand","champ:FanOfKnives"],"campfire_rested":3,"item_purchase_floors":[39,39,39,39,39,39,47,47,47,47],"current_hp_per_floor":[90,90,90,79,79,78,67,64,64,64,64,64,64,64,56,98,104,104,89,74,62,39,70,70,66,40,73,76,76,69,60,60,62,133,133,107,110,90,97,21,21,68,64,62,160,148,151,154,121,81],"gold":33,"neow_bonus":"THREE_ENEMY_KILL","is_daily":false,"chose_seed":false,"campfire_upgraded":3,"win_rate":0.0,"timestamp":1608558868,"path_taken":["R","E","M","?","M","M","MIM","E","R","E","M","?","M","?","M","BOSS","T","?","E","?","?","T","MIM","?","E","T","?","?","?","?","?","BOSS","T","E","?","?","T","?","T","T","?","?","?","?","T","?","?","BOSS"],"items_purchased_type":["Card","Card","Card","Card","Card","Relic","Card","Card","Card","Card"],"build_version":"2020-12-13","purchased_purges":0,"victory":true,"max_hp_per_floor":[90,90,90,90,90,90,90,104,104,104,104,104,104,104,104,104,104,104,104,104,104,104,104,107,107,110,110,113,113,116,119,122,125,133,133,136,139,142,145,148,148,151,154,157,160,163,166,169,172,172],"card_choices":[{"not_picked":["champ:FaceSlap","champ:ShieldThrow"],"picked":"champ:BringItOn","floor":2.0},{"not_picked":["champ:BladeFlurry","champ:ArenaPreparation"],"picked":"champ:BringItOn","floor":3.0},{"not_picked":["champ:PerfectedStrike","champ:BringItOn"],"picked":"champ:StanceDance","floor":5.0},{"not_picked":["champ:DefensiveStyle","champ:IronFortress"],"picked":"champ:ShieldThrow","floor":6.0},{"not_picked":["champ:GladiatorsShout","champ:Haymaker"],"picked":"champ:BerserkersShout","floor":7.0},{"not_picked":["champ:StanceDance","champ:PerfectedStrike"],"picked":"champ:DefensiveShout","floor":8.0},{"not_picked":["champ:FightOn","champ:Lariat"],"picked":"champ:BerserkersShout","floor":10.0},{"not_picked":["champ:BringItOn","champ:EndlessRage"],"picked":"champ:AdrenalArmor","floor":11.0},{"not_picked":["champ:AdrenalArmor","champ:StanceDance"],"picked":"champ:EnGarde","floor":13.0},{"not_picked":["champ:ArenaPreparation","champ:FanOfKnives"],"picked":"champ:TornadoPunch","floor":15.0},{"not_picked":["champ:SwordThrow","champ:CrownThrow"],"picked":"champ:ShieldThrow","floor":16.0},{"not_picked":["champ:FightOn","champ:Encircle"],"picked":"champ:IronFortress+1","floor":20.0},{"not_picked":["champ:PreciseThrust+1","champ:RisingSlash"],"picked":"champ:DefensiveShout","floor":21.0},{"not_picked":["champ:FlashCut+1","champ:ViciousMockery"],"picked":"champ:GladiatorsShout","floor":22.0},{"not_picked":["champ:ArenaPreparation","champ:Haymaker"],"picked":"champ:Circumvent","floor":24.0},{"not_picked":["champ:Circumvent","champ:Lariat+1","champ:RisingSlash+1"],"picked":"SKIP","floor":25.0},{"not_picked":["champ:GladiatorStyle","champ:RisingSlash"],"picked":"champ:BringItOn","floor":26.0},{"not_picked":["champ:PreciseThrust","champ:PerfectedStrike+1"],"picked":"champ:GladiatorStyle+1","floor":28.0},{"not_picked":["champ:HeavySlash","champ:FlashCut"],"picked":"champ:RapidStrikes","floor":30.0},{"not_picked":["champ:GladiatorStyle","champ:Encircle"],"picked":"champ:StanceDance","floor":31.0},{"not_picked":["champ:RecklessLeap","champ:FaceSlap"],"picked":"champ:Circumvent","floor":32.0},{"not_picked":["champ:SteelEdge","champ:Devastate"],"picked":"champ:LastStand","floor":33.0},{"not_picked":["champ:BladeFlurry","champ:CrookedStrike"],"picked":"champ:BerserkerStyle","floor":34},{"not_picked":["champ:BerserkerStyle","champ:Lariat"],"picked":"champ:AdrenalArmor","floor":36},{"not_picked":["champ:SkillfulDodge+1","champ:CrookedStrike+1"],"picked":"champ:CheapShot","floor":37},{"not_picked":["champ:CrookedStrike+1","champ:BerserkersShout","champ:FightOn"],"picked":"SKIP","floor":38},{"not_picked":["champ:CrookedStrike+1","champ:FightOn"],"picked":"champ:BerserkersShout","floor":38},{"not_picked":["champ:FlashCut","champ:PerfectedStrike+1"],"picked":"champ:ShieldWall+1","floor":39},{"not_picked":["champ:BerserkerStyle","champ:Backstep"],"picked":"champ:StanceDance+1","floor":40},{"not_picked":["champ:Haymaker+1","champ:StanceDance"],"picked":"champ:RecklessLeap+1","floor":42},{"not_picked":["champ:Riposte+1","champ:GutPunch+1"],"picked":"champ:FocusedGladiator","floor":43},{"not_picked":["champ:CalledShot+1","champ:Encircle"],"picked":"champ:CrownThrow","floor":44},{"not_picked":["champ:FanOfKnives","champ:GutPunch+1"],"picked":"champ:BerserkerStyle+1","floor":45},{"not_picked":["champ:FightOn","champ:FanOfKnives"],"picked":"champ:BerserkersShout","floor":46},{"not_picked":["champ:Haymaker","champ:CrookedStrike+1"],"picked":"champ:Riposte+1","floor":47},{"not_picked":["expansioncontent:SuperHexaguard","Replay:SS_fish_2"],"picked":"expansioncontent:DefensiveMode","floor":48},{"not_picked":["champ:SkillfulDodge+1","champ:HoldFirm"],"picked":"champ:DefensiveShout+1","floor":49}],"player_experience":41255,"relics_obtained":[{"floor":2.0,"key":"Replay:Bottled Snecko"},{"floor":7.0,"key":"Simple Rune"},{"floor":8.0,"key":"Mango"},{"floor":10.0,"key":"Replay:Mystery Machine"},{"floor":20.0,"key":"Replay:Baseball"},{"floor":24.0,"key":"Replay:Ringing Soul"},{"floor":26.0,"key":"conspire:DecoderRing"},{"floor":36,"key":"Oddly Smooth Stone"},{"floor":41,"key":"Letter Opener"}],"event_choices":[{"damage_healed":0.0,"max_hp_gain":0.0,"max_hp_loss":0.0,"gold_gain":108.0,"event_name":"betterSkull:BetterSkull","player_choice":"GO ","floor":4.0,"gold_loss":0.0,"damage_taken":12.0,"cards_upgraded":[],"relics_obtained":[]}],"is_beta":false,"boss_relics":[{"not_picked":["halation:Yufonium","Runic Pyramid"],"picked":"Replay:Grab Bag"},{"not_picked":["hubris:RunicObelisk","conspire:SlowCooker"],"picked":"Painkiller Herb"},{"not_picked":["Runic Dome","ReplayTheSpireMod:DimensionalGlitch"],"picked":"StuffTheSpire:RunicConfusion"},{"not_picked":["Snecko Eye","Replay:Drink Me"],"picked":"Astrolabe"},{"not_picked":["Kintsugi","halation:LoveArrow"],"picked":"hubris:Stopwatch"},{"not_picked":["hubris:TerracottaHorce","hubris:VirtuousBlindfold"],"picked":"Tiny House"}],"items_purged_floors":[],"is_endless":false,"potions_floor_spawned":[6,8,10,11,15,16,20,26,28,30,32,43,44,45],"ascension_level":0}}