{"host":"1x0iiauhsd6tfigj","time":1608513269,"event":{"mods":["AchievementEnabler","BaseMod","Block Reminder","DeckTracker","Googly Eyes","Minty Spire (QoL Compilation)","Permanent Neow","Quick Restart","Relic Sorter","Relic Stats","Slay-I","StSLib"],"gold_per_floor":[144,189,189,16,61,151,246,303,315,327,434,34,79,124,124,424,424,469,82,127,172,217,217,307,352,377,427,472,522,244,289,289,589,589,589,39,89,18,93,183,228,428,428,553,603,603,648,698,698,698],"floor_reached":51,"playtime":2745,"items_purged":["Brutality","Corruption","Fiend Fire"],"score":951,"play_id":"f39ff16b-85e6-4602-a683-c8c7ade198c8","local_time":"20201220181429","daily_mods":["Shiny","Vintage","Midas"],"is_ascension_mode":false,"campfire_choices":[{"floor":10,"key":"REST"},{"floor":15,"key":"REST"},{"floor":23,"key":"REST"},{"floor":32,"key":"REST"},{"floor":46,"key":"REST"},{"floor":49,"key":"REST"}],"circlet_count":0,"master_deck":["Demon Form","Bludgeon","Feed","Limit Break+1","Barricade","Berserk","Impervious","Juggernaut","Reaper","Exhume+1","Offering","Immolate","Armaments","Armaments","Twin Strike","Panache","Dark Shackles","CurseOfTheBell","Shrug It Off","Pummel","Rage+1","Impervious+1","Inflame+1","Heavy Blade","Bloodletting+1","Iron Wave+1","True Grit+1","Iron Wave+1"],"relics":["Burning Blood","Bottled Flame","Pen Nib","SsserpentHead","Tiny Chest","Singing Bowl","MawBank","StoneCalendar","Anchor","Bag of Preparation","Torii","PreservedInsect","Calling Bell","Bronze Scales","Ornamental Fan","Charon\u0027s Ashes","Juzu Bracelet","Happy Flower","MealTicket","Paper Frog","Frozen Egg 2","Toxic Egg 2","Art of War","Strawberry","Mummified Hand","Mercury Hourglass","Meat on the Bone","Lee\u0027s Waffle","Regal Pillow","Philosopher\u0027s Stone","Brimstone","Orichalcum","Bottled Lightning","Centennial Puzzle","Prayer Wheel","White Beast Statue","Gremlin Horn","War Paint"],"acts_visited":["Exordium","TheCity","TheBeyond"],"potions_floor_usage":[5,5,5,11,16,16,20,24,24,33,33,35,50],"damage_taken":[{"damage":6,"enemies":"Jaw Worm","floor":1,"turns":3},{"damage":6,"enemies":"Cultist","floor":2,"turns":4},{"damage":17,"enemies":"Small Slimes","floor":5,"turns":3},{"damage":28,"enemies":"3 Sentries","floor":6,"turns":7},{"damage":21,"enemies":"Exordium Thugs","floor":7,"turns":4},{"damage":20,"enemies":"Looter","floor":8,"turns":4},{"damage":5,"enemies":"2 Fungi Beasts","floor":11,"turns":5},{"damage":0,"enemies":"3 Louse","floor":13,"turns":2},{"damage":1,"enemies":"Red Slaver","floor":14,"turns":2},{"damage":0,"enemies":"Slime Boss","floor":16,"turns":3},{"damage":6,"enemies":"Shell Parasite","floor":18,"turns":4},{"damage":6,"enemies":"Spheric Guardian","floor":20,"turns":1},{"damage":6,"enemies":"Snake Plant","floor":21,"turns":1},{"damage":13,"enemies":"Centurion and Healer","floor":22,"turns":3},{"damage":0,"enemies":"Book of Stabbing","floor":24,"turns":3},{"damage":15,"enemies":"3 Cultists","floor":25,"turns":4},{"damage":12,"enemies":"Sentry and Sphere","floor":28,"turns":3},{"damage":17,"enemies":"Shelled Parasite and Fungi","floor":31,"turns":4},{"damage":12,"enemies":"Champ","floor":33,"turns":8},{"damage":0,"enemies":"3 Darklings","floor":35,"turns":1},{"damage":15,"enemies":"Giant Head","floor":40,"turns":4},{"damage":23,"enemies":"Orb Walker","floor":41,"turns":3},{"damage":9,"enemies":"Mind Bloom Boss Battle","floor":42,"turns":3},{"damage":15,"enemies":"Spire Growth","floor":47,"turns":4},{"damage":34,"enemies":"Time Eater","floor":50,"turns":7}],"seed_played":"7329645460642280970","potions_obtained":[{"floor":1,"key":"Energy Potion"},{"floor":2,"key":"FearPotion"},{"floor":8,"key":"EssenceOfSteel"},{"floor":11,"key":"SneckoOil"},{"floor":16,"key":"Strength Potion"},{"floor":24,"key":"SmokeBomb"},{"floor":25,"key":"Dexterity Potion"}],"is_trial":false,"path_per_floor":["M","M","?","$","M","E","M","M","T","R","M","$","M","M","R","B",null,"M","$","M","M","M","R","E","M","T","?","M","T","$","M","R","B",null,"M","$","?","$","T","E","M","?","T","T","?","R","M","?","R","B",null],"character_chosen":"IRONCLAD","items_purchased":["Armaments","SkillPotion","Twin Strike","Panache","Dark Shackles","FearPotion","LiquidMemories","Shrug It Off","Happy Flower","Pummel","AttackPotion","Lee\u0027s Waffle","Rage+1","Fire Potion","Inflame+1","Brimstone","BloodPotion","BloodPotion","Dexterity Potion","Heavy Blade","Bloodletting+1"],"campfire_rested":6,"item_purchase_floors":[4,4,12,12,12,12,12,19,19,19,19,30,30,30,36,36,36,36,36,36,38],"current_hp_per_floor":[80,80,80,80,80,69,62,53,53,77,80,80,80,80,80,85,85,85,85,85,85,81,88,90,81,88,88,88,88,104,93,104,104,104,104,104,104,104,104,100,93,90,90,90,90,106,97,97,106,85],"gold":698,"neow_bonus":"","is_daily":true,"chose_seed":false,"campfire_upgraded":0,"win_rate":0.0,"timestamp":1608513269,"path_taken":["M","M","?","$","M","E","?","M","T","R","?","$","M","M","R","BOSS","M","$","M","M","M","R","E","M","T","?","M","?","$","M","R","BOSS","M","$","?","$","?","E","M","?","T","?","?","R","M","?","R","BOSS"],"items_purchased_type":["Card","Potion","Card","Card","Card","Potion","Potion","Card","Relic","Card","Potion","Relic","Card","Potion","Card","Relic","Potion","Potion","Potion","Card","Card"],"build_version":"2020-12-13","purchased_purges":3,"victory":true,"max_hp_per_floor":[80,80,80,80,80,80,80,80,80,80,80,80,80,80,80,85,85,85,85,85,85,88,88,90,90,97,97,97,97,104,104,104,104,104,104,104,104,104,104,106,106,106,106,106,106,106,106,106,106,106],"relic_stats":{"Regal Pillow":0,"Singing Bowl":6,"Torii":12,"Gremlin Horn":[0,0],"StoneCalendar":[54],"Bag of Preparation":[36],"Juzu Bracelet":1,"Burning Blood":103,"SsserpentHead":500,"Centennial Puzzle":[9],"Mummified Hand":[51],"Tiny Chest":2,"MealTicket":9,"Prayer Wheel":0,"Lee\u0027s Waffle":7,"Happy Flower":[16],"counters":[25,90],"Pen Nib":[10],"PreservedInsect":166,"Charon\u0027s Ashes":[239],"Orichalcum":[12],"War Paint":["Limit Break","Exhume"],"MawBank":60,"Mercury Hourglass":[81],"Ornamental Fan":[36],"Bronze Scales":[140],"Art of War":[4],"obtain_stats":[{"Regal Pillow":31,"Singing Bowl":6,"Torii":13,"Gremlin Horn":44,"StoneCalendar":8,"Bag of Preparation":11,"Juzu Bracelet":18,"Burning Blood":0,"SsserpentHead":3,"Centennial Puzzle":41,"Mummified Hand":27,"Strawberry":26,"Tiny Chest":5,"MealTicket":20,"Philosopher\u0027s Stone":34,"Prayer Wheel":42,"Toxic Egg 2":24,"Paper Frog":21,"Lee\u0027s Waffle":30,"Happy Flower":19,"Pen Nib":2,"PreservedInsect":14,"Charon\u0027s Ashes":17,"Frozen Egg 2":22,"Orichalcum":39,"War Paint":47,"MawBank":7,"White Beast Statue":43,"Mercury Hourglass":28,"Calling Bell":17,"Bottled Flame":1,"Anchor":9,"Ornamental Fan":17,"Brimstone":36,"Bronze Scales":17,"Art of War":25,"Bottled Lightning":40,"Meat on the Bone":29},{"Regal Pillow":18,"Singing Bowl":4,"Torii":8,"Gremlin Horn":23,"StoneCalendar":6,"Bag of Preparation":7,"Juzu Bracelet":11,"Burning Blood":0,"SsserpentHead":2,"Centennial Puzzle":22,"Mummified Hand":16,"Strawberry":16,"Tiny Chest":3,"MealTicket":12,"Philosopher\u0027s Stone":19,"Prayer Wheel":23,"Toxic Egg 2":15,"Paper Frog":13,"Lee\u0027s Waffle":17,"Happy Flower":11,"Pen Nib":2,"PreservedInsect":9,"Charon\u0027s Ashes":10,"Frozen Egg 2":14,"Orichalcum":20,"War Paint":24,"MawBank":5,"White Beast Statue":23,"Mercury Hourglass":17,"Calling Bell":10,"Bottled Flame":1,"Anchor":6,"Ornamental Fan":10,"Brimstone":20,"Bronze Scales":10,"Art of War":16,"Bottled Lightning":21,"Meat on the Bone":17},{"Regal Pillow":60,"Singing Bowl":17,"Torii":32,"Gremlin Horn":79,"StoneCalendar":25,"Bag of Preparation":30,"Juzu Bracelet":41,"Burning Blood":0,"SsserpentHead":7,"Centennial Puzzle":76,"Mummified Hand":53,"Strawberry":53,"Tiny Chest":10,"MealTicket":42,"Philosopher\u0027s Stone":68,"Prayer Wheel":79,"Toxic Egg 2":49,"Paper Frog":43,"Lee\u0027s Waffle":56,"Happy Flower":41,"Pen Nib":7,"PreservedInsect":34,"Charon\u0027s Ashes":37,"Frozen Egg 2":46,"Orichalcum":69,"War Paint":83,"MawBank":21,"White Beast Statue":79,"Mercury Hourglass":56,"Calling Bell":37,"Bottled Flame":3,"Anchor":25,"Ornamental Fan":37,"Brimstone":69,"Bronze Scales":37,"Art of War":53,"Bottled Lightning":73,"Meat on the Bone":56}],"Meat on the Bone":0},"card_choices":[{"not_picked":["Impervious","Body Slam"],"picked":"Armaments","floor":6},{"not_picked":["Bludgeon","Demon Form","Offering"],"picked":"Singing Bowl","floor":16},{"not_picked":["Body Slam+1","Reckless Charge","Thunderclap+1"],"picked":"Singing Bowl","floor":24},{"not_picked":["Corruption+1","Juggernaut+1"],"picked":"Impervious+1","floor":33},{"not_picked":["Cleave+1","Battle Trance+1","Fire Breathing+1"],"picked":"Singing Bowl","floor":40},{"not_picked":["Whirlwind+1","Cleave"],"picked":"Iron Wave+1","floor":42}],"player_experience":1543391,"relics_obtained":[{"floor":1,"key":"Bottled Flame"},{"floor":2,"key":"Pen Nib"},{"floor":5,"key":"Tiny Chest"},{"floor":6,"key":"Singing Bowl"},{"floor":7,"key":"MawBank"},{"floor":8,"key":"StoneCalendar"},{"floor":9,"key":"Anchor"},{"floor":11,"key":"Bag of Preparation"},{"floor":13,"key":"Torii"},{"floor":14,"key":"PreservedInsect"},{"floor":17,"key":"Bronze Scales"},{"floor":17,"key":"Ornamental Fan"},{"floor":17,"key":"Charon\u0027s Ashes"},{"floor":18,"key":"Juzu Bracelet"},{"floor":20,"key":"MealTicket"},{"floor":21,"key":"Paper Frog"},{"floor":22,"key":"Frozen Egg 2"},{"floor":24,"key":"Toxic Egg 2"},{"floor":25,"key":"Art of War"},{"floor":26,"key":"Strawberry"},{"floor":27,"key":"Mummified Hand"},{"floor":28,"key":"Mercury Hourglass"},{"floor":29,"key":"Meat on the Bone"},{"floor":31,"key":"Regal Pillow"},{"floor":39,"key":"Orichalcum"},{"floor":40,"key":"Bottled Lightning"},{"floor":41,"key":"Centennial Puzzle"},{"floor":42,"key":"Prayer Wheel"},{"floor":43,"key":"White Beast Statue"},{"floor":44,"key":"Gremlin Horn"},{"floor":47,"key":"War Paint"}],"event_choices":[{"damage_healed":0,"gold_gain":0,"player_choice":"Trade","damage_taken":0,"relics_obtained":["SsserpentHead"],"max_hp_gain":0,"max_hp_loss":0,"event_name":"FaceTrader","floor":3,"gold_loss":0},{"damage_healed":0,"gold_gain":0,"player_choice":"Relic","damage_taken":0,"max_hp_gain":0,"max_hp_loss":0,"event_name":"Wheel of Change","floor":27,"gold_loss":0},{"damage_healed":0,"gold_gain":0,"player_choice":"0 cards matched","damage_taken":0,"max_hp_gain":0,"max_hp_loss":0,"event_name":"Match and Keep!","floor":37,"gold_loss":0,"cards_obtained":[]},{"damage_healed":0,"gold_gain":0,"player_choice":"Fight","damage_taken":0,"max_hp_gain":0,"max_hp_loss":0,"event_name":"MindBloom","floor":42,"gold_loss":0},{"damage_healed":0,"gold_gain":0,"cards_transformed":["Double Tap"],"player_choice":"Transformed","damage_taken":0,"max_hp_gain":0,"max_hp_loss":0,"event_name":"Transmorgrifier","floor":45,"gold_loss":0,"cards_obtained":["True Grit"]},{"damage_healed":0,"gold_gain":0,"player_choice":"Copied","damage_taken":0,"max_hp_gain":0,"max_hp_loss":0,"event_name":"Duplicator","floor":48,"gold_loss":0,"cards_obtained":["Iron Wave"]}],"is_beta":false,"boss_relics":[{"not_picked":["Runic Dome","Black Star"],"picked":"Calling Bell"},{"not_picked":["Astrolabe","Runic Pyramid"],"picked":"Philosopher\u0027s Stone"}],"items_purged_floors":[4,19,36],"is_endless":false,"potions_floor_spawned":[1,2,8,11,16,24,25,40,42,47],"ascension_level":0}}