{"host":"Kdaddybrian","time":1608591790,"event":{"mods":["AchievementEnabler","BaseMod","Bestiary","Colored Powertips","Minty Spire (QoL Compilation)","Potion Indicator Mod","Quick Restart","Rare Cards Sparkle","Relic Stats","StSLib","Uncapped"],"gold_per_floor":[114,131,206,225,400,400,414,444,444,469,479,492,492,507,507,507,507],"floor_reached":16,"playtime":637,"items_purged":[],"score":171,"play_id":"875257be-3fe1-488b-b521-f819d6b55783","local_time":"20201221180310","is_ascension_mode":true,"campfire_choices":[{"data":"Perfected Strike","floor":6.0,"key":"SMITH"},{"floor":13,"key":"REST"},{"data":"Armaments","floor":15,"key":"SMITH"}],"circlet_count":0,"master_deck":["AscendersBane","Strike_R","Strike_R","Strike_R","Strike_R","Strike_R","Defend_R","Defend_R","Defend_R","Defend_R","Bash","Perfected Strike+1","Twin Strike","Armaments+1","Doubt","Limit Break","Sword Boomerang","Perfected Strike","Seeing Red","Shrug It Off","Combust"],"relics":["Burning Blood","Lizard Tail","Kunai","Sundial","Tiny Chest"],"acts_visited":["Exordium"],"potions_floor_usage":[8,11,16],"damage_taken":[{"damage":2.0,"enemies":"2 Louse","floor":1.0,"turns":3.0},{"damage":3.0,"enemies":"Jaw Worm","floor":2.0,"turns":4.0},{"damage":1.0,"enemies":"Cultist","floor":4.0,"turns":3.0},{"damage":7.0,"enemies":"Exordium Wildlife","floor":7.0,"turns":4.0},{"damage":25,"enemies":"3 Sentries","floor":8,"turns":5},{"damage":26,"enemies":"Gremlin Nob","floor":10,"turns":4},{"damage":19,"enemies":"3 Louse","floor":11,"turns":4},{"damage":6,"enemies":"Blue Slaver","floor":12,"turns":4},{"damage":1,"enemies":"Exordium Wildlife","floor":14,"turns":2},{"damage":94,"enemies":"Slime Boss","floor":16,"turns":9}],"seed_played":"5694759489285993042","potions_obtained":[{"floor":1.0,"key":"SteroidPotion"},{"floor":4.0,"key":"FearPotion"},{"floor":10,"key":"BloodPotion"},{"floor":12,"key":"ColorlessPotion"}],"is_trial":false,"path_per_floor":["M","M","?","M","?","R","M","E","T","E","M","M","R","M","R","B"],"character_chosen":"IRONCLAD","items_purchased":[],"campfire_rested":1,"item_purchase_floors":[],"current_hp_per_floor":[55,58,47,52,52,52,51,32,32,12,15,15,39,44,44,0,0],"gold":507,"neow_bonus":"ONE_RARE_RELIC","is_daily":false,"chose_seed":false,"campfire_upgraded":2,"win_rate":0.0,"timestamp":1608591790,"path_taken":["M","M","?","M","?","R","M","E","T","E","?","M","R","M","R","BOSS"],"items_purchased_type":[],"build_version":"2020-12-18","purchased_purges":0,"victory":false,"max_hp_per_floor":[80,80,80,80,80,80,80,80,80,80,80,80,80,80,80,80,80],"relic_stats":{"Lizard Tail":40,"counters":[10,42],"Sundial":[2],"Tiny Chest":0,"Kunai":[1],"obtain_stats":[{"Lizard Tail":0,"Sundial":9,"Tiny Chest":10,"Kunai":8,"Burning Blood":0},{"Lizard Tail":0,"Sundial":5,"Tiny Chest":6,"Kunai":5,"Burning Blood":0},{"Lizard Tail":0,"Sundial":19,"Tiny Chest":23,"Kunai":19,"Burning Blood":0}],"Burning Blood":54},"card_choices":[{"not_picked":["Fire Breathing","Battle Trance"],"picked":"Perfected Strike","floor":1.0},{"not_picked":["Iron Wave","True Grit"],"picked":"Twin Strike","floor":2.0},{"not_picked":["Heavy Blade","Perfected Strike"],"picked":"Armaments","floor":4.0},{"not_picked":["Havoc","Iron Wave"],"picked":"Limit Break","floor":7.0},{"not_picked":["Fire Breathing","Combust"],"picked":"Sword Boomerang","floor":8},{"not_picked":["Combust","Rupture"],"picked":"Perfected Strike","floor":10},{"not_picked":["Clothesline","Battle Trance"],"picked":"Seeing Red","floor":11},{"not_picked":["Armaments","Hemokinesis"],"picked":"Shrug It Off","floor":12},{"not_picked":["Sever Soul","Sword Boomerang"],"picked":"Combust","floor":14}],"player_experience":2895628,"relics_obtained":[{"floor":8,"key":"Kunai"},{"floor":9,"key":"Sundial"},{"floor":10,"key":"Tiny Chest"}],"event_choices":[{"damage_healed":0.0,"max_hp_gain":0.0,"max_hp_loss":0.0,"gold_gain":75.0,"event_name":"World of Goop","player_choice":"Gather Gold","floor":3.0,"gold_loss":0.0,"damage_taken":11.0},{"damage_healed":0.0,"max_hp_gain":0.0,"max_hp_loss":0.0,"gold_gain":175.0,"event_name":"Liars Game","player_choice":"AGREE","floor":5.0,"gold_loss":0.0,"damage_taken":0.0,"cards_obtained":["Doubt"]}],"is_beta":true,"boss_relics":[],"items_purged_floors":[],"is_endless":false,"potions_floor_spawned":[1,4,10,12],"killed_by":"Slime Boss","ascension_level":10}}