{"host":"m0ztrav81f5b7zva","time":1608584667,"event":{"mods":["BaseMod","Better Third Choice","Lobotomy","LobotomyExtend","Minty Spire (QoL Compilation)","StSLib"],"gold_per_floor":[113,124,141,141,141,168,168,168,168],"floor_reached":8,"playtime":477,"items_purged":[],"score":56,"play_id":"8d2cceb7-ca7c-4eb2-84e2-ab9c6b375254","local_time":"20201221150427","is_ascension_mode":false,"campfire_choices":[{"floor":7,"key":"REST"}],"circlet_count":0,"master_deck":["Strike_R","Strike_R","Strike_R","Strike_R","Strike_R","Defend_R","Defend_R","Defend_R","Defend_R","Bash","PunishingBird","Laetitia","Scorched","WallGazer"],"relics":["Burning Blood","CogitoBucket","LetterFromLob","Mummified Hand","Meat on the Bone"],"acts_visited":["Exordium"],"potions_floor_usage":[],"damage_taken":[{"damage":10,"enemies":"Jaw Worm","floor":1,"turns":4},{"damage":2,"enemies":"2 Louse","floor":2,"turns":3},{"damage":8,"enemies":"Small Slimes","floor":3,"turns":4},{"damage":34,"enemies":"3 Sentries","floor":6,"turns":6},{"damage":67,"enemies":"Lagavulin","floor":8,"turns":6}],"seed_played":"-8424101272122520460","potions_obtained":[{"floor":2,"key":"Energy Potion"}],"is_trial":false,"path_per_floor":["M","M","M","M","?","E","R","E"],"character_chosen":"IRONCLAD","items_purchased":[],"campfire_rested":1,"item_purchase_floors":[],"current_hp_per_floor":[76,80,79,79,54,26,50,0,0],"gold":168,"neow_bonus":"","is_daily":false,"chose_seed":false,"campfire_upgraded":0,"win_rate":0.0,"timestamp":1608584667,"path_taken":["M","M","M","M","?","E","R","E"],"items_purchased_type":[],"build_version":"2020-12-13","purchased_purges":0,"victory":false,"max_hp_per_floor":[80,80,80,80,80,80,80,80,80],"card_choices":[{"not_picked":["VoidDream","Murderer"],"picked":"PunishingBird","floor":1},{"not_picked":["Dropkick","Clash","Flex"],"picked":"SKIP","floor":1},{"not_picked":["LongBird","LaLuna"],"picked":"Laetitia","floor":2},{"not_picked":["True Grit","Anger","Cleave"],"picked":"SKIP","floor":2},{"not_picked":["True Grit","Anger","Cleave"],"picked":"SKIP","floor":2},{"not_picked":["OldLady","CrumblingArmor"],"picked":"Scorched","floor":3},{"not_picked":["Twin Strike","Second Wind","Juggernaut"],"picked":"SKIP","floor":3},{"not_picked":["Twin Strike","Second Wind","Juggernaut"],"picked":"SKIP","floor":3},{"not_picked":["OSAHOGD","LittlePrince"],"picked":"WallGazer","floor":6},{"not_picked":["Iron Wave","Intimidate","Carnage"],"picked":"SKIP","floor":6}],"player_experience":1879,"relics_obtained":[{"floor":1,"key":"LetterFromLob"},{"floor":6,"key":"Meat on the Bone"}],"event_choices":[{"damage_healed":0,"gold_gain":0,"player_choice":"Relic ","damage_taken":25,"max_hp_gain":0,"max_hp_loss":0,"event_name":"betterThird:BetterScrap","floor":5,"gold_loss":0,"cards_obtained":["Rip and Tear"]}],"is_beta":false,"boss_relics":[],"items_purged_floors":[],"is_endless":false,"potions_floor_spawned":[2],"killed_by":"Lagavulin","ascension_level":0}}