{"host":"a1kj1kkwgoo3jtle","time":1608575988,"event":{"mods":["2.2 Compatiblity","AchievementEnabler","AlwaysNeverKeys","BaseMod","Better Synergies","Better Third Choice","Colored Powertips","Communication Mod","Custom Start","Downfall","Faster Ascension Climbing","Filter the Spire","Friendly Minions","GifTheSpireLib","Gremlin Skip","Highlight Path","HololiveMod","Infinite Spire","Luminous","Minty Spire (QoL Compilation)","Quick Restart","Reimu??????","Relic Stats","Remilia??????","Replay The Spire","Reworked Bosses","Shade Mod","StSLib","The Alterego","The Druid","The Exalted","The Runesmith","The Servant 0.9.4","TheSwordswoman","Wandering Minibosses","WarShipGirlsR/????R mod","Yuri Mod"],"gold_per_floor":[111,131,131,15,34,34,69,69,92,116,131,141,117,119,119],"floor_reached":14,"playtime":1026,"items_purged":[],"score":180,"play_id":"de93d8c9-729e-41ff-b275-8d3094790047","local_time":"20201221203948","daily_mods":["Heirloom","Uncertain Future"],"is_ascension_mode":true,"campfire_choices":[{"data":"theDruid:BristlingDefense","floor":6,"key":"SMITH"},{"floor":8,"key":"REST"}],"circlet_count":0,"master_deck":["AscendersBane","theDruid:Strike_O","theDruid:Strike_O","theDruid:Strike_O","theDruid:Strike_O","theDruid:Defend_O","theDruid:Defend_O","theDruid:Defend_O","theDruid:Defend_O","theDruid:BriarArmor","theDruid:WildSlash","theDruid:ThornStrike","theDruid:BlessedStrike","theDruid:BristlingDefense+1","theDruid:WallofRoots","theDruid:Moonbeam","Pot Of Greed","Pot Of Greed","theDruid:ForestGuard","theDruid:MysticBarrier","theDruid:Resupply","theDruid:Recoil"],"relics":["theDruid:CrownOfTheWilds","Gambling Chip","Black Star","Blood Vial","Grinning Jar","Boot","Gremlin Food","Hololive_LightStick"],"acts_visited":["Exordium"],"potions_floor_usage":[7,12,14],"damage_taken":[{"damage":4,"enemies":"Small Slimes","floor":1,"turns":3},{"damage":1,"enemies":"Jaw Worm","floor":2,"turns":3},{"damage":0,"enemies":"Cultist","floor":5,"turns":4},{"damage":38,"enemies":"3 Sentries","floor":7,"turns":8},{"damage":7,"enemies":"2 Fungi Beasts","floor":11,"turns":3},{"damage":6,"enemies":"Lots of Slimes","floor":12,"turns":4},{"damage":72,"enemies":"Gremlin Nob","floor":14,"turns":4}],"seed_played":"4939558117197083570","potions_obtained":[{"floor":1,"key":"PowerPotion"},{"floor":2,"key":"Energy Potion"},{"floor":12,"key":"Explosive Potion"}],"is_trial":true,"path_per_floor":["M","M","?","$","M","R","E","R","T","T","M","M","$","E"],"character_chosen":"DRUID","items_purchased":["theDruid:BristlingDefense","theDruid:WallofRoots","theDruid:Recoil"],"campfire_rested":1,"item_purchase_floors":[4,4,13],"current_hp_per_floor":[59,60,65,65,67,67,31,52,52,52,47,43,43,0,0],"gold":119,"neow_bonus":"","is_daily":false,"chose_seed":false,"campfire_upgraded":1,"win_rate":0.0,"timestamp":1608575988,"path_taken":["M","M","?","$","M","R","E","R","T","?","M","M","?","E"],"items_purchased_type":["Card","Card","Card"],"build_version":"2020-12-13","purchased_purges":0,"victory":false,"max_hp_per_floor":[68,68,73,73,73,73,73,73,73,73,73,73,73,73,73],"relic_stats":{"Blood Vial":14,"counters":[7,29],"Gambling Chip":[15],"Black Star":1,"Boot":[8],"obtain_stats":[{"Blood Vial":0,"Gremlin Food":9,"Hololive_LightStick":10,"Gambling Chip":0,"Black Star":0,"Grinning Jar":7,"Boot":7,"theDruid:CrownOfTheWilds":0},{"Blood Vial":0,"Gremlin Food":4,"Hololive_LightStick":4,"Gambling Chip":0,"Black Star":0,"Grinning Jar":4,"Boot":4,"theDruid:CrownOfTheWilds":0},{"Blood Vial":0,"Gremlin Food":18,"Hololive_LightStick":18,"Gambling Chip":0,"Black Star":0,"Grinning Jar":18,"Boot":18,"theDruid:CrownOfTheWilds":0}]},"card_choices":[{"not_picked":["theDruid:FuriousSlash","theDruid:ThickHide"],"picked":"theDruid:ThornStrike","floor":1},{"not_picked":["theDruid:Impale","theDruid:Prowl"],"picked":"theDruid:BlessedStrike","floor":2},{"not_picked":["theDruid:FuriousSlash","theDruid:BrambleLash"],"picked":"theDruid:Moonbeam","floor":5},{"not_picked":["theDruid:Gore","theDruid:FuriousSlash"],"picked":"theDruid:ForestGuard","floor":7},{"not_picked":["theDruid:Swipe","theDruid:FelineGrace"],"picked":"theDruid:MysticBarrier","floor":11},{"not_picked":["theDruid:RockSlide","theDruid:AstralShield"],"picked":"theDruid:Resupply","floor":12}],"player_experience":56881,"relics_obtained":[{"floor":7,"key":"Grinning Jar"},{"floor":7,"key":"Boot"},{"floor":9,"key":"Gremlin Food"},{"floor":10,"key":"Hololive_LightStick"}],"event_choices":[{"damage_healed":0,"gold_gain":0,"player_choice":"Donut","damage_taken":0,"max_hp_gain":5,"max_hp_loss":0,"event_name":"Big Fish","floor":3,"gold_loss":0}],"is_beta":false,"boss_relics":[],"items_purged_floors":[],"is_endless":false,"potions_floor_spawned":[1,2,5,12],"killed_by":"Gremlin Nob","ascension_level":20}}