{"host":"t7mx8yfj1no5p62f","time":1608567038,"event":{"mods":["BaseMod","Colored Map","Colored Powertips","Filter the Spire","Minty Spire (QoL Compilation)","Relic Stats","StSLib"],"gold_per_floor":[109,109,121,137,151,180,180,180,180],"floor_reached":8,"playtime":285,"items_purged":[],"score":116,"play_id":"63c0e5e6-8b00-4991-8ce7-c5dda47f8cf0","local_time":"20201221111038","is_ascension_mode":true,"campfire_choices":[{"data":"Carnage","floor":7,"key":"SMITH"}],"circlet_count":0,"master_deck":["AscendersBane","Strike_R","Strike_R","Strike_R","Strike_R","Defend_R","Defend_R","Defend_R","Defend_R","Bash","Carnage+1","Sword Boomerang","Clothesline"],"relics":["Snecko Eye","Ginger"],"acts_visited":["Exordium"],"potions_floor_usage":[5,6],"damage_taken":[{"damage":9,"enemies":"Jaw Worm","floor":1,"turns":4},{"damage":0,"enemies":"Cultist","floor":3,"turns":2},{"damage":0,"enemies":"Small Slimes","floor":4,"turns":2},{"damage":0,"enemies":"Exordium Thugs","floor":5,"turns":3},{"damage":30,"enemies":"3 Sentries","floor":6,"turns":10},{"damage":31,"enemies":"Gremlin Nob","floor":8,"turns":3}],"seed_played":"3026864095654376917","potions_obtained":[{"floor":1,"key":"SpeedPotion"},{"floor":3,"key":"ColorlessPotion"},{"floor":4,"key":"BlessingOfTheForge"}],"is_trial":false,"path_per_floor":["M","?","M","M","M","E","R","E"],"character_chosen":"IRONCLAD","items_purchased":[],"campfire_rested":0,"item_purchase_floors":[],"current_hp_per_floor":[59,59,59,59,59,29,29,0,0],"gold":180,"neow_bonus":"BOSS_RELIC","is_daily":false,"chose_seed":false,"campfire_upgraded":1,"win_rate":0.0,"timestamp":1608567038,"path_taken":["M","?","M","M","M","E","R","E"],"items_purchased_type":[],"build_version":"2020-12-13","purchased_purges":0,"victory":false,"max_hp_per_floor":[75,75,75,75,75,75,75,75,75],"relic_stats":{"counters":[6,24],"Snecko Eye":[37,36,37,32],"Ginger":[0],"obtain_stats":[{"Snecko Eye":0,"Ginger":6,"Burning Blood":0},{"Snecko Eye":0,"Ginger":5,"Burning Blood":0},{"Snecko Eye":0,"Ginger":21,"Burning Blood":0}]},"card_choices":[{"not_picked":["Dark Embrace","Dual Wield"],"picked":"Carnage","floor":1},{"not_picked":["Searing Blow","Iron Wave","Clash"],"picked":"SKIP","floor":3},{"not_picked":["Anger","Warcry","Pummel"],"picked":"SKIP","floor":4},{"not_picked":["Bloodletting","Sword Boomerang","Rage"],"picked":"SKIP","floor":5},{"not_picked":["Fire Breathing","Combust"],"picked":"Clothesline","floor":6}],"player_experience":1576630,"relics_obtained":[{"floor":6,"key":"Ginger"}],"event_choices":[{"damage_healed":0,"gold_gain":0,"cards_transformed":["Strike_R"],"player_choice":"Transformed","damage_taken":0,"max_hp_gain":0,"max_hp_loss":0,"event_name":"Transmorgrifier","floor":2,"gold_loss":0,"cards_obtained":["Sword Boomerang"]}],"is_beta":false,"boss_relics":[],"items_purged_floors":[],"is_endless":false,"potions_floor_spawned":[1,3,4],"killed_by":"Gremlin Nob","ascension_level":20}}