{"host":"d8hh7rr4yzitjeuj","time":1608529195,"event":{"mods":["2.2 Compatiblity","AchievementEnabler","BaseMod","CapriCore","Colored Map","Colored Powertips","Highlight Path","Keyboard Shortcuts","Marisa£¨Ùöéë¡¡Øª×âÞÞ£©","Minty Spire (QoL Compilation)","Permanent Neow","Quick Restart","StSLib","SuperFastMode"],"gold_per_floor":[117,117,136,148,148,148,179,179,225,260,112,112,145,175,175,304,304,325,325,338,356,63,97,97,172,197,210,238,252,6,41,41,137,137,148,167,186,136,183,215,227,267,328,353,377,401,442,252,252,252,252,252,6,37,37,37],"floor_reached":55,"playtime":3020,"items_purged":["Strike_MRS","Strike_MRS","Strike_MRS"],"score":1351,"play_id":"d717453a-cf63-4f8a-af58-07953bc36b4a","local_time":"20201221143955","is_ascension_mode":true,"campfire_choices":[{"floor":6.0,"key":"REST"},{"data":"UpSweep","floor":8.0,"key":"SMITH"},{"floor":12.0,"key":"REST"},{"data":"FinalSpark","floor":15.0,"key":"SMITH"},{"data":"CasketOfStar","floor":24.0,"key":"SMITH"},{"data":"GalacticHalo","floor":32.0,"key":"SMITH"},{"data":"MillisecondPulsars","floor":41.0,"key":"SMITH"},{"floor":49.0,"key":"RECALL"},{"data":"BinaryStars","floor":52.0,"key":"SMITH"}],"circlet_count":0,"master_deck":["Strike_MRS","Defend_MRS","Defend_MRS","Defend_MRS","Defend_MRS","MasterSpark","UpSweep+1","DoubleSpark","MagicAbsorber","SprinkleStarSeal","CasketOfStar+1","FinalSpark+1","StarlightTyphoon","AsteroidBelt","BinaryStars+1","EventHorizon","GalacticHalo+1","Singularity","GalacticHalo","MillisecondPulsars+1","OrrerysSun+1","Parasite","Parasite","Parasite","FinalSpark+1"],"relics":["MiniHakkero","Oddly Smooth Stone","Happy Flower","Bloody Idol","Singing Bowl","Smiling Mask","WingedGreaves","Orrery","Question Card","Snecko Eye","Centennial Puzzle","Sling","Boot","Blood Vial","Blue Candle","Bag of Preparation","Potion Belt","Black Star","Pocketwatch","MawBank","Nunchaku","ShroomBag","FossilizedHelix","InkBottle","Molten Egg 2","DollysMirror","HandDrill","Orichalcum","Mercury Hourglass"],"acts_visited":["TheCity","TheBeyond","TheEnding"],"potions_floor_usage":[55,55,55,55],"damage_taken":[{"damage":1.0,"enemies":"Jaw Worm","floor":1.0,"turns":3.0},{"damage":0.0,"enemies":"Small Slimes","floor":3.0,"turns":3.0},{"damage":0.0,"enemies":"Cultist","floor":4.0,"turns":3.0},{"damage":15.0,"enemies":"Gremlin Nob","floor":7.0,"turns":4.0},{"damage":39.0,"enemies":"3 Sentries","floor":10.0,"turns":8.0},{"damage":9.0,"enemies":"Lagavulin","floor":13.0,"turns":5.0},{"damage":15.0,"enemies":"The Guardian","floor":16.0,"turns":12.0},{"damage":18.0,"enemies":"Shell Parasite","floor":18.0,"turns":4.0},{"damage":0.0,"enemies":"Chosen","floor":20.0,"turns":3.0},{"damage":0.0,"enemies":"3 Cultists","floor":21.0,"turns":2.0},{"damage":0.0,"enemies":"Slavers","floor":23.0,"turns":3.0},{"damage":0.0,"enemies":"Shelled Parasite and Fungi","floor":27.0,"turns":4.0},{"damage":15.0,"enemies":"Book of Stabbing","floor":28.0,"turns":4.0},{"damage":23.0,"enemies":"Centurion and Healer","floor":29.0,"turns":2.0},{"damage":0.0,"enemies":"Gremlin Leader","floor":31.0,"turns":5.0},{"damage":63.0,"enemies":"Champ","floor":33.0,"turns":8.0},{"damage":0.0,"enemies":"3 Shapes","floor":35.0,"turns":2.0},{"damage":2.0,"enemies":"Orb Walker","floor":36.0,"turns":4.0},{"damage":0.0,"enemies":"4 Shapes","floor":37.0,"turns":2.0},{"damage":19.0,"enemies":"2 Orb Walkers","floor":39.0,"turns":5.0},{"damage":6.0,"enemies":"Nemesis","floor":40.0,"turns":5.0},{"damage":1.0,"enemies":"Giant Head","floor":42.0,"turns":5.0},{"damage":24.0,"enemies":"3 Darklings","floor":44.0,"turns":4.0},{"damage":26.0,"enemies":"Writhing Mass","floor":45.0,"turns":7.0},{"damage":17.0,"enemies":"Transient","floor":46.0,"turns":5.0},{"damage":19.0,"enemies":"Reptomancer","floor":47.0,"turns":5.0},{"damage":1.0,"enemies":"Donu and Deca","floor":50.0,"turns":5.0},{"damage":7.0,"enemies":"Shield and Spear","floor":54.0,"turns":3.0},{"damage":120,"enemies":"The Heart","floor":55,"turns":6}],"seed_played":"-4800357270320038213","potions_obtained":[{"floor":7.0,"key":"GamblersBrew"},{"floor":10.0,"key":"BottledSpark"},{"floor":20.0,"key":"SpeedPotion"},{"floor":28.0,"key":"Energy Potion"},{"floor":29.0,"key":"Energy Potion"},{"floor":31.0,"key":"FearPotion"},{"floor":33.0,"key":"SteroidPotion"},{"floor":35.0,"key":"SneckoOil"},{"floor":36.0,"key":"PowerPotion"},{"floor":37.0,"key":"EssenceOfSteel"},{"floor":45.0,"key":"Dexterity Potion"}],"is_trial":false,"path_per_floor":["M","?","M","M","?","R","E","R","T","E","$","R","E","?","R","B",null,"M","?","M","M","$","E","R","?","T","M","E","M","$","E","R","B",null,"M","M","M","$","?","E","R","E","T","M","M","M","E","$","R","B",null,"R","$","E","B"],"character_chosen":"MARISA","items_purchased":["Orrery","Centennial Puzzle","Sling","Singularity","Bag of Preparation","GalacticHalo","DollysMirror","HandDrill","AttackPotion"],"campfire_rested":2,"item_purchase_floors":[11,22,22,30,30,30,48,53,53],"current_hp_per_floor":[67,55,55,55,37,59,44,44,44,7,11,35,28,28,28,13,66,48,48,53,60,60,67,67,64,69,78,72,58,58,67,67,11,74,83,88,97,97,87,90,95,105,105,92,84,81,82,87,87,90,107,107,107,113,0,0],"gold":37,"neow_bonus":"RANDOM_COMMON_RELIC","is_daily":false,"chose_seed":false,"campfire_upgraded":6,"win_rate":0.0,"timestamp":1608529195,"path_taken":["M","?","M","M","?","R","E","R","T","E","$","R","E","?","R","BOSS","M","?","M","M","$","E","R","?","T","M","E","?","$","E","R","BOSS","M","M","M","?","?","E","R","E","T","M","?","M","E","$","R","BOSS","R","$","E","BOSS"],"items_purchased_type":["Relic","Relic","Relic","Card","Relic","Card","Relic","Relic","Potion"],"build_version":"2020-12-13","purchased_purges":3,"victory":false,"max_hp_per_floor":[75,75,75,75,75,75,75,75,75,77,81,81,83,83,83,83,83,83,83,83,85,85,87,87,87,87,89,91,93,93,95,95,95,95,97,97,99,99,101,103,103,105,105,107,109,111,113,113,113,113,113,113,113,115,115,115],"card_choices":[{"not_picked":["GrandCross","Acceleration"],"picked":"DoubleSpark","floor":1.0},{"not_picked":["MilkyWay","GravityBeat"],"picked":"MagicAbsorber","floor":3.0},{"not_picked":["MeteoricShower","PropBag"],"picked":"SprinkleStarSeal","floor":4.0},{"not_picked":["SporeBomb","WitchLeyline"],"picked":"CasketOfStar","floor":7.0},{"not_picked":["MeteoricShower","LuminesStrike","SuperPerseids"],"picked":"Singing Bowl","floor":10.0},{"not_picked":["GalacticHalo","EnergyFlow"],"picked":"FinalSpark","floor":11.0},{"not_picked":["LuminesStrike","MilkyWay"],"picked":"StarlightTyphoon","floor":11.0},{"not_picked":["UnstableBomb","GrandCross","DC"],"picked":"Singing Bowl","floor":11.0},{"not_picked":["DC","StarBarrage","DeepEcoloBomb"],"picked":"Singing Bowl","floor":11.0},{"not_picked":["MilkyWay","MysteriousBeam"],"picked":"AsteroidBelt","floor":11.0},{"not_picked":["ChargingUp","6A","MeteoricShower"],"picked":"Singing Bowl","floor":13.0},{"not_picked":["BlazingStar","TreasureHunter","EscapeVelocity"],"picked":"BinaryStars","floor":16.0},{"not_picked":["IllusionStar","DC","ChargeUpSpray+1"],"picked":"EventHorizon","floor":18.0},{"not_picked":["Acceleration","OneTimeOff","MagicAbsorber"],"picked":"GalacticHalo","floor":20.0},{"not_picked":["LuminesStrike","MagicChant+1","WitchOfGreed","AsteroidBelt"],"picked":"Singing Bowl","floor":21.0},{"not_picked":["SporeBomb","MagicChant","RefractionSpark","WitchOfGreed+1"],"picked":"Singing Bowl","floor":23.0},{"not_picked":["MysteriousBeam","MilkyWay+1","GrandCross","ShootingEcho"],"picked":"Singing Bowl","floor":27.0},{"not_picked":["LuminesStrike+1","SatelliteIllusion","MagicAbsorber+1","TreasureHunter"],"picked":"Singing Bowl","floor":28.0},{"not_picked":["GasGiant+1","PowerUp","ShootingEcho","StarlightTyphoon"],"picked":"Singing Bowl","floor":29.0},{"not_picked":["RefractionSpark","SporeBomb+1","SprinkleStarSeal","6A"],"picked":"Singing Bowl","floor":31.0},{"not_picked":["JA","SuperNova","SatelliteIllusion"],"picked":"MillisecondPulsars","floor":33.0},{"not_picked":["GrandCross+1","GalacticHalo","PropBag","MilkyWay"],"picked":"Singing Bowl","floor":35.0},{"not_picked":["ManaConvection","MilkyWay+1","UnstableBomb"],"picked":"OrrerysSun+1","floor":36.0},{"not_picked":["LuminesStrike","EnergyRecoil","DarkSpark+1","PulseMagic+1"],"picked":"Singing Bowl","floor":37.0},{"not_picked":["ManaConvection","JA","ShootingEcho","FairyDestructionRay+1"],"picked":"Singing Bowl","floor":39.0},{"not_picked":["GravityBeat","ShootTheMoon","MysteriousBeam","LuminesStrike+1"],"picked":"Singing Bowl","floor":40.0},{"not_picked":["PropBag","PulseMagic","EnergyRecoil","6A+1"],"picked":"Singing Bowl","floor":42.0},{"not_picked":["GrandCross+1","WitchOfGreed+1","LuminesStrike+1","OpenUniverse+1"],"picked":"Singing Bowl","floor":44.0},{"not_picked":["Occultation","ManaConvection","WitchOfGreed+1","AsteroidBelt+1"],"picked":"Singing Bowl","floor":45.0},{"not_picked":["UnstableBomb+1","LuminesStrike+1","Orbital","Robbery"],"picked":"Singing Bowl","floor":46.0},{"not_picked":["GrandCross+1","UltimateShortwave","Singularity+1","OortCloud+1"],"picked":"Singing Bowl","floor":47.0},{"not_picked":["GravityBeat+1","IllusionStar+1","AsteroidBelt+1","Acceleration"],"picked":"Singing Bowl","floor":54.0}],"player_experience":1421037,"relics_obtained":[{"floor":7.0,"key":"Singing Bowl"},{"floor":9.0,"key":"Smiling Mask"},{"floor":10.0,"key":"WingedGreaves"},{"floor":13.0,"key":"Question Card"},{"floor":23.0,"key":"Boot"},{"floor":26.0,"key":"Blood Vial"},{"floor":28.0,"key":"Blue Candle"},{"floor":31.0,"key":"Potion Belt"},{"floor":39.0,"key":"Pocketwatch"},{"floor":40.0,"key":"MawBank"},{"floor":40.0,"key":"Nunchaku"},{"floor":42.0,"key":"ShroomBag"},{"floor":42.0,"key":"FossilizedHelix"},{"floor":47.0,"key":"InkBottle"},{"floor":47.0,"key":"Molten Egg 2"},{"floor":54.0,"key":"Orichalcum"},{"floor":54.0,"key":"Mercury Hourglass"}],"event_choices":[{"damage_healed":0.0,"max_hp_gain":0.0,"max_hp_loss":0.0,"gold_gain":0.0,"event_name":"Scrap Ooze","player_choice":"Success","floor":2.0,"gold_loss":0.0,"damage_taken":12.0,"relics_obtained":["Happy Flower"]},{"damage_healed":0.0,"max_hp_gain":0.0,"max_hp_loss":0.0,"gold_gain":0.0,"event_name":"Golden Idol","player_choice":"Take Damage","floor":5.0,"gold_loss":0.0,"damage_taken":18.0,"relics_obtained":["Golden Idol"]},{"damage_healed":0.0,"max_hp_gain":0.0,"max_hp_loss":0.0,"gold_gain":30.0,"event_name":"Dead Adventurer","player_choice":"Searched \u00272\u0027 times","floor":14.0,"gold_loss":0.0,"damage_taken":0.0},{"damage_healed":0.0,"max_hp_gain":0.0,"max_hp_loss":0.0,"gold_gain":0.0,"event_name":"Forgotten Altar","player_choice":"Gave Idol","floor":19.0,"relics_lost":["Golden Idol"],"gold_loss":0.0,"damage_taken":0.0,"relics_obtained":["Bloody Idol"]},{"damage_healed":0.0,"max_hp_gain":0.0,"max_hp_loss":0.0,"gold_gain":75.0,"event_name":"FaceTrader","player_choice":"Touch","floor":25.0,"gold_loss":0.0,"damage_taken":8.0},{"damage_healed":0.0,"max_hp_gain":0.0,"max_hp_loss":0.0,"gold_gain":0.0,"event_name":"Mysterious Sphere","player_choice":"Fight","floor":39.0,"gold_loss":0.0,"damage_taken":0.0}],"is_beta":false,"boss_relics":[{"not_picked":["Tiny House","Cursed Key"],"picked":"Snecko Eye"},{"not_picked":["Sozu","Empty Cage"],"picked":"Black Star"}],"items_purged_floors":[38,48,53],"is_endless":false,"potions_floor_spawned":[7,10,20,28,29,31,33,35,36,37,45,47],"killed_by":"The Heart","ascension_level":7}}