{"host":"z9grmtg2w0nmz8n1","time":1608565927,"event":{"mods":["Aspiration","Bard","BaseMod","Beaked The Cultist","Better Altar","Better Match","Better Note","Better Sensory Stone","Better Skull","Better Third Choice","BetterRewards","CCEM","Colored Map","Conspire","Downfall","GifTheSpireLib","Googly Eyes","Halation","Hermit","Highlight Path","Hubris","Hunter ??","Jedi Mod","Jorbs\u0027s Wanderer Trilogy","Mad Scientist","Marisa????????","Minty Spire (QoL Compilation)","Permanent Neow","Replay The Spire","Shade Mod","Shop Mod","Spicy Shops","StSLib","Stuff the Spire","The Bug Knight","The Construct","The Necromancer","The Runesmith","The Witch"],"gold_per_floor":[109,109,126,26,37,64,64,93,93,93,117,42,76,101,101,207,234,248,248,269,144,166,166,200,170,195,235,248,271,271,311,311,417,417,433,461,170,80,30,57,99,28,55,55,90,110,145,174,183,183,183,183,133,177,177],"floor_reached":56,"playtime":2879,"items_purged":["Runesmith:Strike_RS","Runesmith:Strike_RS","Strike_G","Strike_G","Dagger Throw+1","Defend_G"],"score":1781,"play_id":"61851e8e-71cb-4ab1-a76d-4ef2a78d5f11","local_time":"20201221135207","is_ascension_mode":true,"campfire_choices":[{"floor":7,"key":"RECALL"},{"floor":15,"key":"REST"},{"data":"Noxious Fumes","floor":23,"key":"SMITH"},{"data":"A Thousand Cuts","floor":30,"key":"SMITH"},{"data":"After Image","floor":32,"key":"SMITH"},{"floor":44,"key":"REST"},{"floor":49,"key":"REST"},{"data":"Footwork","floor":52,"key":"SMITH"}],"circlet_count":0,"master_deck":["Defend_G+1","Defend_G","Defend_G","Defend_G+1","Survivor","Neutralize+1","Footwork+1","Poisoned Stab","Flying Knee","StuffTheSpire:BrimstoneBlast+1","Backflip","A Thousand Cuts+1","Noxious Fumes+1","Poisoned Stab","After Image+1","Adrenaline+1","Deadly Poison+1","jedi:pocketpoison","Caltrops+1","jedi:collectorvenom+1"],"relics":["Ring of the Snake","hubris:64BitClover","conspire:RoyalGoblet","jedi:firstaidkit","Regal Pillow","hubris:SphereOfDissonance","Ring of Peace","Ring of Misfortune","Simple Rune","CeramicFish","Astrolabe","Omamori","Dream Catcher","aspiration:Lifesprig","hubris:ToyBattleship","Smiling Mask","conspire:SpecialSausage","Matryoshka","CCEMRelics:Sandal","aspiration:AnachronicSnailShell","Strange Spoon","Singing Bowl","Ancient Tea Set","Whetstone","Blood Vial","Lantern"],"acts_visited":["Exordium","TheCity","TheBeyond","TheEnding"],"potions_floor_usage":[6,13,16,24,24,27,35,40,55,55],"damage_taken":[{"damage":0,"enemies":"2 Louse","floor":1,"turns":4},{"damage":2,"enemies":"Cultist","floor":3,"turns":4},{"damage":1,"enemies":"Jaw Worm","floor":5,"turns":4},{"damage":12,"enemies":"Lagavulin","floor":6,"turns":6},{"damage":39,"enemies":"Gremlin Nob","floor":8,"turns":6},{"damage":6,"enemies":"Lagavulin","floor":13,"turns":8},{"damage":0,"enemies":"Blue Slaver","floor":14,"turns":3},{"damage":0,"enemies":"Fading Forest","floor":16,"turns":11},{"damage":9,"enemies":"2 Thieves","floor":18,"turns":5},{"damage":0,"enemies":"Spheric Guardian","floor":20,"turns":3},{"damage":0,"enemies":"Snake Plant","floor":22,"turns":4},{"damage":37,"enemies":"Gremlin Leader","floor":24,"turns":6},{"damage":26,"enemies":"Slavers","floor":27,"turns":6},{"damage":3,"enemies":"Cultist and Chosen","floor":28,"turns":5},{"damage":2,"enemies":"Centurion and Healer","floor":29,"turns":5},{"damage":0,"enemies":"Book of Stabbing","floor":31,"turns":4},{"damage":19,"enemies":"hubris:MusketHawk","floor":33,"turns":7},{"damage":0,"enemies":"3 Shapes","floor":35,"turns":4},{"damage":0,"enemies":"Orb Walker","floor":36,"turns":4},{"damage":40,"enemies":"Sphere and 2 Shapes","floor":40,"turns":5},{"damage":23,"enemies":"R_Hoarder","floor":41,"turns":7},{"damage":12,"enemies":"HollowMod:StalkingDevout","floor":45,"turns":5},{"damage":0,"enemies":"Maw","floor":46,"turns":6},{"damage":0,"enemies":"Nemesis","floor":47,"turns":4},{"damage":31,"enemies":"Sphere and 2 Shapes","floor":48,"turns":4},{"damage":47,"enemies":"Time Eater","floor":50,"turns":10},{"damage":7,"enemies":"Shield and Spear","floor":54,"turns":5},{"damage":114,"enemies":"The Heart","floor":55,"turns":8}],"seed_played":"8855512872139891147","potions_obtained":[{"floor":5,"key":"DistilledChaos"},{"floor":8,"key":"Elixir"},{"floor":13,"key":"SkillPotion"},{"floor":16,"key":"Block Potion"},{"floor":20,"key":"PowerPotion"},{"floor":25,"key":"Adrenaline Potion"},{"floor":25,"key":"CultistPotion"},{"floor":28,"key":"SkillPotion"},{"floor":35,"key":"Weak Potion"},{"floor":47,"key":"DuplicationPotion"}],"is_trial":false,"path_per_floor":["M","?","M","$","M","E","R","E","T","?","T","?","E","M","R","B",null,"M","?","M","$","M","R","E","?","T","E","M","M","R","E","R","B",null,"M","M","$","?","$","M","E","$","T","R","E","M","E","M","R","B",null,"R","$","E","B",null],"character_chosen":"THE_SILENT","items_purchased":["Footwork","hubris:64BitClover","Poisoned Stab","Matryoshka","Strange Spoon"],"campfire_rested":3,"item_purchase_floors":[0,0,0,37,42],"current_hp_per_floor":[56,56,54,54,56,51,51,26,26,26,26,26,22,22,58,58,70,68,68,68,68,68,68,46,46,46,41,41,42,42,42,42,25,70,70,70,70,70,70,37,14,14,14,52,42,42,42,15,51,19,72,72,72,70,72],"gold":177,"neow_bonus":"","is_daily":false,"chose_seed":false,"campfire_upgraded":4,"win_rate":0.0,"timestamp":1608565927,"path_taken":["M","?","?","$","M","E","R","E","T","?","?","?","E","M","R","BOSS","M","?","M","?","M","R","E","?","T","E","M","?","R","E","R","BOSS","M","M","?","?","$","M","E","$","T","R","E","M","E","M","R","BOSS","R","$","E","BOSS"],"items_purchased_type":["Card","Relic","Card","Relic","Relic"],"build_version":"2020-12-13","purchased_purges":6,"victory":true,"max_hp_per_floor":[70,70,70,70,70,70,70,70,70,70,70,70,70,70,70,70,70,70,70,70,70,70,70,70,70,70,70,70,70,70,70,70,70,70,70,70,70,70,70,70,70,70,70,72,72,72,72,72,72,72,72,72,72,72,72],"card_choices":[{"not_picked":["PiercingWail","Hidden Blade"],"picked":"Flying Knee","floor":1},{"not_picked":["Endless Agony","Deflect","Slice"],"picked":"SKIP","floor":3},{"not_picked":["Hidden Blade","Sucker Punch"],"picked":"StuffTheSpire:BrimstoneBlast","floor":5},{"not_picked":["Well Laid Plans","Hidden Blade","Dodge and Roll"],"picked":"SKIP","floor":6},{"not_picked":["Prepared","StuffTheSpire:BumpUp"],"picked":"Backflip","floor":8},{"not_picked":["Venomology","Glass Knife"],"picked":"A Thousand Cuts","floor":12},{"not_picked":["Endless Agony","Footwork"],"picked":"Noxious Fumes","floor":12},{"not_picked":["Underhanded Strike","Bane","Toxin Wave"],"picked":"SKIP","floor":13},{"not_picked":["hubris:SlightOfHand","PiercingWail"],"picked":"Poisoned Stab","floor":14},{"not_picked":["Storm of Steel","jedi:studyshivs"],"picked":"After Image","floor":16},{"not_picked":["Sneak Up","StuffTheSpire:ClusterCrunch","Prepared"],"picked":"SKIP","floor":18},{"not_picked":["Blade Dance","Bane"],"picked":"jedi:pocketpoison","floor":20},{"not_picked":["Acrobatics","ReplayTheSpireMod:Exploit Weakness+1"],"picked":"Caltrops+1","floor":22},{"not_picked":["Dodge and Roll","Acrobatics+1","PiercingWail"],"picked":"SKIP","floor":24},{"not_picked":["Acrobatics+1","Replay:Bag of Tricks"],"picked":"jedi:collectorvenom","floor":27},{"not_picked":["StuffTheSpire:Incursion+1","Dagger Throw+1","StuffTheSpire:ClusterCrunch+1"],"picked":"SKIP","floor":28},{"not_picked":["Leg Sweep","Masterful Stab"],"picked":"jedi:collectorvenom","floor":29},{"not_picked":["hubris:SlightOfHand","jedi:studypoison"],"picked":"jedi:collectorvenom","floor":31},{"not_picked":["Glass Knife","Die Die Die"],"picked":"jedi:collectorvenom","floor":33},{"not_picked":["Finisher+1","hubris:Counter+1","PiercingWail"],"picked":"SKIP","floor":35},{"not_picked":["Deflect+1","Masterful Stab+1"],"picked":"jedi:collectorvenom","floor":36},{"not_picked":["StuffTheSpire:ClusterCrunch","PiercingWail+1"],"picked":"jedi:collectorvenom+1","floor":40},{"not_picked":["Hidden Blade+1","Deflect"],"picked":"jedi:collectorvenom+1","floor":41},{"not_picked":["Slice+1","Draining Mist+1","StuffTheSpire:Injection+1"],"picked":"Singing Bowl","floor":44},{"not_picked":["Atom Bomb","Dagger Spray"],"picked":"jedi:collectorvenom+1","floor":45},{"not_picked":["Masterful Stab+1","Calculated Gamble+1"],"picked":"jedi:collectorvenom+1","floor":46},{"not_picked":["Dodge and Roll+1","ReplayTheSpireMod:Scrap Shanks+1"],"picked":"jedi:collectorvenom+1","floor":47},{"not_picked":["Deflect","All Out Attack+1"],"picked":"jedi:collectorvenom+1","floor":48},{"not_picked":["Bane","Deflect"],"picked":"jedi:collectorvenom+1","floor":49},{"not_picked":["Catalyst","StuffTheSpire:Shiver+1"],"picked":"jedi:collectorvenom+1","floor":54}],"player_experience":609586,"relics_obtained":[{"floor":6,"key":"Regal Pillow"},{"floor":8,"key":"hubris:SphereOfDissonance"},{"floor":10,"key":"Ring of Peace"},{"floor":10,"key":"Ring of Misfortune"},{"floor":11,"key":"Simple Rune"},{"floor":13,"key":"CeramicFish"},{"floor":20,"key":"Omamori"},{"floor":24,"key":"Dream Catcher"},{"floor":26,"key":"aspiration:Lifesprig"},{"floor":27,"key":"hubris:ToyBattleship"},{"floor":31,"key":"Smiling Mask"},{"floor":40,"key":"CCEMRelics:Sandal"},{"floor":41,"key":"aspiration:AnachronicSnailShell"},{"floor":43,"key":"Singing Bowl"},{"floor":43,"key":"Ancient Tea Set"},{"floor":45,"key":"Whetstone"},{"floor":47,"key":"Blood Vial"},{"floor":54,"key":"Lantern"}],"event_choices":[{"damage_healed":0,"gold_gain":1,"player_choice":"1","damage_taken":0,"max_hp_gain":0,"max_hp_loss":0,"event_name":"betterStone:BetterStone","floor":2,"gold_loss":0},{"damage_healed":0,"gold_gain":0,"player_choice":"1","damage_taken":0,"max_hp_gain":0,"max_hp_loss":0,"event_name":"betterMatch:BetterMatch","floor":12,"gold_loss":0,"cards_obtained":["betterMatch:RareCard","betterMatch:UncommonCard"]},{"cards_removed":["Strike_G"],"damage_healed":0,"gold_gain":0,"player_choice":"Give","damage_taken":0,"max_hp_gain":0,"max_hp_loss":0,"event_name":"betterNote:BetterNote","floor":19,"gold_loss":0,"cards_obtained":["Runesmith:Strike_RS"]},{"damage_healed":0,"gold_gain":0,"player_choice":"Bought 2 Potions","damage_taken":0,"max_hp_gain":0,"max_hp_loss":0,"event_name":"The Woman in Blue","floor":25,"gold_loss":0},{"cards_removed":["Hallucinations"],"damage_healed":0,"gold_gain":0,"player_choice":"Upgrade and Remove","damage_taken":0,"max_hp_gain":0,"max_hp_loss":0,"event_name":"Designer","floor":38,"gold_loss":90,"cards_upgraded":["jedi:collectorvenom"]}],"is_beta":false,"boss_relics":[{"not_picked":["Snecko Scales","StuffTheSpire:RunicConfusion"],"picked":"Astrolabe"},{"not_picked":["beaked:SacredDeck","halation:PinkAlligatorPlush"],"picked":"conspire:SpecialSausage"}],"items_purged_floors":[0,4,21,37,39,53],"is_endless":false,"potions_floor_spawned":[5,8,13,16,20,22,28,33,35,36,47,54],"ascension_level":1}}