{"host":"6to0pdz5g3mubtyg","time":1608552003,"event":{"mods":["Act Like it!","Aspiration","BaseMod","BetterRewards","Colored Map","Energized Spire","Hallownest","Highlight Path","Infinite Spire","Jorbs\u0027s Wanderer Trilogy","Minty Spire (QoL Compilation)","Shade Mod","StSLib","The Animator","The Blue Laboratory","The Bug Knight"],"gold_per_floor":[114,114,114,44,59,84,95,95,95,95,95],"floor_reached":10,"playtime":341,"items_purged":[],"score":100,"play_id":"6cfdbbaa-9189-4c60-a3d3-bc572fad000d","local_time":"20201221050003","is_ascension_mode":true,"campfire_choices":[{"data":"animator:Nanami","floor":8,"key":"SMITH"}],"circlet_count":0,"master_deck":["animator:Strike_GATE","animator:Defend_GATE","animator:Strike","animator:Strike","animator:Strike","animator:Defend","animator:Defend","animator:Defend","animator:TukaLunaMarceau","animator:Kuribayashi","animator:Tatsumaki","animator:Lu","animator:Genos","animator:Nanami+1","animator:TsurugaMeisai"],"relics":["animator:LivingPicture","animator:TheMissingPiece","animator:PurgingStone","NeowsBlessing","Toy Ornithopter","TungstenRod","Bag of Marbles"],"acts_visited":["Exordium"],"potions_floor_usage":[],"damage_taken":[{"damage":0,"enemies":"Jaw Worm","floor":1,"turns":1},{"damage":0,"enemies":"Small Slimes","floor":5,"turns":2},{"damage":0,"enemies":"3 Sentries","floor":6,"turns":2},{"damage":15,"enemies":"Cultist","floor":7,"turns":5},{"damage":46,"enemies":"Gremlin Nob","floor":10,"turns":4}],"seed_played":"-8731969307322797588","potions_obtained":[{"floor":5,"key":"blueLaboratory:FrostheartPotion"},{"floor":6,"key":"blueLaboratory:ExaltedPotion"},{"floor":7,"key":"blueLaboratory:SavagePotion"}],"is_trial":false,"path_per_floor":["M","?","?","$","M","E","M","R","T","E"],"character_chosen":"THE_ANIMATOR","items_purchased":["animator:Lu"],"campfire_rested":0,"item_purchase_floors":[4],"current_hp_per_floor":[66,66,54,54,54,54,39,39,39,0,0],"gold":95,"neow_bonus":"THREE_ENEMY_KILL","is_daily":false,"chose_seed":false,"campfire_upgraded":1,"win_rate":0.0,"timestamp":1608552003,"path_taken":["M","?","?","?","M","E","?","R","T","E"],"items_purchased_type":["Card"],"build_version":"2020-12-13","purchased_purges":0,"victory":false,"max_hp_per_floor":[66,66,66,66,66,66,66,66,66,66,66],"card_choices":[{"not_picked":["animator:HighElfArcher","animator:Azekura"],"picked":"animator:Tatsumaki","floor":1},{"not_picked":["animator:Togame","animator:ElricAlphonse"],"picked":"animator:Genos","floor":5},{"not_picked":["animator:Geryuganshoop","animator:UneriGinkaku"],"picked":"animator:Nanami","floor":6},{"not_picked":["animator:Emonzaemon","animator:UneriGinkaku"],"picked":"animator:TsurugaMeisai","floor":7}],"player_experience":202177,"relics_obtained":[{"floor":6,"key":"TungstenRod"},{"floor":9,"key":"Bag of Marbles"}],"event_choices":[{"damage_healed":0,"gold_gain":0,"player_choice":"Success","damage_taken":12,"relics_obtained":["Toy Ornithopter"],"max_hp_gain":0,"max_hp_loss":0,"event_name":"Scrap Ooze","floor":3,"gold_loss":0}],"is_beta":false,"boss_relics":[],"items_purged_floors":[],"is_endless":false,"potions_floor_spawned":[5,6,7],"killed_by":"Gremlin Nob","ascension_level":2}}