{"host":"baymyijz6sxaqj5s","time":1608556457,"event":{"mods":["AchievementEnabler","BaseMod","Colored Map","Colored Powertips","DeckTracker","KOR Keyword Fix","Keyboard Shortcuts","Minty Spire (QoL Compilation)","StSLib","SuperFastMode"],"gold_per_floor":[118,118,131,195,211,211,231,231,231,251,271,286,286,302,302,402,402,422,193,203,217,217,249,249,249,249],"floor_reached":25,"playtime":786,"items_purged":["Strike_R"],"score":217,"play_id":"54380113-bf1f-421e-9ed6-368fb4976b97","local_time":"20201221221417","is_ascension_mode":false,"campfire_choices":[{"data":"Headbutt","floor":6,"key":"SMITH"},{"data":"Power Through","floor":8,"key":"SMITH"},{"data":"Body Slam","floor":15,"key":"SMITH"},{"floor":24,"key":"REST"}],"circlet_count":0,"master_deck":["Strike_R+1","Strike_R+1","Strike_R+1","Strike_R+1","Defend_R+1","Defend_R+1","Defend_R+1","Defend_R+1","Bash","Heavy Blade+1","Headbutt+1","Power Through+1","Cleave","Body Slam+1","Impervious","Impervious","Seeing Red","Sword Boomerang"],"relics":["Burning Blood","Frozen Egg 2","HornCleat","SlaversCollar","Strange Spoon","Bottled Flame"],"acts_visited":["Exordium","TheCity"],"potions_floor_usage":[11,16,16,16,25],"damage_taken":[{"damage":1,"enemies":"Cultist","floor":1,"turns":4},{"damage":3,"enemies":"2 Louse","floor":3,"turns":3},{"damage":4,"enemies":"Small Slimes","floor":5,"turns":4},{"damage":10,"enemies":"Looter","floor":7,"turns":3},{"damage":4,"enemies":"3 Louse","floor":10,"turns":4},{"damage":0,"enemies":"Lots of Slimes","floor":11,"turns":2},{"damage":12,"enemies":"Looter","floor":12,"turns":4},{"damage":9,"enemies":"Blue Slaver","floor":14,"turns":4},{"damage":34,"enemies":"The Guardian","floor":16,"turns":10},{"damage":20,"enemies":"2 Thieves","floor":18,"turns":5},{"damage":5,"enemies":"Chosen","floor":20,"turns":6},{"damage":36,"enemies":"Snecko","floor":21,"turns":11},{"damage":37,"enemies":"Slavers","floor":23,"turns":8},{"damage":83,"enemies":"Gremlin Leader","floor":25,"turns":7}],"seed_played":"-9147190640349308322","potions_obtained":[{"floor":1,"key":"Explosive Potion"},{"floor":10,"key":"SteroidPotion"},{"floor":11,"key":"ColorlessPotion"},{"floor":12,"key":"Block Potion"},{"floor":14,"key":"Strength Potion"},{"floor":16,"key":"FairyPotion"},{"floor":23,"key":"ColorlessPotion"}],"is_trial":false,"path_per_floor":["M","?","M","?","M","R","M","R","T","M","M","M","?","M","R","B",null,"M","$","M","M","?","E","R","E"],"character_chosen":"IRONCLAD","items_purchased":["Strange Spoon"],"campfire_rested":1,"item_purchase_floors":[19],"current_hp_per_floor":[88,88,88,88,88,88,84,84,84,86,88,82,82,79,79,51,88,74,74,75,45,45,14,40,0,0],"gold":249,"neow_bonus":"TEN_PERCENT_HP_BONUS","is_daily":false,"chose_seed":false,"campfire_upgraded":3,"win_rate":0.0,"timestamp":1608556457,"path_taken":["M","?","M","?","M","R","M","R","T","M","M","M","?","M","R","BOSS","M","$","M","M","?","E","R","E"],"items_purchased_type":["Relic"],"build_version":"2020-12-13","purchased_purges":1,"victory":false,"max_hp_per_floor":[88,88,88,88,88,88,88,88,88,88,88,88,88,88,88,88,88,88,88,88,88,88,88,88,88,88],"card_choices":[{"not_picked":["Inflame","Twin Strike"],"picked":"Heavy Blade","floor":1},{"not_picked":["Carnage","Rupture"],"picked":"Headbutt","floor":3},{"not_picked":["Searing Blow","Iron Wave","Pommel Strike"],"picked":"SKIP","floor":5},{"not_picked":["Infernal Blade","Flex"],"picked":"Power Through","floor":7},{"not_picked":["Second Wind","Shockwave"],"picked":"Cleave","floor":10},{"not_picked":["Anger","Intimidate"],"picked":"Body Slam","floor":11},{"not_picked":["Flex","Bloodletting","Body Slam"],"picked":"SKIP","floor":12},{"not_picked":["Clothesline","Sword Boomerang"],"picked":"Impervious","floor":14},{"not_picked":["Exhume","Brutality+1"],"picked":"Impervious","floor":16},{"not_picked":["Sword Boomerang","Dual Wield"],"picked":"Seeing Red","floor":18},{"not_picked":["Cleave+1","Twin Strike","Pommel Strike"],"picked":"SKIP","floor":20},{"not_picked":["Dark Embrace+1","Iron Wave"],"picked":"Sword Boomerang","floor":21},{"not_picked":["Wild Strike+1","Bloodletting","Havoc"],"picked":"SKIP","floor":23}],"player_experience":170399,"relics_obtained":[{"floor":9,"key":"Frozen Egg 2"},{"floor":23,"key":"Bottled Flame"}],"event_choices":[{"damage_healed":0,"gold_gain":0,"player_choice":"Grow","damage_taken":0,"max_hp_gain":0,"max_hp_loss":0,"event_name":"Living Wall","floor":2,"gold_loss":0,"cards_upgraded":["Heavy Blade"]},{"damage_healed":0,"gold_gain":64,"player_choice":"Gained Gold","damage_taken":0,"max_hp_gain":0,"max_hp_loss":0,"event_name":"Golden Wing","floor":4,"gold_loss":0},{"damage_healed":0,"gold_gain":0,"player_choice":"Searched \u00271\u0027 times","damage_taken":0,"relics_obtained":["HornCleat"],"max_hp_gain":0,"max_hp_loss":0,"event_name":"Dead Adventurer","floor":13,"gold_loss":0},{"damage_healed":0,"gold_gain":0,"player_choice":"Simplicity","damage_taken":0,"max_hp_gain":0,"max_hp_loss":0,"event_name":"Back to Basics","floor":22,"gold_loss":0,"cards_upgraded":["Strike_R","Strike_R","Strike_R","Strike_R","Defend_R","Defend_R","Defend_R","Defend_R"]}],"is_beta":false,"boss_relics":[{"not_picked":["Philosopher\u0027s Stone","Runic Dome"],"picked":"SlaversCollar"}],"items_purged_floors":[19],"is_endless":false,"potions_floor_spawned":[1,10,11,12,14,16,23],"killed_by":"Gremlin Leader","ascension_level":0}}