{"host":"Kdaddybrian","time":1608582456,"event":{"mods":["AchievementEnabler","BaseMod","Bestiary","Colored Powertips","Minty Spire (QoL Compilation)","Potion Indicator Mod","Quick Restart","Rare Cards Sparkle","Relic Stats","StSLib","Uncapped"],"gold_per_floor":[110,121,196,213,229,229,229,264,287,313,28,103,135,147,147,252,252,272,291,311,325,325,325],"floor_reached":22,"playtime":930,"items_purged":[],"score":312,"play_id":"8d3443a5-9fcf-4a4a-b8af-43977fd1e22d","local_time":"20201221152736","is_ascension_mode":true,"campfire_choices":[{"floor":6,"key":"REST"},{"floor":15,"key":"REST"}],"circlet_count":0,"master_deck":["AscendersBane","Strike_B","Strike_B","Strike_B","Strike_B","Defend_B","Defend_B","Defend_B","Defend_B","Zap","Dualcast","Biased Cognition","Defragment+1","Cold Snap","Barrage","Conserve Battery","Consume","Ball Lightning","Doom and Gloom","Coolheaded","Barrage","Recycle","Leap","Seek","Undo","Steam Power+1","Force Field+1","Self Repair+1"],"relics":["Cracked Core","Orichalcum","PreservedInsect","Vajra","Art of War","Frozen Egg 2","Inserter"],"acts_visited":["Exordium","TheCity"],"potions_floor_usage":[5,19,20,20,22,22],"damage_taken":[{"damage":0,"enemies":"Cultist","floor":1,"turns":3},{"damage":0,"enemies":"2 Louse","floor":2,"turns":3},{"damage":7,"enemies":"Small Slimes","floor":4,"turns":4},{"damage":12,"enemies":"Gremlin Gang","floor":5,"turns":4},{"damage":22,"enemies":"3 Sentries","floor":8,"turns":8},{"damage":2,"enemies":"Gremlin Nob","floor":10,"turns":3},{"damage":1,"enemies":"Lagavulin","floor":13,"turns":4},{"damage":2,"enemies":"Blue Slaver","floor":14,"turns":3},{"damage":26,"enemies":"Slime Boss","floor":16,"turns":8},{"damage":12,"enemies":"Shell Parasite","floor":18,"turns":5},{"damage":25,"enemies":"3 Byrds","floor":19,"turns":6},{"damage":28,"enemies":"Snake Plant","floor":20,"turns":4},{"damage":0,"enemies":"Snecko","floor":21,"turns":5},{"damage":5,"enemies":"Centurion and Healer","floor":22,"turns":2}],"seed_played":"-2045219908504219054","potions_obtained":[{"floor":2,"key":"Swift Potion"},{"floor":4,"key":"Fire Potion"},{"floor":5,"key":"PowerPotion"},{"floor":13,"key":"Fruit Juice"},{"floor":19,"key":"Ancient Potion"},{"floor":21,"key":"EssenceOfSteel"}],"is_trial":false,"path_per_floor":["M","M","?","M","M","R","?","E","T","E","$","?","E","M","R","B",null,"M","M","M","M","M"],"character_chosen":"DEFECT","items_purchased":["Doom and Gloom","Art of War","Coolheaded","Barrage"],"campfire_rested":2,"item_purchase_floors":[11,11,11,11],"current_hp_per_floor":[68,68,57,50,38,60,60,38,38,36,36,29,28,26,48,22,62,50,30,2,2,0,0],"gold":325,"neow_bonus":"ONE_RANDOM_RARE_CARD","is_daily":false,"chose_seed":false,"campfire_upgraded":0,"win_rate":0.0,"timestamp":1608582456,"path_taken":["M","M","?","M","M","R","?","E","T","E","$","?","E","M","R","BOSS","M","?","?","M","M"],"items_purchased_type":["Card","Relic","Card","Card"],"build_version":"2020-12-18","purchased_purges":0,"victory":false,"max_hp_per_floor":[75,75,75,75,75,75,75,75,75,75,75,75,75,75,75,75,75,75,80,80,80,80,80],"relic_stats":{"Inserter":[11],"counters":[14,62],"PreservedInsect":51,"Art of War":[6],"Orichalcum":[120],"obtain_stats":[{"Inserter":17,"Vajra":10,"PreservedInsect":9,"Art of War":11,"Orichalcum":8,"Frozen Egg 2":13,"Cracked Core":0},{"Inserter":9,"Vajra":6,"PreservedInsect":5,"Art of War":6,"Orichalcum":5,"Frozen Egg 2":7,"Cracked Core":0},{"Inserter":40,"Vajra":25,"PreservedInsect":22,"Art of War":25,"Orichalcum":22,"Frozen Egg 2":29,"Cracked Core":0}]},"card_choices":[{"not_picked":["Sweeping Beam","FTL"],"picked":"Defragment","floor":1},{"not_picked":["Barrage","Scrape"],"picked":"Cold Snap","floor":2},{"not_picked":["Sweeping Beam","Beam Cell"],"picked":"Barrage","floor":4},{"not_picked":["Hologram","Rebound"],"picked":"Conserve Battery","floor":5},{"not_picked":["Turbo","Thunder Strike"],"picked":"Consume","floor":8},{"not_picked":["Undo","Compile Driver"],"picked":"Ball Lightning","floor":10},{"not_picked":["Melter","Rip and Tear"],"picked":"Recycle","floor":13},{"not_picked":["Compile Driver","Ball Lightning"],"picked":"Leap","floor":14},{"not_picked":["Machine Learning+1","Hyperbeam"],"picked":"Seek","floor":16},{"not_picked":["Go for the Eyes+1","Stack"],"picked":"Undo","floor":18},{"not_picked":["Storm+1","Turbo+1"],"picked":"Steam Power+1","floor":19},{"not_picked":["Beam Cell+1","Steam+1"],"picked":"Force Field+1","floor":20},{"not_picked":["Loop+1","All For One"],"picked":"Self Repair+1","floor":21}],"player_experience":2894698,"relics_obtained":[{"floor":8,"key":"Orichalcum"},{"floor":9,"key":"PreservedInsect"},{"floor":10,"key":"Vajra"},{"floor":13,"key":"Frozen Egg 2"}],"event_choices":[{"damage_healed":0,"gold_gain":75,"player_choice":"Gather Gold","damage_taken":11,"max_hp_gain":0,"max_hp_loss":0,"event_name":"World of Goop","floor":3,"gold_loss":0},{"damage_healed":0,"gold_gain":0,"player_choice":"Grow","damage_taken":0,"max_hp_gain":0,"max_hp_loss":0,"event_name":"Living Wall","floor":7,"gold_loss":0,"cards_upgraded":["Defragment"]},{"damage_healed":0,"gold_gain":75,"player_choice":"Touch","damage_taken":7,"max_hp_gain":0,"max_hp_loss":0,"event_name":"FaceTrader","floor":12,"gold_loss":0}],"is_beta":true,"boss_relics":[{"not_picked":["Runic Pyramid","Runic Dome"],"picked":"Inserter"}],"items_purged_floors":[],"is_endless":false,"potions_floor_spawned":[2,4,5,13,19,21],"killed_by":"Centurion and Healer","ascension_level":10}}