{"host":"Letariel","time":1608594230,"event":{"mods":["BaseMod","Minty Spire (QoL Compilation)"],"gold_per_floor":[110,130,142,153,163,195,254,329,329,329,329,339,339,36,36,136,136,150,165,165,175,190,190,202,202,226,226,238,12,12,12,12,12,12],"floor_reached":33,"playtime":3722,"items_purged":["Strike_P"],"score":249,"play_id":"31087b39-1289-4651-b5ad-07571a3a117f","local_time":"20201221154350","is_ascension_mode":false,"campfire_choices":[{"data":"Eruption","floor":11,"key":"SMITH"},{"data":"Meditate","floor":13,"key":"SMITH"},{"data":"WaveOfTheHand","floor":15,"key":"SMITH"},{"floor":23,"key":"REST"},{"floor":25,"key":"REST"},{"data":"Worship","floor":32,"key":"SMITH"}],"circlet_count":0,"master_deck":["Strike_P","Strike_P","Defend_P","Defend_P","Eruption+1","Vigilance+1","FlurryOfBlows","Meditate+1","JustLucky","FlyingSleeves","EmptyFist","BattleHymn","DeceiveReality","LikeWater+1","Establishment+1","WaveOfTheHand+1","DeusExMachina","Worship+1","SashWhip","Perseverance","Vengeance","LikeWater+1","Prostrate","LessonLearned"],"relics":["PureWater","Damaru","Lantern","Frozen Egg 2","VioletLotus","MealTicket","Bronze Scales"],"acts_visited":["Exordium","TheCity"],"potions_floor_usage":[6,6,16,21,22],"damage_taken":[{"damage":0,"enemies":"Jaw Worm","floor":1,"turns":3},{"damage":5,"enemies":"Small Slimes","floor":2,"turns":4},{"damage":4,"enemies":"Cultist","floor":3,"turns":5},{"damage":9,"enemies":"Lots of Slimes","floor":4,"turns":5},{"damage":7,"enemies":"Blue Slaver","floor":5,"turns":2},{"damage":6,"enemies":"Lagavulin","floor":6,"turns":7},{"damage":19,"enemies":"Lagavulin Event","floor":7,"turns":5},{"damage":0,"enemies":"Exordium Thugs","floor":12,"turns":3},{"damage":8,"enemies":"Hexaghost","floor":16,"turns":8},{"damage":19,"enemies":"Spheric Guardian","floor":18,"turns":6},{"damage":13,"enemies":"Chosen","floor":19,"turns":7},{"damage":3,"enemies":"Snake Plant","floor":21,"turns":5},{"damage":17,"enemies":"Cultist and Chosen","floor":22,"turns":9},{"damage":23,"enemies":"3 Cultists","floor":24,"turns":5},{"damage":7,"enemies":"Snake Plant","floor":28,"turns":8},{"damage":57,"enemies":"Automaton","floor":33,"turns":10}],"seed_played":"75986382946217381","potions_obtained":[{"floor":1,"key":"AttackPotion"},{"floor":3,"key":"ColorlessPotion"},{"floor":4,"key":"Energy Potion"},{"floor":7,"key":"PowerPotion"},{"floor":18,"key":"GamblersBrew"},{"floor":21,"key":"Regen Potion"},{"floor":28,"key":"BottledMiracle"}],"is_trial":false,"path_per_floor":["M","M","M","M","M","E","?","?","T","?","R","M","R","$","R","B",null,"M","M","?","M","M","R","M","R","T","?","M","$","?","T","R","B"],"character_chosen":"WATCHER","items_purchased":["Establishment+1","WaveOfTheHand","Bronze Scales","LikeWater+1"],"campfire_rested":2,"item_purchase_floors":[14,14,29,29],"current_hp_per_floor":[72,67,63,54,47,41,22,11,11,35,35,35,35,35,35,27,72,53,40,27,24,22,45,22,45,45,45,38,53,53,53,53,0,0],"gold":12,"neow_bonus":"UPGRADE_CARD","is_daily":false,"chose_seed":false,"campfire_upgraded":4,"win_rate":0.0,"timestamp":1608594230,"path_taken":["M","M","M","M","M","E","?","?","T","?","R","M","R","$","R","BOSS","M","M","?","M","M","R","M","R","T","?","?","?","?","?","R","BOSS"],"items_purchased_type":["Card","Card","Relic","Card"],"build_version":"2020-12-18","purchased_purges":1,"victory":false,"max_hp_per_floor":[72,72,72,72,72,72,72,72,72,72,72,72,72,72,72,72,72,72,72,77,77,77,77,77,77,77,77,77,77,77,77,77,77,77],"card_choices":[{"not_picked":["InnerPeace","Protect"],"picked":"FlurryOfBlows","floor":1},{"not_picked":["EmptyFist","WindmillStrike"],"picked":"Meditate","floor":2},{"not_picked":["SignatureMove","Consecrate"],"picked":"JustLucky","floor":3},{"not_picked":["Prostrate","Vengeance"],"picked":"FlyingSleeves","floor":4},{"not_picked":["Study","Halt"],"picked":"EmptyFist","floor":5},{"not_picked":["LikeWater","SpiritShield"],"picked":"BattleHymn","floor":6},{"not_picked":["Crescendo","Prostrate"],"picked":"DeceiveReality","floor":7},{"not_picked":["ForeignInfluence","WreathOfFlame"],"picked":"LikeWater+1","floor":12},{"not_picked":["SpiritShield","Scrawl"],"picked":"DeusExMachina","floor":16},{"not_picked":["CrushJoints","Evaluate"],"picked":"Worship","floor":18},{"not_picked":["SandsOfTime+1","CutThroughFate+1","Evaluate"],"picked":"SKIP","floor":19},{"not_picked":["Ragnarok","CarveReality"],"picked":"SashWhip","floor":21},{"not_picked":["Consecrate","CutThroughFate+1"],"picked":"Perseverance","floor":22},{"not_picked":["Conclude","CutThroughFate","JustLucky"],"picked":"SKIP","floor":24},{"not_picked":["ClearTheMind","Consecrate+1","JustLucky"],"picked":"SKIP","floor":28}],"player_experience":719464,"relics_obtained":[{"floor":6,"key":"Damaru"},{"floor":7,"key":"Lantern"},{"floor":9,"key":"Frozen Egg 2"},{"floor":26,"key":"MealTicket"}],"event_choices":[{"damage_healed":0,"gold_gain":0,"player_choice":"Searched \u00272\u0027 times","damage_taken":0,"max_hp_gain":0,"max_hp_loss":0,"event_name":"Dead Adventurer","floor":7,"gold_loss":0},{"damage_healed":0,"gold_gain":75,"player_choice":"Gather Gold","damage_taken":11,"max_hp_gain":0,"max_hp_loss":0,"event_name":"World of Goop","floor":8,"gold_loss":0},{"damage_healed":24,"gold_gain":0,"player_choice":"Banana","damage_taken":0,"max_hp_gain":0,"max_hp_loss":0,"event_name":"Big Fish","floor":10,"gold_loss":0},{"damage_healed":0,"gold_gain":0,"player_choice":"Shed Blood","damage_taken":18,"max_hp_gain":5,"max_hp_loss":0,"event_name":"Forgotten Altar","floor":20,"gold_loss":0},{"damage_healed":0,"gold_gain":0,"cards_transformed":["Defend_P"],"player_choice":"Transformed","damage_taken":0,"max_hp_gain":0,"max_hp_loss":0,"event_name":"Transmorgrifier","floor":27,"gold_loss":0,"cards_obtained":["Vengeance"]},{"damage_healed":0,"gold_gain":0,"cards_transformed":["Strike_P","Defend_P"],"player_choice":"Became Test Subject","damage_taken":0,"max_hp_gain":0,"max_hp_loss":0,"event_name":"Drug Dealer","floor":30,"gold_loss":0,"cards_obtained":["Prostrate","LessonLearned"]}],"is_beta":true,"boss_relics":[{"not_picked":["Pandora\u0027s Box","Coffee Dripper"],"picked":"VioletLotus"}],"items_purged_floors":[14],"is_endless":false,"potions_floor_spawned":[1,3,4,7,18,21,28],"killed_by":"Automaton","ascension_level":0}}