{"host":"3vcyg0agvrtrxr7t","time":1608515140,"event":{"mods":["Act Like it!","BaseMod","Beaked The Cultist","Colored Map","Duelist Mod","Friendly Minions","Glutton Mod","Hermit","Kiyohime????","KomeijiMod","Lobotomy","Marisa????????","Minty Spire (QoL Compilation)","Replay The Spire","StSLib","The Construct","The Cursed","The Disciple","The Gatherer","The Hierophant","The Mystic","The Necromancer","The Servant 0.9.4"],"gold_per_floor":[112,131,62,62,62,62,62,62],"floor_reached":7,"playtime":237,"items_purged":[],"score":57,"play_id":"ddf02292-7940-42bc-b63f-fd10068e0c31","local_time":"20201220204540","daily_mods":["Heirloom","Flight"],"is_ascension_mode":true,"campfire_choices":[{"floor":6,"key":"REST"}],"circlet_count":0,"master_deck":["hermit:Strike_Hermit","hermit:Strike_Hermit","hermit:Strike_Hermit","hermit:Strike_Hermit","hermit:Defend_Hermit","hermit:Defend_Hermit","hermit:Defend_Hermit","hermit:Defend_Hermit","hermit:Snapshot","hermit:Covet","hermit:Vantage+1","hermit:Snipe+1","hermit:Combo+1"],"relics":["hermit:Momento","Turnip"],"acts_visited":["Exordium"],"potions_floor_usage":[],"damage_taken":[{"damage":10,"enemies":"Small Slimes","floor":1,"turns":3},{"damage":9,"enemies":"2 Louse","floor":2,"turns":3},{"damage":72,"enemies":"Gremlin Nob","floor":7,"turns":5}],"seed_played":"8454360235757780943","potions_obtained":[{"floor":2,"key":"Weak Potion"}],"is_trial":true,"path_per_floor":["M","M","$","?","?","R","E"],"character_chosen":"HERMIT","items_purchased":["hermit:Combo"],"campfire_rested":1,"item_purchase_floors":[3],"current_hp_per_floor":[58,49,49,34,34,56,0,0],"gold":62,"neow_bonus":"","is_daily":false,"chose_seed":false,"campfire_upgraded":0,"win_rate":0.0,"timestamp":1608515140,"path_taken":["M","M","$","?","?","R","E"],"items_purchased_type":["Card"],"build_version":"2020-12-13","purchased_purges":0,"victory":false,"max_hp_per_floor":[75,75,75,75,75,75,75,75],"card_choices":[{"not_picked":["hermit:Misfire","hermit:Malice"],"picked":"hermit:Vantage","floor":1},{"not_picked":["hermit:Dive","hermit:Glare"],"picked":"hermit:Snipe","floor":2}],"player_experience":78684,"relics_obtained":[],"event_choices":[{"damage_healed":0,"gold_gain":0,"player_choice":"Entered Light","damage_taken":15,"max_hp_gain":0,"max_hp_loss":0,"event_name":"Shining Light","floor":4,"gold_loss":0,"cards_upgraded":["hermit:Combo","hermit:Vantage"]},{"damage_healed":0,"gold_gain":0,"player_choice":"Grow","damage_taken":0,"max_hp_gain":0,"max_hp_loss":0,"event_name":"Living Wall","floor":5,"gold_loss":0,"cards_upgraded":["hermit:Snipe"]}],"is_beta":false,"boss_relics":[],"items_purged_floors":[],"is_endless":false,"potions_floor_spawned":[2],"killed_by":"Gremlin Nob","ascension_level":9}}