{"host":"uua02xqorlefedoe","time":1608524571,"event":{"mods":["AchievementEnabler","BaseMod","Bestiary","Colored Map","DeckTracker","Googly Eyes","Minty Spire (QoL Compilation)","Quick Restart","StSLib"],"gold_per_floor":[110,38,58,72,147,147,172,172,196,196,228,242,192,224,224,325,325,325,325,325,325,325,325,325,325,325],"floor_reached":25,"playtime":1884,"items_purged":[],"score":349,"play_id":"9ad5b11b-40d5-4b90-8802-3e0729a1f558","local_time":"20201221042251","is_ascension_mode":true,"campfire_choices":[{"data":"Well Laid Plans","floor":6.0,"key":"SMITH"},{"data":"Wraith Form v2","floor":8,"key":"SMITH"},{"floor":10,"key":"REST"},{"data":"Catalyst","floor":15,"key":"SMITH"},{"floor":24,"key":"REST"}],"circlet_count":0,"master_deck":["Strike_G","Strike_G","Strike_G","Strike_G","Defend_G","Defend_G","Defend_G","Defend_G","Defend_G","Survivor","Neutralize","Crippling Poison","Well Laid Plans+1","Poisoned Stab","Dagger Throw","Wraith Form v2+1","Catalyst+1","Leg Sweep","Cloak And Dagger","Die Die Die","Blur","Adrenaline","Night Terror","Quick Slash","Catalyst+1"],"relics":["Ring of the Snake","NeowsBlessing","Potion Belt","Happy Flower","Orichalcum","Ectoplasm","Nloth\u0027s Gift","The Courier"],"acts_visited":["Exordium","TheCity"],"potions_floor_usage":[7,11],"damage_taken":[{"damage":0.0,"enemies":"Cultist","floor":1.0,"turns":1.0},{"damage":0.0,"enemies":"Jaw Worm","floor":3.0,"turns":1.0},{"damage":0.0,"enemies":"Small Slimes","floor":4.0,"turns":1.0},{"damage":19,"enemies":"3 Sentries","floor":7,"turns":10},{"damage":8,"enemies":"Lagavulin","floor":11,"turns":9},{"damage":7,"enemies":"3 Louse","floor":12,"turns":4},{"damage":22,"enemies":"3 Sentries","floor":14,"turns":11},{"damage":8,"enemies":"Hexaghost","floor":16,"turns":12},{"damage":3,"enemies":"Spheric Guardian","floor":18,"turns":6},{"damage":24,"enemies":"3 Byrds","floor":20,"turns":5},{"damage":0,"enemies":"Snecko","floor":21,"turns":6},{"damage":9,"enemies":"Cultist and Chosen","floor":22,"turns":7},{"damage":17,"enemies":"Slavers","floor":23,"turns":13},{"damage":33,"enemies":"Gremlin Leader","floor":25,"turns":4}],"seed_played":"7109967871425919202","potions_obtained":[{"floor":1.0,"key":"Poison Potion"},{"floor":4.0,"key":"Block Potion"},{"floor":14,"key":"CunningPotion"},{"floor":22,"key":"FearPotion"}],"is_trial":false,"path_per_floor":["M","$","M","M","?","R","E","R","T","R","E","M","?","E","R","B",null,"M","?","M","M","M","E","R","E"],"character_chosen":"THE_SILENT","items_purchased":["Well Laid Plans"],"campfire_rested":2,"item_purchase_floors":[2],"current_hp_per_floor":[63,63,63,63,52,52,33,33,33,54,53,46,46,24,24,16,62,59,59,35,35,26,9,32,0,0],"gold":325,"neow_bonus":"THREE_ENEMY_KILL","is_daily":false,"chose_seed":false,"campfire_upgraded":3,"win_rate":0.0,"timestamp":1608524571,"path_taken":["M","?","M","?","?","R","E","R","T","R","E","M","?","E","R","BOSS","M","?","M","M","M","E","R","E"],"items_purchased_type":["Card"],"build_version":"2020-12-13","purchased_purges":0,"victory":false,"max_hp_per_floor":[70,70,70,70,70,70,70,70,70,70,77,77,77,77,77,77,77,77,77,77,77,77,77,77,77,77],"card_choices":[{"not_picked":["Eviscerate","Skewer"],"picked":"Crippling Poison","floor":1.0},{"not_picked":["Dodge and Roll","Cloak And Dagger"],"picked":"Poisoned Stab","floor":3.0},{"not_picked":["Underhanded Strike","Backflip"],"picked":"Dagger Throw","floor":4.0},{"not_picked":["Choke","Calculated Gamble"],"picked":"Wraith Form v2","floor":7},{"not_picked":["Dagger Spray","Well Laid Plans"],"picked":"Catalyst","floor":11},{"not_picked":["Predator","Dodge and Roll"],"picked":"Leg Sweep","floor":12},{"not_picked":["Storm of Steel","Slice"],"picked":"Cloak And Dagger","floor":14},{"not_picked":["Venomology","Phantasmal Killer"],"picked":"Die Die Die","floor":16},{"not_picked":["Bane","Infinite Blades"],"picked":"Blur","floor":18},{"not_picked":["Reflex","Poisoned Stab"],"picked":"Adrenaline","floor":20},{"not_picked":["Outmaneuver","Deadly Poison+1"],"picked":"Night Terror","floor":21},{"not_picked":["Cloak And Dagger","Sucker Punch"],"picked":"Quick Slash","floor":22},{"not_picked":["Acrobatics","Predator"],"picked":"Catalyst+1","floor":23}],"player_experience":480073,"relics_obtained":[{"floor":7,"key":"Potion Belt"},{"floor":9,"key":"Happy Flower"},{"floor":11,"key":"Strawberry"},{"floor":14,"key":"Orichalcum"},{"floor":23,"key":"The Courier"}],"event_choices":[{"damage_healed":0.0,"max_hp_gain":0.0,"max_hp_loss":0.0,"gold_gain":75.0,"event_name":"World of Goop","player_choice":"Gather Gold","floor":5.0,"gold_loss":0.0,"damage_taken":11.0},{"cards_removed":["Strike_G"],"damage_healed":0,"gold_gain":0,"player_choice":"Card Removal","damage_taken":0,"max_hp_gain":0,"max_hp_loss":0,"event_name":"The Cleric","floor":13,"gold_loss":50},{"damage_healed":0,"gold_gain":0,"player_choice":"Traded Relic","damage_taken":0,"relics_obtained":["Nloth\u0027s Gift"],"max_hp_gain":0,"max_hp_loss":0,"event_name":"N\u0027loth","floor":19,"relics_lost":["Strawberry"],"gold_loss":0}],"is_beta":false,"boss_relics":[{"not_picked":["Calling Bell","Tiny House"],"picked":"Ectoplasm"}],"items_purged_floors":[],"is_endless":false,"potions_floor_spawned":[1,4,14,22],"killed_by":"Gremlin Leader","ascension_level":9}}