{"host":"ufl0k2so27eic2iy","time":1608536598,"event":{"mods":["BaseMod","Minty Spire (QoL Compilation)","StSLib","The Animator"],"gold_per_floor":[129,204,222,135,135,170,170,201,276,294,311,326,326,326,326,424,424,423,443,217,217,217,217,272,272,272,272,272],"floor_reached":27,"playtime":1094,"items_purged":["animator:Strike_Elsword"],"score":418,"play_id":"bda4c13e-f78d-4755-99e8-ec519d06758c","local_time":"20201221074318","is_ascension_mode":true,"campfire_choices":[{"floor":7.0,"key":"REST"},{"data":"animator:SougenEsaka","floor":13.0,"key":"SMITH"},{"data":"animator:Hakurou","floor":15.0,"key":"SMITH"},{"data":"animator:Kagari","floor":23,"key":"SMITH"},{"floor":25,"key":"REST"}],"circlet_count":0,"master_deck":["AscendersBane","animator:Strike_Katanagatari","animator:Defend_Katanagatari","animator:Azekura","animator:Emonzaemon+1","animator:HighElfArcher+1","animator:Hakurou+1","animator:Strike_Kancolle","animator:Strike_Konosuba","animator:Defend_AngelBeats","animator:Defend_GoblinSlayer+1","animator:Defend_Konosuba","animator:Spearman+1","animator:ShizuruNakatsu","animator:SougenEsaka+1","animator:Kaijin","animator:Rimuru","animator:Kagari+1","animator:ShizuruNakatsu","animator:Shichika"],"relics":["animator:LivingPicture","animator:TheMissingPiece","Boot","Juzu Bracelet","White Beast Statue","Golden Idol","SlaversCollar","StoneCalendar","Whetstone"],"acts_visited":["Exordium","TheCity"],"potions_floor_usage":[18,19,20,24,27],"damage_taken":[{"damage":0.0,"enemies":"2 Louse","floor":1.0,"turns":3.0},{"damage":2.0,"enemies":"Jaw Worm","floor":3.0,"turns":4.0},{"damage":18.0,"enemies":"Gremlin Nob","floor":6.0,"turns":4.0},{"damage":13.0,"enemies":"3 Sentries","floor":8.0,"turns":10.0},{"damage":0.0,"enemies":"Small Slimes","floor":10.0,"turns":2.0},{"damage":3.0,"enemies":"3 Louse","floor":11.0,"turns":3.0},{"damage":0.0,"enemies":"Blue Slaver","floor":12.0,"turns":4.0},{"damage":9.0,"enemies":"Slime Boss","floor":16.0,"turns":9.0},{"damage":13,"enemies":"2 Thieves","floor":18,"turns":4},{"damage":9,"enemies":"Spheric Guardian","floor":19,"turns":6},{"damage":30,"enemies":"animator:HornedBat","floor":24,"turns":6},{"damage":29,"enemies":"Book of Stabbing","floor":27,"turns":5}],"seed_played":"-3899376151824427129","potions_obtained":[{"floor":1.0,"key":"Explosive Potion"},{"floor":6.0,"key":"Energy Potion"},{"floor":8.0,"key":"animator:FalseLifePotion"},{"floor":10.0,"key":"ColorlessPotion"},{"floor":11.0,"key":"SkillPotion"},{"floor":12.0,"key":"DuplicationPotion"},{"floor":16.0,"key":"Block Potion"},{"floor":18,"key":"SpeedPotion"},{"floor":19,"key":"Swift Potion"},{"floor":24,"key":"LiquidMemories"}],"is_trial":false,"path_per_floor":["M","?","M","?","?","E","R","E","T","M","M","M","R","?","R","B",null,"M","M","$","?","?","R","E","R","T","E"],"character_chosen":"THE_ANIMATOR","items_purchased":["animator:ShizuruNakatsu","Fruit Juice"],"campfire_rested":2,"item_purchase_floors":[20,20],"current_hp_per_floor":[60,49,47,47,47,30,50,37,37,37,34,34,34,34,34,25,52,39,30,35,35,35,35,5,24,24,0,0],"gold":272,"neow_bonus":"TEN_PERCENT_HP_BONUS","is_daily":false,"chose_seed":true,"campfire_upgraded":3,"win_rate":0.0,"timestamp":1608536598,"path_taken":["M","?","M","?","?","E","R","E","T","M","M","M","R","?","R","BOSS","M","M","$","?","?","R","E","R","T","E"],"items_purchased_type":["Card","Potion"],"build_version":"2020-12-13","purchased_purges":1,"victory":false,"max_hp_per_floor":[66,66,66,66,66,67,67,67,67,67,67,67,67,61,61,61,61,61,61,66,66,66,66,66,66,66,66,66],"card_choices":[{"not_picked":["animator:Azekura","animator:Kuribayashi"],"picked":"animator:HighElfArcher","floor":1.0},{"not_picked":["animator:LizardPriest","animator:Bozes"],"picked":"animator:Hakurou","floor":3.0},{"not_picked":["animator:Mitsuba","animator:Hakurou"],"picked":"animator:Spearman","floor":6.0},{"not_picked":["animator:Chibimoth","animator:Kagari"],"picked":"animator:ShizuruNakatsu","floor":8.0},{"not_picked":["animator:Genos","animator:Millim"],"picked":"animator:SougenEsaka","floor":10.0},{"not_picked":["animator:LizardPriest","animator:Kuribayashi","animator:HighElfArcher"],"picked":"SKIP","floor":11.0},{"not_picked":["animator:Kuribayashi","animator:Guren"],"picked":"animator:Kaijin","floor":12.0},{"not_picked":["animator:Shizu","animator:AkaneSenri"],"picked":"animator:Rimuru","floor":16.0},{"not_picked":["animator:ItamiYouji","animator:DwarfShaman+1"],"picked":"animator:Kagari","floor":19},{"not_picked":["animator:Shimako","animator:Souei+1"],"picked":"animator:Shichika","floor":24}],"player_experience":2339034,"relics_obtained":[{"floor":6.0,"key":"Boot"},{"floor":8.0,"key":"Juzu Bracelet"},{"floor":9.0,"key":"White Beast Statue"},{"floor":24,"key":"StoneCalendar"},{"floor":26,"key":"Whetstone"}],"event_choices":[{"damage_healed":0.0,"max_hp_gain":0.0,"max_hp_loss":0.0,"gold_gain":75.0,"event_name":"World of Goop","player_choice":"Gather Gold","floor":2.0,"gold_loss":0.0,"damage_taken":11.0},{"damage_healed":0.0,"max_hp_gain":0.0,"max_hp_loss":0.0,"gold_gain":0.0,"event_name":"Living Wall","player_choice":"Grow","floor":5.0,"gold_loss":0.0,"damage_taken":0.0,"cards_upgraded":["animator:Emonzaemon"]},{"damage_healed":0.0,"max_hp_gain":0.0,"max_hp_loss":6.0,"gold_gain":0.0,"event_name":"Golden Idol","player_choice":"Lose Max HP","floor":14.0,"gold_loss":0.0,"damage_taken":0.0,"relics_obtained":["Golden Idol"]},{"damage_healed":0,"gold_gain":0,"player_choice":"Ignored","damage_taken":0,"max_hp_gain":0,"max_hp_loss":0,"event_name":"The Mausoleum","floor":21,"gold_loss":0},{"damage_healed":0,"gold_gain":0,"player_choice":"Ignored","damage_taken":0,"max_hp_gain":0,"max_hp_loss":0,"event_name":"Vampires","floor":22,"gold_loss":0}],"is_beta":false,"boss_relics":[{"not_picked":["Empty Cage","animator:RacePiece"],"picked":"SlaversCollar"}],"items_purged_floors":[20],"is_endless":false,"potions_floor_spawned":[1,6,8,10,11,12,16,18,19,24],"killed_by":"Book of Stabbing","ascension_level":15}}