{"host":"a5lz0e76zb3fcwkm","time":1608544202,"event":{"mods":["AchievementEnabler","BaseMod","Colored Map","Colored Powertips","Minty Spire (QoL Compilation)","StSLib","SuperFastMode"],"gold_per_floor":[362,380,398,398,62,62,62,76,76,76,145,174,174,249,249,324,324,340,101,101,101,26,39,54,54,354,354,404,431,450,465,465,538,538,549,449,466,476,476,476,504,184,184,219,219,252,252,266,266,266,266,266,266,101,126,126],"floor_reached":57,"playtime":1308,"items_purged":["Strike_R","Strike_R","Strike_R+1"],"score":2837,"play_id":"a29a1e67-44f5-48a8-bd37-c4d86754cc3d","local_time":"20201221185002","is_ascension_mode":true,"campfire_choices":[{"data":"Pommel Strike","floor":7.0,"key":"SMITH"},{"data":"Whirlwind","floor":10.0,"key":"SMITH"},{"floor":13.0,"key":"REST"},{"floor":15.0,"key":"REST"},{"floor":25.0,"key":"REST"},{"floor":27.0,"key":"REST"},{"floor":32.0,"key":"RECALL"},{"floor":40.0,"key":"DIG"},{"floor":49.0,"key":"DIG"},{"floor":53.0,"key":"DIG"}],"circlet_count":0,"master_deck":["AscendersBane","Defend_R+1","Defend_R","Defend_R","Bash","Pommel Strike+1","Spot Weakness","Whirlwind+1","Limit Break+1","Warcry+1","Necronomicurse","Whirlwind+1","Heavy Blade+1","Battle Trance+1","Reaper+1","Master of Strategy+1","Second Wind+1","True Grit+1"],"relics":["Burning Blood","Bag of Preparation","Blood Vial","Molten Egg 2","Toxic Egg 2","CaptainsWheel","Fusion Hammer","Chemical X","Necronomicon","Old Coin","Shovel","Busted Crown","Dream Catcher","Juzu Bracelet","Bag of Marbles","Anchor","Sundial","Letter Opener","Gremlin Horn"],"acts_visited":["Exordium","TheCity","TheBeyond","TheEnding"],"potions_floor_usage":[56,56],"damage_taken":[{"damage":2.0,"enemies":"Cultist","floor":1.0,"turns":4.0},{"damage":9.0,"enemies":"Small Slimes","floor":2.0,"turns":5.0},{"damage":8.0,"enemies":"Jaw Worm","floor":3.0,"turns":5.0},{"damage":2.0,"enemies":"2 Fungi Beasts","floor":8.0,"turns":3.0},{"damage":47.0,"enemies":"Lagavulin","floor":12.0,"turns":7.0},{"damage":21.0,"enemies":"The Guardian","floor":16.0,"turns":11.0},{"damage":6.0,"enemies":"Spheric Guardian","floor":18.0,"turns":4.0},{"damage":0.0,"enemies":"Chosen","floor":23.0,"turns":2.0},{"damage":35.0,"enemies":"Snake Plant","floor":24.0,"turns":3.0},{"damage":14.0,"enemies":"Book of Stabbing","floor":29.0,"turns":2.0},{"damage":4.0,"enemies":"Centurion and Healer","floor":30.0,"turns":2.0},{"damage":0.0,"enemies":"3 Cultists","floor":31.0,"turns":1.0},{"damage":16.0,"enemies":"Automaton","floor":33.0,"turns":3.0},{"damage":0.0,"enemies":"Orb Walker","floor":35.0,"turns":1.0},{"damage":4.0,"enemies":"3 Shapes","floor":37.0,"turns":5.0},{"damage":0.0,"enemies":"Jaw Worm Horde","floor":38.0,"turns":1.0},{"damage":0.0,"enemies":"Giant Head","floor":41.0,"turns":4.0},{"damage":0.0,"enemies":"Reptomancer","floor":44.0,"turns":2.0},{"damage":39.0,"enemies":"Nemesis","floor":46.0,"turns":3.0},{"damage":0.0,"enemies":"Transient","floor":48.0,"turns":4.0},{"damage":22.0,"enemies":"Time Eater","floor":50.0,"turns":3.0},{"damage":12.0,"enemies":"Awakened One","floor":51.0,"turns":3.0},{"damage":2.0,"enemies":"Shield and Spear","floor":55.0,"turns":2.0},{"damage":141,"enemies":"The Heart","floor":56,"turns":6}],"seed_played":"-9170259653663188656","potions_obtained":[{"floor":1.0,"key":"Strength Potion"},{"floor":2.0,"key":"BloodPotion"},{"floor":3.0,"key":"SpeedPotion"},{"floor":24.0,"key":"SteroidPotion"},{"floor":29.0,"key":"Block Potion"},{"floor":38.0,"key":"GamblersBrew"},{"floor":55.0,"key":"Swift Potion"}],"is_trial":false,"path_per_floor":["M","M","M","?","$","?","R","M","T","R","T","E","R","?","R","B",null,"M","$","?","?","$","M","M","R","T","R","?","E","M","M","R","B",null,"M","$","M","M","?","R","E","$","T","E","?","E","?","M","R","B","B",null,"R","$","E","B",null],"character_chosen":"IRONCLAD","items_purchased":["Bag of Preparation","Blood Vial","Chemical X","Whirlwind+1","Master of Strategy+1","SteroidPotion","Second Wind+1","True Grit+1"],"campfire_rested":4,"item_purchase_floors":[5,5,19,22,42,54,54,54],"current_hp_per_floor":[54,51,64,41,41,41,41,47,47,47,47,8,30,19,41,28,63,65,65,65,44,44,52,25,47,47,69,69,63,67,75,75,65,73,75,75,75,75,75,75,75,75,75,75,75,74,74,75,75,75,69,74,74,74,75,15],"gold":126,"neow_bonus":"TWO_FIFTY_GOLD","is_daily":false,"chose_seed":false,"campfire_upgraded":2,"win_rate":0.0,"timestamp":1608544202,"path_taken":["M","M","M","?","$","?","R","M","T","R","?","E","R","?","R","BOSS","M","$","?","?","$","M","M","R","T","R","?","E","?","M","R","BOSS","M","$","?","M","?","R","E","$","T","E","?","E","?","M","R","BOSS","BOSS","R","$","E","BOSS"],"items_purchased_type":["Relic","Relic","Relic","Card","Card","Potion","Card","Card"],"build_version":"2020-12-13","purchased_purges":3,"victory":true,"max_hp_per_floor":[75,75,75,75,75,75,75,75,75,75,75,75,75,75,75,75,75,75,75,75,75,75,75,75,75,75,75,75,75,75,75,75,75,75,75,75,75,75,75,75,75,75,75,75,75,75,75,75,75,75,75,75,75,75,75,75],"card_choices":[{"not_picked":["Fire Breathing","Dark Embrace"],"picked":"Pommel Strike","floor":1.0},{"not_picked":["Ghostly Armor","Fire Breathing","Thunderclap"],"picked":"SKIP","floor":2.0},{"not_picked":["Clash","Dual Wield","Anger"],"picked":"SKIP","floor":3.0},{"not_picked":["Reckless Charge","Perfected Strike"],"picked":"Whirlwind","floor":8.0},{"not_picked":["Burning Pact+1","Clash+1","Cleave+1"],"picked":"SKIP","floor":12.0},{"not_picked":["Barricade","Double Tap+1"],"picked":"Limit Break+1","floor":16.0},{"not_picked":["Cleave+1","Iron Wave+1"],"picked":"Warcry+1","floor":18.0},{"not_picked":["Clothesline+1","Heavy Blade+1","Anger+1"],"picked":"SKIP","floor":23.0},{"not_picked":["Wild Strike+1","Berserk"],"picked":"Heavy Blade+1","floor":24.0},{"not_picked":["Sever Soul+1","Anger+1"],"picked":"Battle Trance+1","floor":29.0},{"not_picked":["Thunderclap+1","Sword Boomerang+1","Headbutt+1"],"picked":"SKIP","floor":30.0},{"not_picked":["Dual Wield+1","Iron Wave+1","Cleave+1"],"picked":"SKIP","floor":31.0},{"not_picked":["Corruption","Limit Break+1"],"picked":"Reaper+1","floor":33.0},{"not_picked":["Thunderclap+1"],"picked":"SKIP","floor":35.0},{"not_picked":["Anger+1"],"picked":"SKIP","floor":37.0},{"not_picked":["Havoc+1"],"picked":"SKIP","floor":38.0},{"not_picked":["Seeing Red+1"],"picked":"SKIP","floor":41.0},{"not_picked":["Heavy Blade+1"],"picked":"SKIP","floor":44.0},{"not_picked":["Wild Strike+1"],"picked":"SKIP","floor":46.0},{"not_picked":["Perfected Strike+1"],"picked":"SKIP","floor":48.0},{"not_picked":["Carnage+1"],"picked":"SKIP","floor":55.0}],"player_experience":1630617,"relics_obtained":[{"floor":9.0,"key":"Molten Egg 2"},{"floor":11.0,"key":"Toxic Egg 2"},{"floor":12.0,"key":"CaptainsWheel"},{"floor":21.0,"key":"Necronomicon"},{"floor":26.0,"key":"Old Coin"},{"floor":29.0,"key":"Shovel"},{"floor":40.0,"key":"Dream Catcher"},{"floor":41.0,"key":"Juzu Bracelet"},{"floor":44.0,"key":"Bag of Marbles"},{"floor":46.0,"key":"Anchor"},{"floor":49.0,"key":"Sundial"},{"floor":53.0,"key":"Letter Opener"},{"floor":55.0,"key":"Gremlin Horn"}],"event_choices":[{"damage_healed":0.0,"max_hp_gain":0.0,"max_hp_loss":0.0,"gold_gain":0.0,"event_name":"Shining Light","player_choice":"Entered Light","floor":4.0,"gold_loss":0.0,"damage_taken":23.0,"cards_upgraded":["Defend_R","Strike_R"]},{"damage_healed":0.0,"max_hp_gain":0.0,"max_hp_loss":0.0,"gold_gain":0.0,"cards_transformed":["Strike_R"],"event_name":"Living Wall","player_choice":"Change","floor":6.0,"gold_loss":0.0,"damage_taken":0.0,"cards_obtained":["Spot Weakness"]},{"damage_healed":0.0,"max_hp_gain":0.0,"max_hp_loss":0.0,"gold_gain":75.0,"event_name":"World of Goop","player_choice":"Gather Gold","floor":14.0,"gold_loss":0.0,"damage_taken":11.0},{"damage_healed":0.0,"max_hp_gain":0.0,"max_hp_loss":0.0,"gold_gain":0.0,"event_name":"Ghosts","player_choice":"Ignored","floor":20.0,"gold_loss":0.0,"damage_taken":0.0},{"damage_healed":0.0,"max_hp_gain":0.0,"max_hp_loss":0.0,"gold_gain":0.0,"event_name":"Cursed Tome","player_choice":"Obtained Book","floor":21.0,"gold_loss":0.0,"damage_taken":21.0},{"damage_healed":0.0,"max_hp_gain":0.0,"max_hp_loss":0.0,"gold_gain":50.0,"event_name":"Nest","player_choice":"Stole From Cult","floor":28.0,"gold_loss":0.0,"damage_taken":0.0},{"cards_removed":["Strike_R"],"damage_healed":0.0,"max_hp_gain":0.0,"max_hp_loss":0.0,"gold_gain":0.0,"event_name":"Purifier","player_choice":"Purged","floor":39.0,"gold_loss":0.0,"damage_taken":0.0},{"damage_healed":0.0,"max_hp_gain":0.0,"max_hp_loss":0.0,"gold_gain":0.0,"event_name":"Tomb of Lord Red Mask","player_choice":"Ignored","floor":45.0,"gold_loss":0.0,"damage_taken":0.0},{"cards_removed":["Defend_R"],"damage_healed":0.0,"max_hp_gain":0.0,"max_hp_loss":0.0,"gold_gain":0.0,"event_name":"Falling","player_choice":"Removed Skill","floor":47.0,"gold_loss":0.0,"damage_taken":0.0}],"is_beta":false,"boss_relics":[{"not_picked":["Calling Bell","Runic Cube"],"picked":"Fusion Hammer"},{"not_picked":["Pandora\u0027s Box","Black Star"],"picked":"Busted Crown"}],"items_purged_floors":[19,36,42],"is_endless":false,"potions_floor_spawned":[1,2,3,24,29,31,37,38,44,55],"ascension_level":20}}