{"host":"wl1tbx6tghg66ijw","time":1608549387,"event":{"mods":["BaseMod","BetterRewards","Colored Map","Dota2Spire","Minty Spire (QoL Compilation)","Replay The Spire","Robot Space Explorer","Spicy Shops","StSLib","The Dragon Tamer","The Servant 0.9.4","【东方二次创作】八云紫mod"],"gold_per_floor":[118,118,137,157,169,202,202,202,202,218,43,56,76,111,111,213,213,235,263,275,304,336,348,348,348],"floor_reached":23,"playtime":1633,"items_purged":["DTMod:TargetDefense","DTMod:Strike"],"score":357,"play_id":"d948e66f-89ac-4093-b156-a8bdb88136ae","local_time":"20201221191627","is_ascension_mode":false,"metric_token":791,"campfire_choices":[{"data":"DTMod:Training","floor":7.0,"key":"SMITH"},{"data":"DTMod:SealedStrike","floor":15.0,"key":"SMITH"}],"dtmod_dragon_data":[0,50,3,-1,2,0],"circlet_count":0,"master_deck":["DTMod:Strike","DTMod:Strike","DTMod:DoubleHit+1","DTMod:TargetDefense","DTMod:TargetDefense","DTMod:TargetDefense","DTMod:SwitchingTactic","DTMod:ShieldDrain","DTMod:HeatWave","DTMod:Training","DTMod:Training+1","DTMod:ComboAttack","DTMod:DragonDance","DTMod:SealedStrike+1","CurseOfTheBell"],"relics":["DTMod:PactStone","Dota2Spire:PhaseBoots","Gremlin Food","Dream Catcher","DTMod:BindingString","Shuriken","Calling Bell","MawBank","Durian","InkBottle"],"acts_visited":["Exordium","TheCity"],"potions_floor_usage":[22,23,23],"damage_taken":[{"damage":0.0,"enemies":"Small Slimes","floor":1.0,"turns":3.0},{"damage":0.0,"enemies":"Cultist","floor":3.0,"turns":4.0},{"damage":0.0,"enemies":"2 Louse","floor":4.0,"turns":2.0},{"damage":0.0,"enemies":"2 Fungi Beasts","floor":5.0,"turns":3.0},{"damage":0.0,"enemies":"Gremlin Nob","floor":6.0,"turns":3.0},{"damage":0.0,"enemies":"Blue Slaver","floor":10.0,"turns":2.0},{"damage":0.0,"enemies":"Looter","floor":12.0,"turns":3.0},{"damage":0.0,"enemies":"Exordium Wildlife","floor":13.0,"turns":3.0},{"damage":0.0,"enemies":"Lagavulin","floor":14.0,"turns":5.0},{"damage":25.0,"enemies":"Slime Boss","floor":16.0,"turns":7.0},{"damage":3.0,"enemies":"Shell Parasite","floor":18.0,"turns":5.0},{"damage":1.0,"enemies":"Chosen","floor":19.0,"turns":4.0},{"damage":11,"enemies":"Snake Plant","floor":21,"turns":4},{"damage":0,"enemies":"Cultist and Chosen","floor":22,"turns":7},{"damage":35,"enemies":"Gremlin Leader","floor":23,"turns":6}],"seed_played":"4060329286832111261","potions_obtained":[{"floor":3.0,"key":"Elixir"},{"floor":4.0,"key":"SteroidPotion"},{"floor":6.0,"key":"LiquidBronze"},{"floor":16.0,"key":"BlessingOfTheForge"},{"floor":21,"key":"Block Potion"},{"floor":22,"key":"DuplicationPotion"}],"is_trial":false,"path_per_floor":["M","?","M","M","M","E","R","?","T","M","$","M","M","E","R","B",null,"M","M","$","M","M","E"],"character_chosen":"THE_DT","items_purchased":["Dota2Spire:PhaseBoots","DTMod:BindingString"],"campfire_rested":0,"item_purchase_floors":[0,11],"current_hp_per_floor":[40,40,40,40,40,40,40,33,33,33,33,33,33,33,33,8,50,47,46,46,35,35,0,0,0],"gold":348,"neow_bonus":"","is_daily":false,"chose_seed":false,"campfire_upgraded":2,"win_rate":0.0,"timestamp":1608549387,"path_taken":["M","?","M","?","M","E","R","?","T","M","$","M","M","E","R","BOSS","M","M","$","M","M","E"],"items_purchased_type":["Relic","Relic"],"build_version":"2020-12-13","purchased_purges":2,"victory":false,"max_hp_per_floor":[45,45,45,45,45,45,45,45,45,45,45,45,45,45,45,45,50,50,50,50,50,50,50,50,50],"card_choices":[{"not_picked":["DTMod:BurningEnergy","DTMod:TauntingStrike"],"picked":"DTMod:ShieldDrain","floor":1.0},{"not_picked":["DTMod:PurifyingFlame","DTMod:Coolant"],"picked":"DTMod:HeatWave","floor":3.0},{"not_picked":["DTMod:Cover","DTMod:MasterPlan","DTMod:LowKick"],"picked":"SKIP","floor":4.0},{"not_picked":["DTMod:BlueScale","DTMod:MasterPlan"],"picked":"DTMod:Training","floor":5.0},{"not_picked":["DTMod:InvisibleFlame","DTMod:Overwhelm"],"picked":"DTMod:Training","floor":6.0},{"not_picked":["DTMod:Haste","DTMod:Observe"],"picked":"DTMod:ComboAttack","floor":10.0},{"not_picked":["DTMod:FlameSlash","DTMod:RunningTactic"],"picked":"DTMod:DragonDance","floor":12.0},{"not_picked":["DTMod:Overwhelm","DTMod:BurningEnergy","DTMod:Weaken"],"picked":"SKIP","floor":13.0},{"not_picked":["DTMod:StunTrap","DTMod:BlueScale"],"picked":"DTMod:SealedStrike","floor":14.0},{"not_picked":["DTMod:InvisibleFlame","DTMod:MasterPlan","DTMod:Haste"],"picked":"SKIP","floor":18.0},{"not_picked":["DTMod:Punisher","DTMod:RecklessFlurry+1","DTMod:Cover"],"picked":"SKIP","floor":19.0},{"not_picked":["DTMod:Punisher","DTMod:BlazingStrike","DTMod:BurningEnergy"],"picked":"SKIP","floor":21},{"not_picked":["DTMod:CleansingStrike","DTMod:Coolant","DTMod:MasterPlan"],"picked":"SKIP","floor":22}],"player_experience":4700,"relics_obtained":[{"floor":6.0,"key":"Gremlin Food"},{"floor":9.0,"key":"Dream Catcher"},{"floor":14.0,"key":"Shuriken"},{"floor":17.0,"key":"MawBank"},{"floor":17.0,"key":"Durian"},{"floor":17.0,"key":"InkBottle"}],"event_choices":[{"damage_healed":0.0,"max_hp_gain":0.0,"max_hp_loss":0.0,"gold_gain":0.0,"event_name":"Accursed Blacksmith","player_choice":"Forge","floor":2.0,"gold_loss":0.0,"damage_taken":0.0,"cards_upgraded":["DTMod:DoubleHit"]},{"cards_removed":["DTMod:Strike"],"damage_healed":0.0,"max_hp_gain":0.0,"max_hp_loss":0.0,"gold_gain":0.0,"event_name":"Golden Wing","player_choice":"Card Removal","floor":8.0,"gold_loss":0.0,"damage_taken":7.0}],"is_beta":false,"boss_relics":[{"not_picked":["ChewingGum","ReplayTheSpireMod:DimensionalGlitch"],"picked":"Calling Bell"}],"items_purged_floors":[0,11],"is_endless":false,"potions_floor_spawned":[3,4,6,14,16,21,22],"killed_by":"Gremlin Leader","ascension_level":0}}