{"host":"newqdrzxfhh2im9e","time":1608516967,"event":{"mods":["AchievementEnabler","BaseMod","BetterRewards","Block Reminder","Colored Map","Jorbs\u0027s Wanderer Trilogy","Minty Spire (QoL Compilation)","Rare Cards Sparkle","Shop Mod","StSLib"],"gold_per_floor":[113,288,288,27,47,76,76,106,185,205,216,234,264,13,13,118,118,132,146,146,146,146,180,180,199,223,223,40,40,40,65,65,65,65],"floor_reached":33,"playtime":901,"items_purged":[],"score":342,"play_id":"f7af18b8-1c65-4d91-a16e-e2b9b496b630","local_time":"20201220181607","is_ascension_mode":true,"campfire_choices":[{"data":"Defragment","floor":7,"key":"SMITH"},{"data":"Metamorphosis","floor":15,"key":"SMITH"},{"floor":24,"key":"REST"},{"data":"Echo Form","floor":27,"key":"SMITH"},{"data":"Sunder","floor":29,"key":"SMITH"},{"floor":32,"key":"REST"}],"circlet_count":0,"master_deck":["Strike_B+1","Strike_B+1","Strike_B+1","Strike_B+1","Defend_B+1","Defend_B+1","Defend_B+1","Defend_B+1","Zap","Dualcast","Doubt","Self Repair","Sweeping Beam","Streamline","Defragment+1","Storm","Loop","Loop","Seek","Metamorphosis+1","Storm","Echo Form","Static Discharge+1","Creative AI","Echo Form+1","Doom and Gloom+1","Sunder+1","Glacier"],"relics":["Cracked Core","NeowsBlessing","PreservedInsect","Anchor","Question Card","HornCleat","Blood Vial","Inserter","Smiling Mask","Pen Nib","ClockworkSouvenir","TungstenRod"],"acts_visited":["Exordium","TheCity"],"potions_floor_usage":[6,8,8,8,16,19,31],"damage_taken":[{"damage":0,"enemies":"Jaw Worm","floor":1,"turns":1},{"damage":0,"enemies":"Small Slimes","floor":5,"turns":1},{"damage":0,"enemies":"3 Sentries","floor":6,"turns":1},{"damage":18,"enemies":"Lagavulin","floor":8,"turns":3},{"damage":0,"enemies":"Cultist","floor":10,"turns":3},{"damage":0,"enemies":"Exordium Wildlife","floor":11,"turns":3},{"damage":0,"enemies":"2 Fungi Beasts","floor":12,"turns":3},{"damage":13,"enemies":"3 Sentries","floor":13,"turns":4},{"damage":23,"enemies":"Hexaghost","floor":16,"turns":8},{"damage":0,"enemies":"Spheric Guardian","floor":18,"turns":3},{"damage":6,"enemies":"3 Byrds","floor":19,"turns":2},{"damage":40,"enemies":"Slavers","floor":23,"turns":3},{"damage":2,"enemies":"Centurion and Healer","floor":25,"turns":4},{"damage":21,"enemies":"Book of Stabbing","floor":31,"turns":5},{"damage":75,"enemies":"Automaton","floor":33,"turns":6}],"seed_played":"-8735557368127748612","potions_obtained":[{"floor":1,"key":"SteroidPotion"},{"floor":3,"key":"ColorlessPotion"},{"floor":3,"key":"AttackPotion"},{"floor":6,"key":"ColorlessPotion"},{"floor":13,"key":"ColorlessPotion"},{"floor":16,"key":"Swift Potion"},{"floor":23,"key":"Block Potion"},{"floor":31,"key":"BlessingOfTheForge"}],"is_trial":false,"path_per_floor":["M","?","?","$","M","E","R","E","T","M","M","M","E","$","R","B",null,"M","M","?","?","?","E","R","M","T","R","$","R","?","E","R","B"],"character_chosen":"DEFECT","items_purchased":["Self Repair","PreservedInsect","Sweeping Beam","Metamorphosis","Storm","ClockworkSouvenir","Sunder"],"campfire_rested":2,"item_purchase_floors":[4,4,4,14,14,28,28],"current_hp_per_floor":[75,75,75,75,75,75,75,64,64,71,75,75,69,69,69,48,75,75,69,69,69,69,38,60,60,60,60,60,60,60,41,63,0,0],"gold":65,"neow_bonus":"THREE_ENEMY_KILL","is_daily":false,"chose_seed":false,"campfire_upgraded":4,"win_rate":0.0,"timestamp":1608516967,"path_taken":["M","?","?","$","M","E","R","E","T","M","M","M","E","$","R","BOSS","M","M","?","?","?","E","R","M","T","R","$","R","?","E","R","BOSS"],"items_purchased_type":["Card","Relic","Card","Card","Card","Relic","Card"],"build_version":"2020-12-13","purchased_purges":0,"victory":false,"max_hp_per_floor":[75,75,75,75,75,75,75,75,75,75,75,75,75,75,75,75,75,75,75,75,75,75,75,75,75,75,75,75,75,75,75,75,75,75],"card_choices":[{"not_picked":["Steam Power","Turbo","Barrage"],"picked":"SKIP","floor":1},{"not_picked":["Coolheaded","Beam Cell"],"picked":"Streamline","floor":5},{"not_picked":["Go for the Eyes","Auto Shields"],"picked":"Defragment","floor":6},{"not_picked":["Consume","Coolheaded"],"picked":"Storm","floor":8},{"not_picked":["Melter","Rebound","Ball Lightning"],"picked":"Loop","floor":10},{"not_picked":["Streamline","Steam","Chill"],"picked":"Loop","floor":11},{"not_picked":["Redo","Cold Snap","Coolheaded","Rebound"],"picked":"SKIP","floor":12},{"not_picked":["Fusion","Compile Driver","Doom and Gloom"],"picked":"Seek","floor":13},{"not_picked":["Biased Cognition","Machine Learning","Amplify"],"picked":"Echo Form","floor":16},{"not_picked":["Hologram+1","Turbo","Rebound+1"],"picked":"Static Discharge+1","floor":18},{"not_picked":["Gash","Steam","Cold Snap+1","Streamline"],"picked":"SKIP","floor":19},{"not_picked":["Streamline","Blizzard","Gash"],"picked":"Echo Form","floor":23},{"not_picked":["Undo","Loop","Sweeping Beam"],"picked":"Doom and Gloom+1","floor":25},{"not_picked":["Rebound","Go for the Eyes","Leap"],"picked":"Glacier","floor":31}],"player_experience":626673,"relics_obtained":[{"floor":6,"key":"Anchor"},{"floor":8,"key":"Question Card"},{"floor":9,"key":"HornCleat"},{"floor":13,"key":"Blood Vial"},{"floor":23,"key":"Smiling Mask"},{"floor":26,"key":"Pen Nib"},{"floor":31,"key":"TungstenRod"}],"event_choices":[{"damage_healed":0,"gold_gain":175,"player_choice":"AGREE","damage_taken":0,"max_hp_gain":0,"max_hp_loss":0,"event_name":"Liars Game","floor":2,"gold_loss":0,"cards_obtained":["Doubt"]},{"damage_healed":0,"gold_gain":0,"player_choice":"Got Potions","damage_taken":0,"max_hp_gain":0,"max_hp_loss":0,"event_name":"Lab","floor":3,"gold_loss":0},{"damage_healed":0,"gold_gain":0,"player_choice":"Read","damage_taken":0,"max_hp_gain":0,"max_hp_loss":0,"event_name":"The Library","floor":20,"gold_loss":0,"cards_obtained":["Creative AI"]},{"damage_healed":0,"gold_gain":0,"player_choice":"Simplicity","damage_taken":0,"max_hp_gain":0,"max_hp_loss":0,"event_name":"Back to Basics","floor":21,"gold_loss":0,"cards_upgraded":["Strike_B","Strike_B","Strike_B","Strike_B","Defend_B","Defend_B","Defend_B","Defend_B"]},{"damage_healed":0,"gold_gain":0,"player_choice":"Ignored","damage_taken":0,"max_hp_gain":0,"max_hp_loss":0,"event_name":"Ghosts","floor":22,"gold_loss":0},{"damage_healed":0,"gold_gain":0,"player_choice":"Ignored","damage_taken":0,"max_hp_gain":0,"max_hp_loss":0,"event_name":"Vampires","floor":30,"gold_loss":0}],"is_beta":false,"boss_relics":[{"not_picked":["Snecko Eye","Cursed Key"],"picked":"Inserter"}],"items_purged_floors":[],"is_endless":false,"potions_floor_spawned":[1,6,13,16,23,31],"killed_by":"Automaton","ascension_level":1}}