{"host":"9l1t8qfvjw8023k6","time":1608572962,"event":{"mods":["AchievementEnabler","Aspiration","BaseMod","Conspire","Defuse TimeMaze Blight","Energized Spire","GungeonMod","Hubris","Infinite Spire","Jedi Mod","Lobotomy","Minty Spire (QoL Compilation)","Quick Restart","Replay The Spire","Shop Mod","StSLib","The Animator","The Bug Knight","The Construct","The Jungle","The Runesmith","The Servant 0.9.4"],"gold_per_floor":[109,120,120,120,147,147,147,192,192],"floor_reached":8,"playtime":424,"items_purged":[],"score":88,"play_id":"14bdf6e5-c2f9-49b6-b01a-9c37e139b836","local_time":"20201221104922","daily_mods":["Draft","Vintage","Heirloom","Time Dilation","Flight","DeadlyEvents","Elite Swarm"],"is_ascension_mode":true,"campfire_choices":[{"data":"Echo Form","floor":6,"key":"SMITH"},{"data":"White Noise","floor":7,"key":"SMITH"}],"circlet_count":0,"master_deck":["AscendersBane","Turbo","White Noise+1","Stack","Go for the Eyes","Conserve Battery","Panic Button","Gash","Capacitor","jedi:hex","Beam Cell","Crystallizer","Storm","Go for the Eyes","Capacitor","Fusion","CommonCold","Echo Form+1","hubris:NaturalOne"],"relics":["Unceasing Top","DemoMod:SevenLeafClover","jedi:Pinwheel","Bottled Lightning","ReplayTheSpireMod:Ring of Challenge","ReplayTheSpireMod:Ring of Sloth","hubris:Icosahedron","hubris:FunFungus","hubris:SlimyHat"],"acts_visited":["Exordium"],"potions_floor_usage":[],"damage_taken":[{"damage":0,"enemies":"Cultist","floor":1,"turns":3},{"damage":11,"enemies":"Small Slimes","floor":2,"turns":4},{"damage":38,"enemies":"3 Sentries","floor":8,"turns":4}],"seed_played":"-1070906561364174950","potions_obtained":[],"is_trial":true,"path_per_floor":["M","M","?","?","T","R","R","E"],"character_chosen":"DEFECT","items_purchased":[],"campfire_rested":0,"item_purchase_floors":[],"current_hp_per_floor":[64,53,53,53,53,53,53,17,17],"gold":192,"neow_bonus":"","is_daily":false,"chose_seed":false,"campfire_upgraded":2,"win_rate":0.0,"timestamp":1608572962,"path_taken":["M","M","?","?","?","R","R","E"],"items_purchased_type":[],"build_version":"2020-12-13","purchased_purges":0,"victory":false,"max_hp_per_floor":[71,71,71,71,71,71,71,71,71],"card_choices":[{"not_picked":["hubris:PowerSurge","Streamline"],"picked":"Turbo","floor":0},{"not_picked":["Leap","Force Field"],"picked":"White Noise","floor":0},{"not_picked":["ReplayTheSpireMod:Reroute Power","Ball Lightning"],"picked":"Stack","floor":0},{"not_picked":["Steam","Hologram"],"picked":"Go for the Eyes","floor":0},{"not_picked":["Coolheaded","Rebound"],"picked":"Conserve Battery","floor":0},{"not_picked":["Hologram","Chaos"],"picked":"Panic Button","floor":0},{"not_picked":["Barrage","Compile Driver"],"picked":"Gash","floor":0},{"not_picked":["Hologram","ReplayTheSpireMod:Dual Polarity"],"picked":"Capacitor","floor":0},{"not_picked":["jedi:blockon","ReplayTheSpireMod:System Scan"],"picked":"jedi:hex","floor":0},{"not_picked":["Turbo","Conserve Battery"],"picked":"Beam Cell","floor":0},{"not_picked":["Sweeping Beam","Cold Snap"],"picked":"Crystallizer","floor":0},{"not_picked":["Redo","Conserve Battery"],"picked":"Storm","floor":0},{"not_picked":["jedi:hex","Barrage"],"picked":"Go for the Eyes","floor":0},{"not_picked":["Conserve Battery","Gash"],"picked":"Capacitor","floor":0},{"not_picked":["Sunder","Redo"],"picked":"Fusion","floor":0},{"not_picked":["hubris:SpecializedCircuitry","hubris:DoWhile"],"picked":"Echo Form","floor":5}],"player_experience":177664,"relics_obtained":[{"floor":1,"key":"jedi:Pinwheel"},{"floor":2,"key":"Bottled Lightning"},{"floor":3,"key":"ReplayTheSpireMod:Ring of Challenge"},{"floor":3,"key":"ReplayTheSpireMod:Ring of Sloth"},{"floor":5,"key":"hubris:FunFungus"},{"floor":5,"key":"hubris:SlimyHat"}],"event_choices":[],"is_beta":false,"boss_relics":[],"items_purged_floors":[],"is_endless":false,"potions_floor_spawned":[],"killed_by":"3 Sentries","ascension_level":20}}