{"host":"sa7ebub27cgn5wai","time":1608537694,"event":{"mods":["BaseMod","Colored Map","Minty Spire (QoL Compilation)","SuperFastMode"],"gold_per_floor":[112,123,140,153,167,167,200,215,240,240,240,240,240,255,255,351,351,363,363,377,298,309,309,329,26,76,86,86,86],"floor_reached":28,"playtime":1289,"items_purged":[],"score":226,"play_id":"3addbaef-d584-492a-8e34-a63bdd8e6baf","local_time":"20201221170134","is_ascension_mode":false,"campfire_choices":[{"data":"MentalFortress","floor":6,"key":"SMITH"},{"floor":11,"key":"REST"},{"data":"Eruption","floor":13,"key":"SMITH"},{"data":"Vigilance","floor":15,"key":"SMITH"},{"data":"Study","floor":23,"key":"SMITH"}],"circlet_count":0,"master_deck":["Strike_P","Strike_P","Strike_P","Defend_P","Defend_P","Defend_P","Defend_P","Eruption+1","Vigilance+1","EmptyFist","SashWhip","MentalFortress+1","InnerPeace","FlurryOfBlows","Halt","Study+1","Indignation","Scrawl","Evaluate","Halt+1","Evaluate"],"relics":["PureWater","Mummified Hand","PreservedInsect","SlaversCollar","Art of War","Happy Flower","Regal Pillow","Ancient Tea Set"],"acts_visited":["Exordium","TheCity"],"potions_floor_usage":[5,10,16,16,18,22],"damage_taken":[{"damage":1,"enemies":"Cultist","floor":1,"turns":3},{"damage":1,"enemies":"Jaw Worm","floor":2,"turns":3},{"damage":0,"enemies":"Small Slimes","floor":3,"turns":3},{"damage":0,"enemies":"Exordium Thugs","floor":4,"turns":3},{"damage":17,"enemies":"Red Slaver","floor":5,"turns":4},{"damage":26,"enemies":"Gremlin Nob","floor":7,"turns":4},{"damage":8,"enemies":"Large Slime","floor":8,"turns":4},{"damage":0,"enemies":"3 Louse","floor":10,"turns":2},{"damage":0,"enemies":"Looter","floor":14,"turns":2},{"damage":7,"enemies":"Hexaghost","floor":16,"turns":10},{"damage":0,"enemies":"2 Thieves","floor":18,"turns":3},{"damage":0,"enemies":"Spheric Guardian","floor":20,"turns":3},{"damage":11,"enemies":"Centurion and Healer","floor":22,"turns":5},{"damage":27,"enemies":"Cultist and Chosen","floor":24,"turns":5},{"damage":17,"enemies":"Shelled Parasite and Fungi","floor":27,"turns":10},{"damage":24,"enemies":"Centurion and Healer","floor":28,"turns":7}],"seed_played":"-3890806057899955909","potions_obtained":[{"floor":3,"key":"Dexterity Potion"},{"floor":5,"key":"Fire Potion"},{"floor":7,"key":"Dexterity Potion"},{"floor":14,"key":"ColorlessPotion"},{"floor":16,"key":"BottledMiracle"},{"floor":20,"key":"Swift Potion"},{"floor":24,"key":"LiquidBronze"}],"is_trial":false,"path_per_floor":["M","M","M","M","M","R","E","M","T","M","R","?","R","M","R","B",null,"M","?","M","?","M","R","M","$","T","M","M"],"character_chosen":"WATCHER","items_purchased":["Happy Flower","Regal Pillow"],"campfire_rested":1,"item_purchase_floors":[25,25],"current_hp_per_floor":[71,70,70,70,53,53,27,19,19,19,40,40,40,40,40,33,72,72,72,72,72,61,61,34,34,34,17,0,0],"gold":86,"neow_bonus":"THREE_CARDS","is_daily":false,"chose_seed":false,"campfire_upgraded":4,"win_rate":0.0,"timestamp":1608537694,"path_taken":["M","M","M","M","M","R","E","?","T","M","R","?","R","M","R","BOSS","M","?","?","?","?","R","M","?","T","M","M"],"items_purchased_type":["Relic","Relic"],"build_version":"2020-12-13","purchased_purges":0,"victory":false,"max_hp_per_floor":[72,72,72,72,72,72,72,72,72,72,72,72,72,72,72,72,72,72,72,72,72,72,72,72,72,72,72,72,72],"card_choices":[{"not_picked":["SignatureMove","Protect"],"picked":"EmptyFist","floor":0},{"not_picked":["WheelKick","FlyingSleeves"],"picked":"SashWhip","floor":1},{"not_picked":["LikeWater","Crescendo"],"picked":"MentalFortress","floor":2},{"not_picked":["BowlingBash","Protect"],"picked":"InnerPeace","floor":3},{"not_picked":["WreathOfFlame","JustLucky"],"picked":"Conclude","floor":4},{"not_picked":["Swivel","CrushJoints"],"picked":"FlurryOfBlows","floor":5},{"not_picked":["JustLucky","EmptyFist"],"picked":"Halt","floor":7},{"not_picked":["Conclude","FollowUp"],"picked":"Study","floor":8},{"not_picked":["Establishment","Protect","BattleHymn"],"picked":"SKIP","floor":10},{"not_picked":["Consecrate","Swivel"],"picked":"Indignation","floor":14},{"not_picked":["Judgement","Blasphemy"],"picked":"Scrawl","floor":16},{"not_picked":["PathToVictory","LikeWater"],"picked":"Evaluate","floor":18},{"not_picked":["FlurryOfBlows","Protect"],"picked":"Halt+1","floor":20},{"not_picked":["Prostrate","Crescendo","BowlingBash+1"],"picked":"SKIP","floor":22},{"not_picked":["PathToVictory","Alpha","Prostrate"],"picked":"SKIP","floor":24},{"not_picked":["Halt","CutThroughFate"],"picked":"Evaluate","floor":27}],"player_experience":244346,"relics_obtained":[{"floor":7,"key":"Mummified Hand"},{"floor":9,"key":"PreservedInsect"},{"floor":26,"key":"Ancient Tea Set"}],"event_choices":[{"cards_removed":["Strike_P"],"damage_healed":0,"gold_gain":0,"player_choice":"Purged","damage_taken":0,"max_hp_gain":0,"max_hp_loss":0,"event_name":"Purifier","floor":12,"gold_loss":0},{"cards_removed":["Conclude"],"damage_healed":0,"gold_gain":0,"player_choice":"Offered Uncommon","damage_taken":0,"max_hp_gain":0,"max_hp_loss":0,"event_name":"Bonfire Elementals","floor":19,"gold_loss":0},{"damage_healed":0,"gold_gain":0,"player_choice":"Paid Gold","damage_taken":0,"relics_obtained":["Art of War"],"max_hp_gain":0,"max_hp_loss":0,"event_name":"WeMeetAgain","floor":21,"gold_loss":79}],"is_beta":false,"boss_relics":[{"not_picked":["Snecko Eye","Cursed Key"],"picked":"SlaversCollar"}],"items_purged_floors":[],"is_endless":false,"potions_floor_spawned":[3,5,7,14,16,20,24],"killed_by":"Centurion and Healer","ascension_level":0}}