{"host":"hemshb5b6cie9gjx","time":1608509351,"event":{"mods":["BaseMod","Better Note","Better Third Choice","Better Vampires","BetterRewards","Colored Map","Colored Powertips","DeckTracker","Googly Eyes","Infinite Spire","Minty Spire (QoL Compilation)","Permanent Neow","Relic Stats","Replay The Spire","StSLib","SuperFastMode","Uncapped","slay the spire mod where everything is the same but ironclad has a cowboy hat"],"gold_per_floor":[109,109,36,36,36,36,36,36,36,51,69,92,105,115,115,218,218,229,229,36,36,56,56,56,91,91,110,36,36,36,53,53,53,53],"floor_reached":33,"playtime":1022,"items_purged":["ReplayTheSpireMod:Necrogeddon+1"],"score":378,"play_id":"9e550c8d-9e67-468a-800d-c441d0f52f31","local_time":"20201221110911","is_ascension_mode":false,"campfire_choices":[{"data":"Midas Touch","floor":6,"key":"SMITH"},{"data":"Defragment","floor":8,"key":"SMITH"},{"floor":15,"key":"REST"},{"floor":23,"key":"REST"},{"floor":30,"key":"REST"},{"floor":32,"key":"REST"}],"circlet_count":0,"master_deck":["Defend_B","Defend_B+1","Defend_B","Defend_B+1","Zap","Dualcast+1","Midas Touch+1","Hologram","Defragment+1","Heatsinks","Conserve Battery","Echo Form","Ball Lightning","Conserve Battery","Stack","Heatsinks","BasicCrystalCard","Hello World+1","Self Repair+1","Cold Snap+1","Seek","Cold Snap","Auto Shields","After Image","Go for the Eyes","Go for the Eyes","Conserve Battery","Specialist","Hologram","BasicCrystalCard+1","Redo","Defragment+1","Bite","Bite","Bite","Ball Lightning","ReplayTheSpireMod:System Scan","Capacitor+1","Amplify","Skim","Go for the Eyes","ReplayTheSpireMod:System Scan+1","Cold Snap"],"relics":["Cracked Core","Prayer Wheel","Prayer Wheel","Bronze Scales","Astrolabe","Prayer Wheel","BargainBundle","Simple Rune","Bag of Preparation","Frozen Egg 2"],"acts_visited":["Exordium","TheCity"],"potions_floor_usage":[18,18,27,27],"damage_taken":[{"damage":0,"enemies":"Cultist","floor":1,"turns":2},{"damage":8,"enemies":"Jaw Worm","floor":10,"turns":2},{"damage":13,"enemies":"infinitespire:Voidling","floor":11,"turns":5},{"damage":3,"enemies":"Looter","floor":13,"turns":2},{"damage":10,"enemies":"Lots of Slimes","floor":14,"turns":3},{"damage":9,"enemies":"Slime Boss","floor":16,"turns":9},{"damage":55,"enemies":"Chosen","floor":18,"turns":8},{"damage":10,"enemies":"Shell Parasite","floor":22,"turns":6},{"damage":43,"enemies":"Slavers","floor":25,"turns":5},{"damage":9,"enemies":"Cultist and Chosen","floor":27,"turns":10},{"damage":48,"enemies":"3 Cultists","floor":31,"turns":6},{"damage":39,"enemies":"Pondfish","floor":33,"turns":4}],"seed_played":"-8651242038458629328","potions_obtained":[{"floor":1,"key":"Adrenaline Potion"},{"floor":10,"key":"Weak Potion"},{"floor":14,"key":"AttackPotion"},{"floor":25,"key":"Explosive Potion"},{"floor":31,"key":"SpeedPotion"}],"is_trial":false,"path_per_floor":["M","?","$","?","?","R","$","R","T","M","M","T","M","M","R","B",null,"M","?","$","?","M","R","?","E","T","M","$","?","R","M","R","B"],"character_chosen":"DEFECT","items_purchased":["Midas Touch","Defragment","BargainBundle","Go for the Eyes","Conserve Battery","Specialist","Capacitor+1"],"campfire_rested":4,"item_purchase_floors":[0,3,20,20,20,20,28],"current_hp_per_floor":[70,70,70,63,63,63,63,63,63,55,42,42,39,29,51,42,75,40,40,40,40,40,62,61,22,22,33,33,33,51,17,35,0,0],"gold":53,"neow_bonus":"","is_daily":false,"chose_seed":false,"campfire_upgraded":2,"win_rate":0.0,"timestamp":1608509351,"path_taken":["M","?","$","?","?","R","$","R","T","M","?","?","?","M","R","BOSS","M","?","$","?","?","R","?","E","T","M","$","?","R","M","R","BOSS"],"items_purchased_type":["Card","Card","Relic","Card","Card","Card","Card"],"build_version":"2020-12-13","purchased_purges":1,"victory":false,"max_hp_per_floor":[75,75,75,75,75,75,75,75,75,75,75,75,75,75,75,75,75,75,75,75,75,75,75,61,61,61,61,61,61,61,61,61,61,61],"relic_stats":{"counters":[25,125],"Bronze Scales":[188],"Astrolabe":["ReplayTheSpireMod:Necrogeddon","Hello World","Self Repair"],"Prayer Wheel":10,"Bag of Preparation":[6],"obtain_stats":[{"BargainBundle":20,"Tiny House":17,"Astrolabe":17,"Blue Doll":9,"infinitespire:Cubic Diamond":13,"infinitespire:FocusingShard":14,"Juzu Bracelet":10,"Bag of Preparation":25,"Frozen Egg 2":26,"Bronze Scales":12,"Prayer Wheel":18,"Simple Rune":21,"Fusion Hammer":0,"Nloth\u0027s Gift":21,"Cracked Core":0},{"BargainBundle":20,"Tiny House":10,"Astrolabe":19,"Blue Doll":5,"infinitespire:Cubic Diamond":8,"infinitespire:FocusingShard":9,"Juzu Bracelet":6,"Bag of Preparation":22,"Frozen Egg 2":22,"Bronze Scales":16,"Prayer Wheel":11,"Simple Rune":20,"Fusion Hammer":0,"Nloth\u0027s Gift":11,"Cracked Core":0},{"BargainBundle":94,"Tiny House":42,"Astrolabe":86,"Blue Doll":13,"infinitespire:Cubic Diamond":24,"infinitespire:FocusingShard":30,"Juzu Bracelet":18,"Bag of Preparation":105,"Frozen Egg 2":105,"Bronze Scales":72,"Prayer Wheel":48,"Simple Rune":94,"Fusion Hammer":0,"Nloth\u0027s Gift":50,"Cracked Core":0}]},"card_choices":[{"not_picked":["Rebound","Gash"],"picked":"Hologram","floor":1},{"not_picked":["Steam","Stack"],"picked":"Heatsinks","floor":10},{"not_picked":["Turbo","Compile Driver"],"picked":"Conserve Battery","floor":10},{"not_picked":["Rebound","Conserve Battery"],"picked":"Ball Lightning","floor":11},{"not_picked":["Sweeping Beam","Coolheaded"],"picked":"Conserve Battery","floor":11},{"not_picked":["Barrage","Gash"],"picked":"Tempest","floor":11},{"not_picked":["Aggregate","Multi-Cast"],"picked":"BasicCrystalCard","floor":13},{"not_picked":["Streamline","Cold Snap"],"picked":"Stack","floor":13},{"not_picked":["Stack","Turbo"],"picked":"Redo","floor":13},{"not_picked":["Leap","BasicCrystalCard"],"picked":"Heatsinks","floor":14},{"not_picked":["Coolheaded","Barrage"],"picked":"BasicCrystalCard","floor":14},{"not_picked":["Turbo","ReplayGash","Thunder Strike"],"picked":"SKIP","floor":14},{"not_picked":["Electrodynamics","Hyperbeam"],"picked":"ReplayTheSpireMod:Fabricate Wheel","floor":16},{"not_picked":["Turbo","Streamline"],"picked":"Cold Snap+1","floor":18},{"not_picked":["Sweeping Beam","Panic Button"],"picked":"Seek","floor":18},{"not_picked":["Force Field","Scrape"],"picked":"Cold Snap","floor":18},{"not_picked":["Turbo","Stack"],"picked":"Auto Shields","floor":18},{"not_picked":["Reinforced Body","Streamline+1"],"picked":"Hologram","floor":22},{"not_picked":["Ball Lightning","Storm+1"],"picked":"BasicCrystalCard+1","floor":22},{"not_picked":["Ball Lightning","Panic Button+1"],"picked":"Redo","floor":22},{"not_picked":["Stack","Barrage"],"picked":"Defragment+1","floor":22},{"not_picked":["Coolheaded","Panic Button+1","Multi-Cast"],"picked":"SKIP","floor":25},{"not_picked":["BasicCrystalCard+1","Tempest"],"picked":"Ball Lightning","floor":27},{"not_picked":["Storm+1","Gash"],"picked":"ReplayTheSpireMod:System Scan","floor":27},{"not_picked":["Reinforced Body","Sweeping Beam+1"],"picked":"Sunder","floor":27},{"not_picked":["Beam Cell","Steam Power"],"picked":"Steam","floor":27},{"not_picked":["Steam+1","Tempest"],"picked":"Go for the Eyes","floor":31},{"not_picked":["Lockon+1","All For One"],"picked":"ReplayTheSpireMod:System Scan+1","floor":31},{"not_picked":["Streamline","Beam Cell"],"picked":"Cold Snap","floor":31},{"not_picked":["Gash","BasicCrystalCard","Stack"],"picked":"SKIP","floor":31}],"player_experience":454345,"relics_obtained":[{"floor":9,"key":"Prayer Wheel"},{"floor":12,"key":"Bronze Scales"},{"floor":25,"key":"Bag of Preparation"},{"floor":26,"key":"Frozen Egg 2"}],"event_choices":[{"cards_removed":["Strike_B"],"damage_healed":0,"gold_gain":0,"player_choice":"Card Removal","damage_taken":7,"max_hp_gain":0,"max_hp_loss":0,"event_name":"Golden Wing","floor":4,"gold_loss":0},{"damage_healed":63,"gold_gain":0,"player_choice":"Embrace Burn","damage_taken":0,"max_hp_gain":0,"max_hp_loss":75,"event_name":"betterThird:BetterShining","floor":5,"gold_loss":0},{"cards_removed":["Echo Form"],"damage_healed":0,"gold_gain":0,"player_choice":"Take \u0026 Give","damage_taken":0,"max_hp_gain":0,"max_hp_loss":0,"event_name":"betterNote:BetterNote","floor":19,"gold_loss":0,"cards_obtained":["After Image"]},{"cards_removed":["Tempest"],"damage_healed":0,"gold_gain":0,"player_choice":"Gave Card","damage_taken":0,"relics_obtained":["Simple Rune"],"max_hp_gain":0,"max_hp_loss":0,"event_name":"WeMeetAgain","floor":21,"gold_loss":0},{"damage_healed":0,"gold_gain":0,"player_choice":"Became a vampire","damage_taken":0,"max_hp_gain":0,"max_hp_loss":14,"event_name":"Vampires","floor":24,"gold_loss":0,"cards_obtained":["Bite","Bite","Bite"]},{"damage_healed":0,"gold_gain":0,"cards_transformed":["Sunder","Steam"],"player_choice":"Became Test Subject","damage_taken":0,"max_hp_gain":0,"max_hp_loss":0,"event_name":"Drug Dealer","floor":29,"gold_loss":0,"cards_obtained":["Amplify","Skim"]}],"is_beta":false,"boss_relics":[{"not_picked":["Replay:Bronze Core","Replay:Wanted Poster"],"picked":"Astrolabe"}],"items_purged_floors":[20],"is_endless":false,"potions_floor_spawned":[1,10,14,25,31],"killed_by":"Pondfish","ascension_level":0}}