{"host":"63yhhrjweyj22b0v","time":1608548505,"event":{"mods":["BaseMod","Minty Spire (QoL Compilation)","Quick Restart"],"gold_per_floor":[119,119,119,194,205,205,231,249,249,276,276,122,141,155,155,257,257,275,275,275,298,311,311,36,46,46,46,57,75,89,105,105,204,254,266,240,259,259,259],"floor_reached":38,"playtime":1233,"items_purged":["Strike_P"],"score":488,"play_id":"e41e4a4b-fa04-4434-812f-8f484747cbeb","local_time":"20201221050145","is_ascension_mode":false,"campfire_choices":[{"data":"Consecrate","floor":6,"key":"SMITH"},{"floor":11,"key":"REST"},{"floor":15,"key":"REST"},{"floor":23,"key":"REST"},{"floor":32,"key":"REST"}],"circlet_count":0,"master_deck":["Strike_P+1","Strike_P","Strike_P","Defend_P","Defend_P","Defend_P","Defend_P","Eruption+1","Vigilance","EmptyFist","Consecrate+1","FearNoEvil","SignatureMove","ReachHeaven+1","JustLucky+1","BowlingBash+1","Tantrum+1","Consecrate+1","DevaForm","TalkToTheHand+1","LikeWater","ClearTheMind","BowlingBash+1","Consecrate+1","EmptyFist+1","WindmillStrike+1","Establishment","ClearTheMind+1","CrushJoints+1","Pray+1"],"relics":["PureWater","NeowsBlessing","Meat on the Bone","Molten Egg 2","Dream Catcher","PreservedInsect","SlaversCollar","Pen Nib","Damaru","Lantern","GoldenEye","Tiny House"],"acts_visited":["Exordium","TheCity","TheBeyond"],"potions_floor_usage":[28,33,34,38],"damage_taken":[{"damage":0,"enemies":"Small Slimes","floor":1,"turns":1},{"damage":0,"enemies":"2 Louse","floor":5,"turns":1},{"damage":0,"enemies":"3 Sentries","floor":7,"turns":1},{"damage":6,"enemies":"Jaw Worm","floor":8,"turns":2},{"damage":33,"enemies":"Lagavulin","floor":10,"turns":7},{"damage":23,"enemies":"Blue Slaver","floor":13,"turns":3},{"damage":0,"enemies":"3 Louse","floor":14,"turns":2},{"damage":0,"enemies":"Slime Boss","floor":16,"turns":4},{"damage":16,"enemies":"Shell Parasite","floor":18,"turns":4},{"damage":0,"enemies":"2 Thieves","floor":22,"turns":2},{"damage":8,"enemies":"Snecko","floor":25,"turns":3},{"damage":0,"enemies":"Sentry and Sphere","floor":28,"turns":2},{"damage":10,"enemies":"Snake Plant","floor":29,"turns":4},{"damage":7,"enemies":"3 Cultists","floor":30,"turns":4},{"damage":5,"enemies":"Sentry and Sphere","floor":31,"turns":3},{"damage":66,"enemies":"Automaton","floor":33,"turns":5},{"damage":29,"enemies":"3 Shapes","floor":35,"turns":4},{"damage":28,"enemies":"Orb Walker","floor":37,"turns":4},{"damage":56,"enemies":"Writhing Mass","floor":38,"turns":1}],"seed_played":"-1331076934015098110","potions_obtained":[{"floor":10,"key":"Dexterity Potion"},{"floor":13,"key":"Dexterity Potion"},{"floor":16,"key":"Ancient Potion"},{"floor":22,"key":"SteroidPotion"},{"floor":28,"key":"ColorlessPotion"},{"floor":33,"key":"ColorlessPotion"},{"floor":34,"key":"Fruit Juice"}],"is_trial":false,"path_per_floor":["M","?","?","?","M","R","E","M","T","E","R","$","M","M","R","B",null,"M","?","?","T","M","R","$","M","T","$","M","M","M","M","R","B",null,"M","$","M","M"],"character_chosen":"WATCHER","items_purchased":["PreservedInsect","BowlingBash+1","Lantern","CrushJoints+1"],"campfire_rested":4,"item_purchase_floors":[12,24,24,36],"current_hp_per_floor":[72,72,77,66,66,66,66,60,60,39,62,62,39,39,62,62,77,61,47,47,47,47,71,71,63,63,63,63,53,46,53,77,23,92,63,63,47,0,0],"gold":259,"neow_bonus":"THREE_ENEMY_KILL","is_daily":false,"chose_seed":false,"campfire_upgraded":1,"win_rate":0.0,"timestamp":1608548505,"path_taken":["M","?","?","?","M","R","E","M","T","E","R","$","?","M","R","BOSS","M","?","?","?","M","R","?","M","T","$","M","M","M","?","R","BOSS","M","$","M","M"],"items_purchased_type":["Relic","Card","Relic","Card"],"build_version":"2020-12-13","purchased_purges":1,"victory":false,"max_hp_per_floor":[72,72,77,77,77,77,77,77,77,77,77,77,77,77,77,77,77,77,82,82,82,82,82,82,82,82,82,82,82,82,82,82,82,92,92,92,92,92,92],"card_choices":[{"not_picked":["JustLucky","EmptyBody"],"picked":"EmptyFist","floor":1},{"not_picked":["JustLucky","ThirdEye"],"picked":"Consecrate","floor":5},{"not_picked":["EmptyBody","WaveOfTheHand"],"picked":"FearNoEvil","floor":7},{"not_picked":["Halt","Evaluate"],"picked":"SignatureMove","floor":8},{"not_picked":["PathToVictory","Fasting2"],"picked":"ReachHeaven+1","floor":10},{"not_picked":["LikeWater","Halt"],"picked":"JustLucky+1","floor":11},{"not_picked":["SandsOfTime+1","MasterReality"],"picked":"BowlingBash+1","floor":13},{"not_picked":["Conclude+1","Crescendo"],"picked":"Tantrum+1","floor":14},{"not_picked":["EmptyBody","Swivel"],"picked":"Consecrate+1","floor":15},{"not_picked":["DeusExMachina","ConjureBlade"],"picked":"DevaForm","floor":16},{"not_picked":["Pray","TalkToTheHand+1","Protect"],"picked":"SKIP","floor":18},{"not_picked":["Pray","Protect"],"picked":"TalkToTheHand+1","floor":18},{"not_picked":["Crescendo","WaveOfTheHand+1"],"picked":"LikeWater","floor":22},{"not_picked":["Conclude+1","EmptyBody"],"picked":"ClearTheMind","floor":23},{"not_picked":["FlurryOfBlows+1","CutThroughFate+1","Nirvana+1"],"picked":"SKIP","floor":25},{"not_picked":["SashWhip+1","FollowUp+1","Omniscience"],"picked":"SKIP","floor":28},{"not_picked":["SashWhip+1","EmptyBody"],"picked":"Consecrate+1","floor":29},{"not_picked":["Conclude+1","FlurryOfBlows+1"],"picked":"EmptyFist+1","floor":30},{"not_picked":["EmptyBody","ClearTheMind","Meditate"],"picked":"SKIP","floor":31},{"not_picked":["JustLucky+1","FlyingSleeves+1"],"picked":"WindmillStrike+1","floor":32},{"not_picked":["LessonLearned+1","Brilliance+1"],"picked":"Establishment","floor":33},{"not_picked":["Halt","EmptyBody+1"],"picked":"ClearTheMind+1","floor":34},{"not_picked":["Evaluate","Protect","CarveReality+1"],"picked":"SKIP","floor":35},{"not_picked":["CrushJoints+1","FollowUp+1"],"picked":"Pray+1","floor":37}],"player_experience":625226,"relics_obtained":[{"floor":7,"key":"Meat on the Bone"},{"floor":9,"key":"Molten Egg 2"},{"floor":10,"key":"Dream Catcher"},{"floor":21,"key":"Damaru"},{"floor":26,"key":"GoldenEye"}],"event_choices":[{"damage_healed":0,"gold_gain":0,"player_choice":"Grow","damage_taken":0,"max_hp_gain":0,"max_hp_loss":0,"event_name":"Living Wall","floor":2,"gold_loss":0,"cards_upgraded":["Eruption"]},{"damage_healed":0,"gold_gain":0,"player_choice":"Donut","damage_taken":0,"max_hp_gain":5,"max_hp_loss":0,"event_name":"Big Fish","floor":3,"gold_loss":0},{"damage_healed":0,"gold_gain":75,"player_choice":"Gather Gold","damage_taken":11,"max_hp_gain":0,"max_hp_loss":0,"event_name":"World of Goop","floor":4,"gold_loss":0},{"damage_healed":0,"gold_gain":0,"player_choice":"Shed Blood","damage_taken":19,"max_hp_gain":5,"max_hp_loss":0,"event_name":"Forgotten Altar","floor":19,"gold_loss":0},{"damage_healed":0,"gold_gain":0,"player_choice":"Opened","damage_taken":0,"relics_obtained":["Pen Nib"],"max_hp_gain":0,"max_hp_loss":0,"event_name":"The Mausoleum","floor":20,"gold_loss":0}],"is_beta":false,"boss_relics":[{"not_picked":["Philosopher\u0027s Stone","Runic Pyramid"],"picked":"SlaversCollar"},{"not_picked":["Fusion Hammer","Sozu"],"picked":"Tiny House"}],"items_purged_floors":[24],"is_endless":false,"potions_floor_spawned":[10,13,16,22,28,29,33,35],"killed_by":"Writhing Mass","ascension_level":0}}