{"host":"p084pgp93u1tv48k","time":1608590936,"event":{"mods":["AchievementEnabler","BaseMod","Bestiary","CatGirl Mod","Colored Map","Ekko","Hermit","Minty Spire (QoL Compilation)","Quick Restart","StSLib","TheWitcher"],"gold_per_floor":[116,127,138,58,71,100,114,64,64,64,64,64,80,99,99,203,203,214,139,139,39,50,85,85,85,85],"floor_reached":25,"playtime":1445,"items_purged":["hermit:Determination","hermit:Snapshot"],"score":223,"play_id":"adbd2b7d-1187-4117-8f97-91cb2a1fd74e","local_time":"20201221181856","is_ascension_mode":false,"campfire_choices":[{"data":"hermit:Maintenance","floor":10,"key":"SMITH"},{"data":"hermit:Maintenance","floor":12,"key":"SMITH"},{"floor":15,"key":"REST"},{"floor":24,"key":"REST"}],"circlet_count":0,"master_deck":["hermit:Strike_Hermit","hermit:Strike_Hermit","hermit:Strike_Hermit","hermit:Strike_Hermit","hermit:Defend_Hermit","hermit:Defend_Hermit","hermit:Defend_Hermit","hermit:Defend_Hermit+1","hermit:Covet+1","hermit:Maintenance+1","hermit:Maintenance+1","hermit:LuckOfTheDraw","hermit:LuckOfTheDraw","hermit:Brawl","CurseOfTheBell","hermit:Glare","hermit:FullyLoaded","hermit:Maintenance+1"],"relics":["hermit:Momento","War Paint","hermit:Horseshoe","Matryoshka","Calling Bell","Lantern","Question Card","Calipers","MutagenicStrength","InkBottle"],"acts_visited":["Exordium","TheCity"],"potions_floor_usage":[6,6,16,23],"damage_taken":[{"damage":0,"enemies":"Jaw Worm","floor":1,"turns":3},{"damage":0,"enemies":"Small Slimes","floor":2,"turns":3},{"damage":0,"enemies":"2 Louse","floor":3,"turns":2},{"damage":0,"enemies":"2 Fungi Beasts","floor":5,"turns":2},{"damage":35,"enemies":"3 Sentries","floor":6,"turns":12},{"damage":28,"enemies":"Gremlin Gang","floor":7,"turns":5},{"damage":2,"enemies":"Looter","floor":13,"turns":4},{"damage":2,"enemies":"Exordium Thugs","floor":14,"turns":4},{"damage":7,"enemies":"The Guardian","floor":16,"turns":12},{"damage":0,"enemies":"Shell Parasite","floor":18,"turns":8},{"damage":14,"enemies":"Spheric Guardian","floor":22,"turns":10},{"damage":72,"enemies":"Slavers","floor":23,"turns":10},{"damage":28,"enemies":"Gremlin Leader","floor":25,"turns":2}],"seed_played":"-6699628556449399182","potions_obtained":[{"floor":2,"key":"LiquidBronze"},{"floor":3,"key":"Dexterity Potion"},{"floor":14,"key":"Fire Potion"},{"floor":16,"key":"Regen Potion"}],"is_trial":false,"path_per_floor":["M","M","M","$","M","E","M","?","T","R","?","R","M","M","R","B",null,"M","$","?","$","M","E","R","E"],"character_chosen":"HERMIT","items_purchased":["hermit:Maintenance"],"campfire_rested":2,"item_purchase_floors":[4],"current_hp_per_floor":[75,75,75,75,75,40,12,12,12,12,12,12,10,8,30,23,75,75,75,75,75,61,4,26,0,0],"gold":85,"neow_bonus":"RANDOM_COMMON_RELIC","is_daily":false,"chose_seed":false,"campfire_upgraded":2,"win_rate":0.0,"timestamp":1608590936,"path_taken":["M","M","M","$","M","E","M","?","T","R","?","R","M","M","R","BOSS","M","$","?","$","M","E","R","E"],"items_purchased_type":["Card"],"build_version":"2020-12-13","purchased_purges":2,"victory":false,"max_hp_per_floor":[75,75,75,75,75,75,75,75,75,75,75,75,75,75,75,75,75,75,75,75,75,75,75,75,75,75],"card_choices":[{"not_picked":["hermit:Roulette","hermit:Headshot","hermit:Scavenge"],"picked":"SKIP","floor":1},{"not_picked":["hermit:TrackingShot","hermit:LuckOfTheDraw"],"picked":"hermit:Malice","floor":2},{"not_picked":["hermit:Coalescence","hermit:Desperado"],"picked":"hermit:Maintenance","floor":3},{"not_picked":["hermit:Scavenge","hermit:Desperado"],"picked":"hermit:SprayPray","floor":5},{"not_picked":["hermit:LoneWolf","hermit:Virtue"],"picked":"hermit:LuckOfTheDraw","floor":6},{"not_picked":["hermit:HoleUp","hermit:FlashPowder"],"picked":"hermit:Determination","floor":7},{"not_picked":["hermit:Misfire","hermit:BodyArmor"],"picked":"hermit:LuckOfTheDraw","floor":13},{"not_picked":["hermit:OverwhelmingPower","hermit:ItchyTrigger"],"picked":"hermit:Brawl","floor":14},{"not_picked":["hermit:EyeOfTheStorm","hermit:Snipe","hermit:CalledShot"],"picked":"hermit:Glare","floor":18},{"not_picked":["hermit:Desperado","hermit:BodyArmor+1","hermit:Manifest"],"picked":"hermit:FullyLoaded","floor":22},{"not_picked":["hermit:LowProfile+1","hermit:GoldenBullet","hermit:BigShot+1"],"picked":"hermit:Maintenance+1","floor":23}],"player_experience":161217,"relics_obtained":[{"floor":6,"key":"hermit:Horseshoe"},{"floor":9,"key":"Matryoshka"},{"floor":17,"key":"Lantern"},{"floor":17,"key":"Question Card"},{"floor":17,"key":"Calipers"},{"floor":23,"key":"InkBottle"}],"event_choices":[{"cards_removed":["hermit:SprayPray"],"damage_healed":0,"gold_gain":0,"player_choice":"Card Removal","damage_taken":0,"max_hp_gain":0,"max_hp_loss":0,"event_name":"The Cleric","floor":8,"gold_loss":50},{"cards_removed":["hermit:Malice"],"damage_healed":0,"gold_gain":0,"player_choice":"Forget","damage_taken":0,"max_hp_gain":0,"max_hp_loss":0,"event_name":"Living Wall","floor":11,"gold_loss":0},{"damage_healed":0,"gold_gain":0,"player_choice":"Inject Mutagens","damage_taken":0,"relics_obtained":["MutagenicStrength"],"max_hp_gain":0,"max_hp_loss":0,"event_name":"Drug Dealer","floor":20,"gold_loss":0}],"is_beta":false,"boss_relics":[{"not_picked":["Runic Dome","hermit:BartenderGlass"],"picked":"Calling Bell"}],"items_purged_floors":[19,21],"is_endless":false,"potions_floor_spawned":[2,3,14,16],"killed_by":"Gremlin Leader","ascension_level":0}}