{"host":"cc187","time":1608566483,"event":{"mods":["AchievementEnabler","BaseMod","Bestiary","Colored Map","Colored Powertips","Highlight Path","Keyboard Shortcuts","Minty Spire (QoL Compilation)","Quick Restart","Rare Cards Sparkle","Relic Stats","StSLib","SuperFastMode","Synergy Search","ojb\u0027s Info Mod"],"gold_per_floor":[118,133,149,166,178,178,210,210,234,259,259,259,286,297,297,373,423,439,450,43,59,39,39,71,71,71],"floor_reached":25,"playtime":1885,"items_purged":["Strike_G"],"score":462,"play_id":"d93a00ed-157f-4247-9ef1-afc0d82e3650","local_time":"20201221160123","is_ascension_mode":true,"campfire_choices":[{"floor":6,"key":"REST"},{"floor":8,"key":"REST"},{"floor":11,"key":"REST"},{"floor":15,"key":"REST"},{"floor":23,"key":"REST"}],"circlet_count":0,"master_deck":["AscendersBane","Strike_G","Strike_G","Strike_G","Strike_G","Defend_G","Defend_G","Defend_G","Defend_G","Defend_G","Survivor","Neutralize","Choke","Deflect","Dagger Throw","Backflip","Backflip","Terror","Blade Dance","Endless Agony","Predator","Venomology+1","Prepared","Distraction+1","Underhanded Strike","A Thousand Cuts","Thinking Ahead","Cloak And Dagger","Escape Plan"],"relics":["Fusion Hammer","Anchor","Toy Ornithopter","Oddly Smooth Stone","Boot","Tiny House","TungstenRod"],"acts_visited":["Exordium","TheCity"],"potions_floor_usage":[7,13,14,16,18,19,19,21,21,24,24,24,25,25,25],"damage_taken":[{"damage":1,"enemies":"2 Louse","floor":1,"turns":4},{"damage":0,"enemies":"Cultist","floor":2,"turns":3},{"damage":2,"enemies":"Jaw Worm","floor":3,"turns":5},{"damage":4,"enemies":"Red Slaver","floor":4,"turns":3},{"damage":3,"enemies":"Blue Slaver","floor":5,"turns":3},{"damage":12,"enemies":"Lagavulin","floor":7,"turns":6},{"damage":56,"enemies":"Gremlin Nob","floor":10,"turns":5},{"damage":20,"enemies":"3 Sentries","floor":13,"turns":9},{"damage":5,"enemies":"Gremlin Gang","floor":14,"turns":4},{"damage":6,"enemies":"Slime Boss","floor":16,"turns":10},{"damage":0,"enemies":"3 Byrds","floor":18,"turns":5},{"damage":12,"enemies":"2 Thieves","floor":19,"turns":4},{"damage":41,"enemies":"Snecko","floor":21,"turns":6},{"damage":57,"enemies":"Gremlin Leader","floor":24,"turns":9},{"damage":38,"enemies":"Cultist and Chosen","floor":25,"turns":6}],"seed_played":"-64728334216087331","potions_obtained":[{"floor":1,"key":"BlessingOfTheForge"},{"floor":2,"key":"SpeedPotion"},{"floor":10,"key":"Explosive Potion"},{"floor":13,"key":"PowerPotion"},{"floor":14,"key":"Dexterity Potion"},{"floor":17,"key":"SteroidPotion"},{"floor":19,"key":"DuplicationPotion"},{"floor":21,"key":"Energy Potion"},{"floor":22,"key":"Regen Potion"},{"floor":24,"key":"Block Potion"}],"is_trial":false,"path_per_floor":["M","M","M","M","M","R","E","R","T","E","R","?","E","M","R","B",null,"M","M","$","M","?","R","E","M"],"character_chosen":"THE_SILENT","items_purchased":["A Thousand Cuts","Thinking Ahead"],"campfire_rested":5,"item_purchase_floors":[20,20],"current_hp_per_floor":[58,58,56,52,49,66,54,66,66,10,29,29,14,14,33,32,63,68,64,64,33,33,54,20,0,0],"gold":71,"neow_bonus":"BOSS_RELIC","is_daily":false,"chose_seed":false,"campfire_upgraded":0,"win_rate":0.0,"timestamp":1608566483,"path_taken":["M","M","M","M","M","R","E","R","T","E","R","?","E","M","R","BOSS","M","M","$","M","?","R","E","M"],"items_purchased_type":["Card","Card"],"build_version":"2020-12-18","purchased_purges":1,"victory":false,"max_hp_per_floor":[66,66,66,66,66,66,66,66,66,66,66,66,66,66,66,66,71,71,71,71,71,71,71,71,71,71],"relic_stats":{"counters":[15,82],"Boot":[94],"obtain_stats":[{"Anchor":7,"Tiny House":17,"Oddly Smooth Stone":10,"Fusion Hammer":0,"Boot":13,"Toy Ornithopter":9,"TungstenRod":24,"Ring of the Snake":0},{"Anchor":6,"Tiny House":10,"Oddly Smooth Stone":7,"Fusion Hammer":0,"Boot":8,"Toy Ornithopter":6,"TungstenRod":14,"Ring of the Snake":0},{"Anchor":24,"Tiny House":52,"Oddly Smooth Stone":29,"Fusion Hammer":0,"Boot":38,"Toy Ornithopter":24,"TungstenRod":76,"Ring of the Snake":0}],"Toy Ornithopter":63,"TungstenRod":4},"card_choices":[{"not_picked":["Noxious Fumes","Footwork"],"picked":"Choke","floor":1},{"not_picked":["Backflip","Quick Slash"],"picked":"Deflect","floor":2},{"not_picked":["Poisoned Stab","Catalyst"],"picked":"Dagger Throw","floor":3},{"not_picked":["Deadly Poison","Underhanded Strike"],"picked":"Backflip","floor":4},{"not_picked":["Choke","Bouncing Flask"],"picked":"Backflip","floor":5},{"not_picked":["Bane","Noxious Fumes"],"picked":"Terror","floor":7},{"not_picked":["Blur","Poisoned Stab"],"picked":"Blade Dance","floor":10},{"not_picked":["Glass Knife","Blade Dance"],"picked":"Endless Agony","floor":13},{"not_picked":["Tactician","Heel Hook"],"picked":"Predator","floor":14},{"not_picked":["Die Die Die","Phantasmal Killer"],"picked":"Venomology","floor":16},{"not_picked":["Dagger Spray","Quick Slash"],"picked":"Prepared","floor":17},{"not_picked":["Acrobatics","Concentrate"],"picked":"Distraction+1","floor":18},{"not_picked":["Deadly Poison","Acrobatics"],"picked":"Underhanded Strike","floor":19},{"not_picked":["Masterful Stab","Sucker Punch"],"picked":"Cloak And Dagger","floor":21},{"not_picked":["Grand Finale","Underhanded Strike"],"picked":"Escape Plan","floor":24}],"player_experience":831574,"relics_obtained":[{"floor":7,"key":"Anchor"},{"floor":9,"key":"Toy Ornithopter"},{"floor":10,"key":"Oddly Smooth Stone"},{"floor":13,"key":"Boot"},{"floor":24,"key":"TungstenRod"}],"event_choices":[{"damage_healed":0,"gold_gain":0,"player_choice":"Ignored","damage_taken":0,"max_hp_gain":0,"max_hp_loss":0,"event_name":"Liars Game","floor":12,"gold_loss":0},{"damage_healed":0,"gold_gain":0,"player_choice":"Bought 1 Potion","damage_taken":0,"max_hp_gain":0,"max_hp_loss":0,"event_name":"The Woman in Blue","floor":22,"gold_loss":0}],"is_beta":true,"boss_relics":[{"not_picked":["SlaversCollar","Coffee Dripper"],"picked":"Tiny House"}],"items_purged_floors":[20],"is_endless":false,"potions_floor_spawned":[1,2,5,10,13,14,19,21,24],"killed_by":"Cultist and Chosen","ascension_level":18}}