{"host":"mt3nndg5ku536gxi","time":1608554841,"event":{"mods":["BaseMod","Challenge The Spire","Colored Powertips","Minty Spire (QoL Compilation)","StSLib"],"gold_per_floor":[353,353,380,406,434,434,244,8,40,40,40],"floor_reached":10,"playtime":459,"items_purged":["Strike_P","Strike_P","Strike_P"],"score":230,"play_id":"793f9d68-4005-47d2-b635-049ddbffbf49","local_time":"20201221204721","daily_mods":["challengethespire:Platinum Difficulty","challengethespire:Modded Elite Rush","Uncertain Future"],"is_ascension_mode":true,"campfire_choices":[{"data":"Eruption","floor":2,"key":"SMITH"}],"circlet_count":0,"master_deck":["AscendersBane","Strike_P","Defend_P","Defend_P","Defend_P","Defend_P","Eruption+1","Vigilance","Study","Conclude","Indignation","InnerPeace","Strike_P","WheelKick"],"relics":["PureWater","Black Star","Sling","PreservedInsect","Membership Card","Ice Cream","Bag of Marbles","Gremlin Horn","Shuriken","Sundial","Blue Candle","StoneCalendar","Cursed Key","Happy Flower","Yang","Bronze Scales","Vajra"],"acts_visited":["Exordium"],"potions_floor_usage":[],"damage_taken":[{"damage":0,"enemies":"Lagavulin","floor":3,"turns":5},{"damage":7,"enemies":"3 Sentries","floor":4,"turns":2},{"damage":17,"enemies":"Gremlin Nob","floor":5,"turns":3},{"damage":19,"enemies":"Gremlin Leader","floor":9,"turns":4},{"damage":0,"enemies":"Slavers","floor":10,"turns":1}],"seed_played":"-6945768200015382985","potions_obtained":[{"floor":5,"key":"SteroidPotion"}],"is_trial":true,"path_per_floor":["$","R","E","E","E","T","$","$","E","E"],"character_chosen":"WATCHER","items_purchased":["Membership Card","Ice Cream","Study","Indignation","InnerPeace","Happy Flower","WheelKick","Yang"],"campfire_rested":0,"item_purchase_floors":[1,1,1,7,7,7,8,8],"current_hp_per_floor":[61,61,61,54,37,37,37,37,18,18,18],"gold":40,"neow_bonus":"","is_daily":false,"chose_seed":false,"campfire_upgraded":1,"win_rate":0.0,"timestamp":1608554841,"path_taken":["$","R","E","E","E","T","$","$","E","E"],"items_purchased_type":["Relic","Relic","Card","Card","Card","Relic","Card","Relic"],"build_version":"2020-12-13","purchased_purges":3,"victory":false,"max_hp_per_floor":[68,68,68,68,68,68,68,68,68,68,68],"card_choices":[],"player_experience":289358,"relics_obtained":[{"floor":3,"key":"Bag of Marbles"},{"floor":3,"key":"Gremlin Horn"},{"floor":4,"key":"Shuriken"},{"floor":4,"key":"Sundial"},{"floor":5,"key":"Blue Candle"},{"floor":5,"key":"StoneCalendar"},{"floor":9,"key":"Bronze Scales"},{"floor":9,"key":"Vajra"}],"event_choices":[],"is_beta":false,"boss_relics":[{"not_picked":["Ectoplasm","Fusion Hammer"],"picked":"Cursed Key"}],"items_purged_floors":[1,7,8],"is_endless":false,"potions_floor_spawned":[5],"killed_by":"Slavers","ascension_level":20}}