{"host":"7tvb1em0d2fx72q7","time":1608566801,"event":{"mods":["BaseMod","Challenge The Spire","Minty Spire (QoL Compilation)","StSLib","everything is the same but u backflip on backflip"],"gold_per_floor":[369,381,129,129,129,129,141,152,152,152,179,179,179,179],"floor_reached":13,"playtime":1652,"items_purged":["Strike_G"],"score":166,"play_id":"4fb16d53-02f8-4286-874b-61dd0aaa665b","local_time":"20201221110641","is_ascension_mode":true,"campfire_choices":[{"data":"Footwork","floor":6,"key":"SMITH"},{"floor":10,"key":"REST"}],"circlet_count":0,"master_deck":["AscendersBane","Strike_G","Strike_G","Strike_G","Strike_G","Defend_G","Defend_G","Defend_G","Defend_G","Defend_G","Survivor","Neutralize","Blade Dance","All Out Attack+1","Footwork+1","Blade Dance","All Out Attack","Adrenaline","Dodge and Roll","Dash"],"relics":["Ring of the Snake","Bottled Lightning","White Beast Statue","Snake Skull"],"acts_visited":["Exordium"],"potions_floor_usage":[11,13],"damage_taken":[{"damage":6,"enemies":"Cultist","floor":1,"turns":5},{"damage":4,"enemies":"Small Slimes","floor":2,"turns":3},{"damage":0,"enemies":"Jaw Worm","floor":7,"turns":3},{"damage":2,"enemies":"2 Fungi Beasts","floor":8,"turns":2},{"damage":28,"enemies":"Lagavulin","floor":11,"turns":10},{"damage":60,"enemies":"Gremlin Nob","floor":13,"turns":4}],"seed_played":"-3871776221603763422","potions_obtained":[{"floor":1,"key":"DuplicationPotion"},{"floor":7,"key":"Energy Potion"}],"is_trial":false,"path_per_floor":["M","M","$","?","?","R","M","M","T","R","E","?","E"],"character_chosen":"THE_SILENT","items_purchased":["Footwork","Blade Dance","All Out Attack"],"campfire_rested":1,"item_purchase_floors":[3,3,3],"current_hp_per_floor":[38,34,34,34,39,39,39,37,37,58,30,25,0,0],"gold":179,"neow_bonus":"TWO_FIFTY_GOLD","is_daily":false,"chose_seed":false,"campfire_upgraded":1,"win_rate":0.0,"timestamp":1608566801,"path_taken":["M","M","$","?","?","R","?","M","T","R","E","?","E"],"items_purchased_type":["Card","Card","Card"],"build_version":"2020-12-13","purchased_purges":1,"victory":false,"max_hp_per_floor":[66,66,66,66,71,71,71,71,71,71,71,71,71,71],"card_choices":[{"not_picked":["Catalyst","Sucker Punch"],"picked":"Blade Dance","floor":1},{"not_picked":["Slice","Backstab"],"picked":"All Out Attack","floor":2},{"not_picked":["Deadly Poison","Blade Dance"],"picked":"Adrenaline","floor":7},{"not_picked":["Dagger Spray","Bane"],"picked":"Dodge and Roll","floor":8},{"not_picked":["Leg Sweep","Outmaneuver"],"picked":"Dash","floor":11}],"player_experience":1871218,"relics_obtained":[{"floor":9,"key":"Bottled Lightning"},{"floor":11,"key":"White Beast Statue"}],"event_choices":[{"damage_healed":0,"gold_gain":0,"player_choice":"Grow","damage_taken":0,"max_hp_gain":0,"max_hp_loss":0,"event_name":"Living Wall","floor":4,"gold_loss":0,"cards_upgraded":["All Out Attack"]},{"damage_healed":0,"gold_gain":0,"player_choice":"Donut","damage_taken":0,"max_hp_gain":5,"max_hp_loss":0,"event_name":"Big Fish","floor":5,"gold_loss":0},{"damage_healed":0,"gold_gain":0,"player_choice":"Success","damage_taken":5,"relics_obtained":["Snake Skull"],"max_hp_gain":0,"max_hp_loss":0,"event_name":"Scrap Ooze","floor":12,"gold_loss":0}],"is_beta":false,"boss_relics":[],"items_purged_floors":[3],"is_endless":false,"potions_floor_spawned":[1,7],"killed_by":"Gremlin Nob","ascension_level":20}}