{"host":"etaq29tqikxfqxk8","time":1608562850,"event":{"mods":["AchievementEnabler","BaseMod","Better Third Choice","BetterRewards","Colored Map","Colored Powertips","Minty Spire (QoL Compilation)","Rare Cards Sparkle","Shop Mod","StSLib","yUi"],"gold_per_floor":[117,137,113,113,177,177,196,196,196,246,296,9,25,64,64,168,168,186,146,196,232,249,337,337,353,408,458,528,503,105,120,120,225,225,240,290,340,45,62,62,130,163,163,213,232,296,296,329,329,329,329],"floor_reached":50,"playtime":3127,"items_purged":[],"score":565,"play_id":"a328e1b6-d013-4d5f-aa69-6714213cc576","local_time":"20201221160050","is_ascension_mode":false,"campfire_choices":[{"data":"Searing Blow","floor":6.0,"key":"SMITH"},{"data":"Searing Blow+1","floor":8.0,"key":"SMITH"},{"data":"Searing Blow+3","floor":15.0,"key":"SMITH"},{"floor":24.0,"key":"REST"},{"data":"Searing Blow+4","floor":32.0,"key":"SMITH"},{"data":"Double Tap","floor":40.0,"key":"SMITH"},{"floor":47.0,"key":"REST"},{"data":"Perfected Strike","floor":49.0,"key":"SMITH"}],"circlet_count":0,"master_deck":["Strike_R","Strike_R","Strike_R","Defend_R","Defend_R","Defend_R","Defend_R","Bash","Clash","Heavy Blade","Searing Blow+4","Intimidate","HandOfGreed","Pommel Strike","Pommel Strike","Feed","Swift Strike","Double Tap+1","Anger","Pommel Strike+1","Armaments","Clash","Searing Blow+5","Body Slam+1","Perfected Strike+1","Reaper","Metallicize+1","Clash","Pommel Strike","Barricade","Perfected Strike+1","Armaments+1"],"relics":["Burning Blood","NeowsBlessing","SsserpentHead","Darkstone Periapt","Strawberry","ClockworkSouvenir","Philosopher\u0027s Stone","Blood Vial","Lee\u0027s Waffle","Eternal Feather","Mark of Pain","Orichalcum","Medical Kit","Meat on the Bone"],"acts_visited":["Exordium","TheCity","TheBeyond"],"potions_floor_usage":[50,50],"damage_taken":[{"damage":0.0,"enemies":"Jaw Worm","floor":1.0,"turns":1.0},{"damage":0.0,"enemies":"Cultist","floor":2.0,"turns":1.0},{"damage":0.0,"enemies":"Small Slimes","floor":5.0,"turns":1.0},{"damage":9.0,"enemies":"Blue Slaver","floor":7.0,"turns":3.0},{"damage":8.0,"enemies":"Red Slaver","floor":13.0,"turns":2.0},{"damage":3.0,"enemies":"Gremlin Gang","floor":14.0,"turns":5.0},{"damage":71.0,"enemies":"The Guardian","floor":16.0,"turns":9.0},{"damage":33.0,"enemies":"2 Thieves","floor":18.0,"turns":3.0},{"damage":22.0,"enemies":"3 Byrds","floor":21.0,"turns":5.0},{"damage":38.0,"enemies":"Snake Plant","floor":22.0,"turns":4.0},{"damage":14.0,"enemies":"3 Cultists","floor":23.0,"turns":4.0},{"damage":21.0,"enemies":"Centurion and Healer","floor":25.0,"turns":4.0},{"damage":0.0,"enemies":"Snecko","floor":28.0,"turns":2.0},{"damage":24.0,"enemies":"Snake Plant","floor":31.0,"turns":3.0},{"damage":66.0,"enemies":"Collector","floor":33.0,"turns":5.0},{"damage":44.0,"enemies":"3 Darklings","floor":35.0,"turns":6.0},{"damage":0.0,"enemies":"Orb Walker","floor":39.0,"turns":2.0},{"damage":35.0,"enemies":"Transient","floor":41.0,"turns":5.0},{"damage":34.0,"enemies":"Jaw Worm Horde","floor":42.0,"turns":5.0},{"damage":65.0,"enemies":"3 Darklings","floor":45.0,"turns":9.0},{"damage":25.0,"enemies":"4 Shapes","floor":46.0,"turns":4.0},{"damage":0.0,"enemies":"Jaw Worm Horde","floor":48.0,"turns":3.0},{"damage":123,"enemies":"Awakened One","floor":50,"turns":9}],"seed_played":"1414004169736391354","potions_obtained":[{"floor":2.0,"key":"SteroidPotion"},{"floor":7.0,"key":"Swift Potion"},{"floor":13.0,"key":"Weak Potion"},{"floor":28.0,"key":"DistilledChaos"},{"floor":31.0,"key":"SneckoOil"},{"floor":33.0,"key":"CultistPotion"},{"floor":45.0,"key":"BloodPotion"},{"floor":46.0,"key":"ColorlessPotion"}],"is_trial":false,"path_per_floor":["M","M","$","?","M","R","M","R","T","T","?","$","M","M","R","B",null,"M","$","?","M","M","M","R","M","T","?","M","?","$","M","R","B",null,"M","?","?","$","M","R","M","M","T","?","M","M","R","M","R","B"],"character_chosen":"IRONCLAD","items_purchased":["Heavy Blade","ClockworkSouvenir","HandOfGreed","Swift Strike","Lee\u0027s Waffle","Eternal Feather","Orichalcum","Medical Kit"],"campfire_rested":2,"item_purchase_floors":[3,12,12,19,30,30,38,38],"current_hp_per_floor":[80,80,80,80,80,80,77,77,77,84,84,84,82,85,85,20,87,63,63,63,47,15,10,37,25,25,25,33,33,103,85,100,42,103,65,97,97,97,105,109,84,65,65,65,47,45,97,105,115,0,0],"gold":329,"neow_bonus":"THREE_ENEMY_KILL","is_daily":false,"chose_seed":false,"campfire_upgraded":6,"win_rate":0.0,"timestamp":1608562850,"path_taken":["M","M","$","?","?","R","M","R","T","?","?","?","M","M","R","BOSS","M","?","?","M","M","?","R","M","T","?","?","?","$","M","R","BOSS","M","?","?","$","M","R","?","M","T","?","M","?","R","M","R","BOSS"],"items_purchased_type":["Card","Relic","Card","Card","Relic","Relic","Relic","Relic"],"build_version":"2020-12-13","purchased_purges":0,"victory":false,"max_hp_per_floor":[80,80,80,80,80,80,80,80,80,87,87,87,87,87,87,87,87,90,90,90,90,90,93,93,96,96,96,96,96,103,103,103,103,103,103,109,109,109,109,109,109,112,112,112,112,115,115,115,115,115,115],"card_choices":[{"not_picked":["Whirlwind","Metallicize"],"picked":"Clash","floor":1.0},{"not_picked":["Ghostly Armor","Sever Soul"],"picked":"Body Slam","floor":2.0},{"not_picked":["Cleave","Dark Embrace"],"picked":"Searing Blow","floor":5.0},{"not_picked":["Second Wind","Sword Boomerang"],"picked":"Intimidate","floor":7.0},{"not_picked":["Sword Boomerang","Shrug It Off"],"picked":"Pommel Strike","floor":13.0},{"not_picked":["Flame Barrier","Flex"],"picked":"Pommel Strike","floor":14.0},{"not_picked":["Offering","Demon Form"],"picked":"Feed","floor":16.0},{"not_picked":["Bloodletting","Shockwave","Disarm+1"],"picked":"SKIP","floor":18.0},{"not_picked":["True Grit","Burning Pact"],"picked":"Anger","floor":21.0},{"not_picked":["Clash","True Grit"],"picked":"Pommel Strike+1","floor":22.0},{"not_picked":["Intimidate","Dropkick"],"picked":"Armaments","floor":23.0},{"not_picked":["Carnage","Clothesline"],"picked":"Clash","floor":25.0},{"not_picked":["Thunderclap","Whirlwind"],"picked":"Body Slam+1","floor":28.0},{"not_picked":["Berserk","Fire Breathing"],"picked":"Perfected Strike","floor":31.0},{"not_picked":["Fiend Fire","Limit Break"],"picked":"Reaper","floor":33.0},{"not_picked":["Shrug It Off","Heavy Blade"],"picked":"Metallicize+1","floor":35.0},{"not_picked":["Anger+1","Heavy Blade+1"],"picked":"Clash","floor":39.0},{"not_picked":["Metallicize","Flex"],"picked":"Pommel Strike","floor":41.0},{"not_picked":["Cleave+1","Flame Barrier+1"],"picked":"Barricade","floor":42.0},{"not_picked":["Sword Boomerang+1","Uppercut"],"picked":"Perfected Strike+1","floor":45.0},{"not_picked":["Rampage","Battle Trance"],"picked":"Armaments+1","floor":46.0},{"not_picked":["Body Slam","Seeing Red+1","Rampage"],"picked":"SKIP","floor":48.0}],"player_experience":14654,"relics_obtained":[{"floor":9.0,"key":"Darkstone Periapt"},{"floor":10.0,"key":"Strawberry"},{"floor":26.0,"key":"Blood Vial"},{"floor":43.0,"key":"Meat on the Bone"}],"event_choices":[{"damage_healed":0.0,"max_hp_gain":0.0,"max_hp_loss":0.0,"gold_gain":0.0,"event_name":"FaceTrader","player_choice":"Trade","floor":4.0,"gold_loss":0.0,"damage_taken":0.0,"relics_obtained":["SsserpentHead"]},{"damage_healed":0.0,"max_hp_gain":0.0,"max_hp_loss":0.0,"gold_gain":0.0,"event_name":"Living Wall","player_choice":"Grow","floor":11.0,"gold_loss":0.0,"damage_taken":0.0,"cards_upgraded":["Searing Blow"]},{"damage_healed":0.0,"max_hp_gain":0.0,"max_hp_loss":0.0,"gold_gain":0.0,"cards_transformed":["Body Slam"],"event_name":"Transmorgrifier","player_choice":"Transformed","floor":20.0,"gold_loss":0.0,"damage_taken":0.0,"cards_obtained":["Double Tap"]},{"damage_healed":0.0,"max_hp_gain":0.0,"max_hp_loss":0.0,"gold_gain":0.0,"event_name":"Duplicator","player_choice":"Copied","floor":27.0,"gold_loss":0.0,"damage_taken":0.0,"cards_obtained":["Searing Blow"]},{"cards_removed":["Strike_R"],"damage_healed":0.0,"max_hp_gain":0.0,"max_hp_loss":0.0,"gold_gain":0.0,"event_name":"Beggar","player_choice":"Gave Gold","floor":29.0,"gold_loss":75.0,"damage_taken":0.0},{"damage_healed":26.0,"max_hp_gain":0.0,"max_hp_loss":0.0,"gold_gain":0.0,"event_name":"Winding Halls","player_choice":"Writhe","floor":36.0,"gold_loss":0.0,"damage_taken":0.0,"cards_obtained":["Writhe"]},{"cards_removed":["Writhe"],"damage_healed":0.0,"max_hp_gain":0.0,"max_hp_loss":0.0,"gold_gain":0.0,"event_name":"Purifier","player_choice":"Purged","floor":37.0,"gold_loss":0.0,"damage_taken":0.0},{"cards_removed":["Strike_R"],"damage_healed":0.0,"max_hp_gain":0.0,"max_hp_loss":0.0,"gold_gain":0.0,"event_name":"Bonfire Elementals","player_choice":"Offered Basic","floor":44.0,"gold_loss":0.0,"damage_taken":0.0}],"is_beta":false,"boss_relics":[{"not_picked":["Sozu","Cursed Key"],"picked":"Philosopher\u0027s Stone"},{"not_picked":["Runic Pyramid","Busted Crown"],"picked":"Mark of Pain"}],"items_purged_floors":[],"is_endless":false,"potions_floor_spawned":[2,7,13,14,28,31,33,41,45,46],"killed_by":"Awakened One","ascension_level":0}}