{"host":"epfbbx82en3p4qzo","time":1608549675,"event":{"mods":["BaseMod","Hunter 猎人","Luminous","Minty Spire (QoL Compilation)","StSLib","The Bug Knight","WarShipGirlsR/战舰少女R mod","[IsaacMod]以撒尖塔","[地精首领爬塔]The Maniac","vexMod"],"gold_per_floor":[117,128,141,66,82,82,132,207,259,273,273,288,346,360,360,457,1123,1143,1058,1058,1058,1077,1108,1108,1108,1108],"floor_reached":25,"playtime":854,"items_purged":["rmod:defend"],"score":288,"play_id":"73645149-8bdb-4a34-9b61-fc142c62aa5b","local_time":"20201221192115","is_ascension_mode":false,"campfire_choices":[{"data":"rmod:windflower","floor":6,"key":"SMITH"},{"data":"rmod:expedition","floor":11,"key":"SMITH"},{"data":"rmod:expedition+1","floor":15,"key":"SMITH"},{"data":"rmod:abidefaith","floor":24,"key":"SMITH"}],"circlet_count":0,"master_deck":["rmod:strick+1","rmod:strick+1","rmod:strick+1","rmod:strick+1","rmod:defend+1","rmod:defend+1","rmod:defend+1","rmod:basicallowance","rmod:maingunfire","rmod:expedition+2","rmod:windflower+1","rmod:luckystar","rmod:fletcherpendant","rmod:tearstotiara","rmod:unsinkable","rmod:abidefaith+1","rmod:aviationdawn","rmod:wolves+1"],"relics":["rmod:firstchargereward","HushsDoor","NeowsBlessing","GuppysHead","vexMod:InvisibilityCloak","PreservedInsect","HollowMod:LifeEnderRelic","Ancient Tea Set","vexMod:RockOfEvil","GuppysHairball","TheBean","MutagenicStrength","SharpPlug"],"acts_visited":["Exordium","TheCity"],"potions_floor_usage":[7,7,18,25],"damage_taken":[{"damage":0,"enemies":"2 Louse","floor":1,"turns":1},{"damage":0,"enemies":"Cultist","floor":2,"turns":1},{"damage":0,"enemies":"Jaw Worm","floor":3,"turns":1},{"damage":0,"enemies":"Large Slime","floor":5,"turns":5},{"damage":31,"enemies":"Hiden Room Battle","floor":7,"turns":4},{"damage":0,"enemies":"Looter","floor":10,"turns":1},{"damage":16,"enemies":"Exordium Wildlife","floor":12,"turns":3},{"damage":5,"enemies":"Blue Slaver","floor":14,"turns":3},{"damage":0,"enemies":"Slime Boss","floor":16,"turns":5},{"damage":1,"enemies":"3 Byrds","floor":18,"turns":6},{"damage":0,"enemies":"Spheric Guardian","floor":22,"turns":3},{"damage":5,"enemies":"HollowMod:Nosk","floor":23,"turns":4},{"damage":15,"enemies":"Gremlin Leader","floor":25,"turns":2}],"seed_played":"2777594642015383877","potions_obtained":[{"floor":1,"key":"AttackPotion"},{"floor":5,"key":"Regen Potion"},{"floor":7,"key":"EssenceOfSteel"},{"floor":10,"key":"SpeedPotion"},{"floor":16,"key":"Energy Potion"},{"floor":22,"key":"Fire Potion"}],"is_trial":false,"path_per_floor":["M","M","M","$","M","R","?","T","T","M","R","M","?","M","R","B",null,"M","?","?","?","M","E","R","E"],"character_chosen":"PRAEFECT","items_purchased":["GuppysHairball"],"campfire_rested":0,"item_purchase_floors":[17],"current_hp_per_floor":[75,75,75,75,75,75,53,53,53,53,53,37,37,32,32,32,28,27,27,27,27,27,22,22,0,0],"gold":1108,"neow_bonus":"THREE_ENEMY_KILL","is_daily":false,"chose_seed":false,"campfire_upgraded":4,"win_rate":0.0,"timestamp":1608549675,"path_taken":["M","M","M","$","M","R","?","?","T","M","R","M","?","M","R","BOSS","M","?","?","?","?","E","R","E"],"items_purchased_type":["Relic"],"build_version":"2020-12-13","purchased_purges":1,"victory":false,"max_hp_per_floor":[75,75,75,75,75,75,75,75,75,75,75,75,75,75,75,75,28,28,28,28,28,28,28,28,28,28],"card_choices":[{"not_picked":["rmod:aluminumsupply","rmod:diamondstrike"],"picked":"rmod:expedition","floor":1},{"not_picked":["rmod:diamondstrike","rmod:guardianhero"],"picked":"rmod:windflower","floor":2},{"not_picked":["rmod:bulid","rmod:supportescort"],"picked":"rmod:luckystar","floor":3},{"not_picked":["rmod:steelsupply","rmod:fuelsupply"],"picked":"Bomb","floor":5},{"not_picked":["rmod:slowdown","rmod:goodfighter"],"picked":"rmod:fletcherpendant","floor":7},{"not_picked":["rmod:unsinkable","rmod:expedition"],"picked":"rmod:tearstotiara","floor":10},{"not_picked":["rmod:goodfighter","rmod:gendarmerie"],"picked":"rmod:unsinkable","floor":12},{"not_picked":["rmod:unsinkable","rmod:ammunitionsupply"],"picked":"Bomb","floor":14},{"not_picked":["rmod:ridicule","rmod:acesubmarine"],"picked":"rmod:abidefaith","floor":16},{"not_picked":["rmod:ammunitionsupply","rmod:guardianhero","rmod:firesupport+1"],"picked":"SKIP","floor":18},{"not_picked":["rmod:firesupport+1","rmod:luckystar"],"picked":"rmod:aviationdawn","floor":22},{"not_picked":["rmod:unsinkable","rmod:selfconfidence"],"picked":"rmod:wolves+1","floor":23}],"player_experience":16445,"relics_obtained":[{"floor":7,"key":"vexMod:InvisibilityCloak"},{"floor":7,"key":"PreservedInsect"},{"floor":8,"key":"HollowMod:LifeEnderRelic"},{"floor":9,"key":"Ancient Tea Set"},{"floor":23,"key":"SharpPlug"}],"event_choices":[{"damage_healed":0,"gold_gain":0,"player_choice":"Fight","damage_taken":0,"max_hp_gain":0,"max_hp_loss":0,"event_name":"HidenRoomEvent","floor":7,"gold_loss":0},{"damage_healed":0,"gold_gain":58,"player_choice":"Gained Gold","damage_taken":0,"max_hp_gain":0,"max_hp_loss":0,"event_name":"Golden Wing","floor":13,"gold_loss":0},{"damage_healed":0,"gold_gain":0,"player_choice":"Obtained Relic","damage_taken":0,"relics_obtained":["TheBean"],"max_hp_gain":0,"max_hp_loss":0,"event_name":"Addict","floor":19,"gold_loss":85},{"damage_healed":0,"gold_gain":0,"player_choice":"Inject Mutagens","damage_taken":0,"relics_obtained":["MutagenicStrength"],"max_hp_gain":0,"max_hp_loss":0,"event_name":"Drug Dealer","floor":20,"gold_loss":0},{"damage_healed":0,"gold_gain":0,"player_choice":"Simplicity","damage_taken":0,"max_hp_gain":0,"max_hp_loss":0,"event_name":"Back to Basics","floor":21,"gold_loss":0,"cards_upgraded":["rmod:strick","rmod:strick","rmod:strick","rmod:strick","rmod:defend","rmod:defend","rmod:defend"]}],"is_beta":false,"boss_relics":[{"not_picked":["Calling Bell","Snecko Eye"],"picked":"vexMod:RockOfEvil"},{"not_picked":[]}],"items_purged_floors":[4],"is_endless":false,"potions_floor_spawned":[1,5,7,10,16,22],"killed_by":"Gremlin Leader","ascension_level":0}}