{"host":"8l1xuphorofpdxlv","time":1608569204,"event":{"mods":["AchievementEnabler","BaseMod","DeckTracker","Minty Spire (QoL Compilation)","Quick Restart","SuperFastMode"],"gold_per_floor":[114,130,130,205,205,233,249,249,320,320,334,334,103,103,103,205,205,225,225,23,0,16,44,44,76,76,76,104,114,114,134,134,239,239,249,74,127,127,14,44,18,18,43,43,74,13,28,39,39,39],"floor_reached":51,"playtime":1601,"items_purged":["Strike_G","Strike_G","Strike_G","Strike_G"],"score":1123,"play_id":"6e7ba99d-b0cd-4231-9523-44198cac1abf","local_time":"20201222014644","is_ascension_mode":true,"campfire_choices":[{"data":"Blade Dance","floor":8,"key":"SMITH"},{"data":"Poisoned Stab","floor":10,"key":"SMITH"},{"data":"Dodge and Roll","floor":12,"key":"SMITH"},{"data":"Choke","floor":15,"key":"SMITH"},{"floor":27,"key":"REST"},{"floor":32,"key":"REST"},{"floor":42,"key":"REST"},{"floor":44,"key":"REST"},{"floor":49,"key":"RECALL"}],"circlet_count":0,"master_deck":["Defend_G","Defend_G","Defend_G","Defend_G","Defend_G","Survivor","Neutralize+1","Poisoned Stab+1","Dodge and Roll+1","Blade Dance+1","Choke+1","Prepared+1","PiercingWail+1","Backflip+1","Terror+1","Escape Plan+1","Bullet Time+1","Deadly Poison+1","Quick Slash","Acrobatics+1","Dagger Spray","Blade Dance+1","Blur+1","Ghostly+1","Ghostly+1","Ghostly+1","Ghostly+1","Ghostly+1","Die Die Die","Footwork+1","Well Laid Plans+1","Blade Dance+1","Infinite Blades+1","Blade Dance+1"],"relics":["Ring of the Snake","NeowsBlessing","Bag of Marbles","Potion Belt","Toxic Egg 2","Orrery","Fusion Hammer","Membership Card","HornCleat","Regal Pillow","Prayer Wheel","Frozen Egg 2","Singing Bowl","WristBlade","PreservedInsect","Gambling Chip","MealTicket","Orichalcum","Toy Ornithopter"],"acts_visited":["Exordium","TheCity","TheBeyond"],"potions_floor_usage":[25,33,33,33,50,50,50,50],"damage_taken":[{"damage":0,"enemies":"2 Louse","floor":1,"turns":1},{"damage":0,"enemies":"Cultist","floor":2,"turns":1},{"damage":0,"enemies":"Lagavulin","floor":6,"turns":1},{"damage":0,"enemies":"Jaw Worm","floor":7,"turns":3},{"damage":0,"enemies":"3 Louse","floor":11,"turns":2},{"damage":17,"enemies":"The Guardian","floor":16,"turns":16},{"damage":0,"enemies":"Spheric Guardian","floor":18,"turns":4},{"damage":5,"enemies":"Shell Parasite","floor":22,"turns":4},{"damage":12,"enemies":"Book of Stabbing","floor":23,"turns":5},{"damage":2,"enemies":"Slavers","floor":25,"turns":7},{"damage":0,"enemies":"Gremlin Leader","floor":28,"turns":4},{"damage":0,"enemies":"Shelled Parasite and Fungi","floor":29,"turns":4},{"damage":0,"enemies":"3 Cultists","floor":31,"turns":4},{"damage":1,"enemies":"Champ","floor":33,"turns":12},{"damage":0,"enemies":"Orb Walker","floor":35,"turns":1},{"damage":6,"enemies":"2 Orb Walkers","floor":37,"turns":7},{"damage":0,"enemies":"Reptomancer","floor":40,"turns":5},{"damage":0,"enemies":"Nemesis","floor":45,"turns":1},{"damage":0,"enemies":"3 Shapes","floor":47,"turns":2},{"damage":0,"enemies":"Jaw Worm Horde","floor":48,"turns":3},{"damage":10,"enemies":"Donu and Deca","floor":50,"turns":8}],"seed_played":"-8443628773199284865","potions_obtained":[{"floor":1,"key":"DistilledChaos"},{"floor":7,"key":"Dexterity Potion"},{"floor":11,"key":"SneckoOil"},{"floor":18,"key":"Weak Potion"},{"floor":25,"key":"Explosive Potion"},{"floor":28,"key":"Ancient Potion"},{"floor":31,"key":"ColorlessPotion"},{"floor":45,"key":"Energy Potion"},{"floor":47,"key":"FairyPotion"},{"floor":48,"key":"Fire Potion"}],"is_trial":false,"path_per_floor":["M","M","?","?","?","E","M","R","T","R","M","R","$","?","R","B",null,"M","?","$","?","M","E","?","E","T","R","E","M","?","M","R","B",null,"M","$","?","?","$","E","$","R","T","R","E","$","M","M","R","B",null],"character_chosen":"THE_SILENT","items_purchased":["Orrery","Membership Card","PreservedInsect","Footwork+1","Well Laid Plans+1","SteroidPotion","Infinite Blades+1","SteroidPotion"],"campfire_rested":4,"item_purchase_floors":[13,20,36,36,39,41,46,46],"current_hp_per_floor":[70,70,52,41,41,41,41,41,41,41,41,41,41,46,46,29,75,75,75,75,75,70,58,58,56,56,75,75,75,37,41,41,40,41,45,45,41,41,41,41,47,47,47,47,49,49,53,55,55,45],"gold":39,"neow_bonus":"THREE_ENEMY_KILL","is_daily":false,"chose_seed":false,"campfire_upgraded":4,"win_rate":0.0,"timestamp":1608569204,"path_taken":["M","M","?","?","?","E","?","R","T","R","M","R","$","?","R","BOSS","M","?","?","?","M","E","?","E","T","R","E","?","?","M","R","BOSS","M","$","?","?","$","E","$","R","T","R","E","?","M","?","R","BOSS"],"items_purchased_type":["Relic","Relic","Relic","Card","Card","Potion","Card","Potion"],"build_version":"2020-12-13","purchased_purges":4,"victory":true,"max_hp_per_floor":[70,70,70,70,70,70,70,70,70,70,70,70,70,75,75,75,75,75,75,75,75,75,75,75,75,75,75,75,75,37,41,41,41,41,45,45,47,47,47,47,47,47,47,47,49,49,53,55,55,55],"card_choices":[{"not_picked":["Heel Hook","Deflect"],"picked":"Poisoned Stab","floor":1},{"not_picked":["Sucker Punch","Dagger Throw"],"picked":"Dodge and Roll","floor":2},{"not_picked":["Backflip","Bouncing Flask"],"picked":"Choke","floor":6},{"not_picked":["Underhanded Strike","Flechettes","Cloak And Dagger"],"picked":"SKIP","floor":7},{"not_picked":["Flechettes","Terror+1"],"picked":"Prepared+1","floor":11},{"not_picked":["Glass Knife","Dagger Spray"],"picked":"PiercingWail+1","floor":13},{"not_picked":["Underhanded Strike","Slice"],"picked":"Backflip+1","floor":13},{"not_picked":["Concentrate+1","Sucker Punch"],"picked":"Terror+1","floor":13},{"not_picked":["Dodge and Roll+1","Riddle With Holes"],"picked":"Escape Plan+1","floor":13},{"not_picked":["After Image","Malaise+1"],"picked":"Bullet Time+1","floor":16},{"not_picked":["Escape Plan+1","Slice+1"],"picked":"Deadly Poison+1","floor":18},{"not_picked":["Terror+1","Catalyst+1"],"picked":"Quick Slash","floor":22},{"not_picked":["Quick Slash+1","Dagger Throw","Outmaneuver+1"],"picked":"SKIP","floor":23},{"not_picked":["Dodge and Roll+1","Glass Knife"],"picked":"Acrobatics+1","floor":25},{"not_picked":["Dagger Throw","Doppelganger+1"],"picked":"Dagger Spray","floor":28},{"not_picked":["Dagger Spray","Poisoned Stab+1"],"picked":"Blade Dance+1","floor":29},{"not_picked":["Flying Knee","Deflect+1"],"picked":"Blur+1","floor":29},{"not_picked":["Blade Dance+1","Sucker Punch+1","Predator"],"picked":"Singing Bowl","floor":31},{"not_picked":["Deflect+1","Leg Sweep+1","Bane"],"picked":"Singing Bowl","floor":31},{"not_picked":["Glass Knife","Tools of the Trade+1"],"picked":"Die Die Die","floor":33},{"not_picked":["Concentrate+1","Dagger Throw+1","Finisher"],"picked":"Singing Bowl","floor":35},{"not_picked":["Prepared+1","Bane+1","Acrobatics+1"],"picked":"Singing Bowl","floor":35},{"not_picked":["Cloak And Dagger+1","Noxious Fumes+1","Expertise+1"],"picked":"Singing Bowl","floor":37},{"not_picked":["Calculated Gamble+1","Prepared+1"],"picked":"Blade Dance+1","floor":40},{"not_picked":["Flying Knee","Masterful Stab","Concentrate+1"],"picked":"Singing Bowl","floor":45},{"not_picked":["Leg Sweep+1","Quick Slash+1","Infinite Blades+1"],"picked":"Singing Bowl","floor":47},{"not_picked":["Distraction+1","Backflip+1","Bane+1"],"picked":"Singing Bowl","floor":47},{"not_picked":["Poisoned Stab+1","Eviscerate"],"picked":"Blade Dance+1","floor":48},{"not_picked":["Bane+1","Dash+1","Dagger Throw"],"picked":"Singing Bowl","floor":48}],"player_experience":87165,"relics_obtained":[{"floor":6,"key":"Potion Belt"},{"floor":9,"key":"Toxic Egg 2"},{"floor":23,"key":"HornCleat"},{"floor":25,"key":"Prayer Wheel"},{"floor":26,"key":"Frozen Egg 2"},{"floor":28,"key":"Singing Bowl"},{"floor":37,"key":"Gambling Chip"},{"floor":40,"key":"MealTicket"},{"floor":43,"key":"Orichalcum"},{"floor":45,"key":"Toy Ornithopter"}],"event_choices":[{"damage_healed":0,"gold_gain":0,"player_choice":"Success","damage_taken":18,"relics_obtained":["Bag of Marbles"],"max_hp_gain":0,"max_hp_loss":0,"event_name":"Scrap Ooze","floor":3,"gold_loss":0},{"damage_healed":0,"gold_gain":75,"player_choice":"Gather Gold","damage_taken":11,"max_hp_gain":0,"max_hp_loss":0,"event_name":"World of Goop","floor":4,"gold_loss":0},{"damage_healed":0,"gold_gain":0,"cards_transformed":["Strike_G"],"player_choice":"Transformed","damage_taken":0,"max_hp_gain":0,"max_hp_loss":0,"event_name":"Transmorgrifier","floor":5,"gold_loss":0,"cards_obtained":["Blade Dance"]},{"damage_healed":0,"gold_gain":0,"player_choice":"Donut","damage_taken":0,"max_hp_gain":5,"max_hp_loss":0,"event_name":"Big Fish","floor":14,"gold_loss":0},{"damage_healed":0,"gold_gain":0,"player_choice":"Upgraded","damage_taken":0,"max_hp_gain":0,"max_hp_loss":0,"event_name":"Upgrade Shrine","floor":19,"gold_loss":0,"cards_upgraded":["Neutralize"]},{"damage_healed":0,"gold_gain":0,"player_choice":"Paid Fearfully","damage_taken":0,"max_hp_gain":0,"max_hp_loss":0,"event_name":"Masked Bandits","floor":21,"gold_loss":23},{"damage_healed":0,"gold_gain":0,"player_choice":"Opened","damage_taken":0,"relics_obtained":["Regal Pillow"],"max_hp_gain":0,"max_hp_loss":0,"event_name":"The Mausoleum","floor":24,"gold_loss":0},{"damage_healed":0,"gold_gain":0,"player_choice":"Became a Ghost","damage_taken":0,"max_hp_gain":0,"max_hp_loss":38,"event_name":"Ghosts","floor":30,"gold_loss":0,"cards_obtained":["Ghostly","Ghostly","Ghostly","Ghostly","Ghostly"]},{"damage_healed":0,"gold_gain":0,"player_choice":"Fight","damage_taken":0,"max_hp_gain":0,"max_hp_loss":0,"event_name":"Mysterious Sphere","floor":37,"gold_loss":0},{"damage_healed":0,"gold_gain":0,"player_choice":"Ignored","damage_taken":0,"max_hp_gain":0,"max_hp_loss":0,"event_name":"Tomb of Lord Red Mask","floor":38,"gold_loss":0}],"is_beta":false,"boss_relics":[{"not_picked":["Tiny House","Velvet Choker"],"picked":"Fusion Hammer"},{"not_picked":["SacredBark","Runic Pyramid"],"picked":"WristBlade"}],"items_purged_floors":[13,20,36,39],"is_endless":false,"potions_floor_spawned":[1,7,11,18,25,28,31,45,47,48],"ascension_level":4}}