{"host":"qfskrnw3pl1q86j0","time":1608587981,"event":{"mods":["BaseMod","Block Reminder","Hermit","Marisa????????","Minty Spire (QoL Compilation)","Quick Restart","Random Character Button","StSLib","The Poker Player","slay the spire mod where everything is the same but ironclad has a cowboy hat"],"gold_per_floor":[111,111,124,124,124,138,138,166,166,166,184,195,227,0,0,102,102,112,112,123,133,147,147,159,184,184,29,64,64,83,98,98,98,98],"floor_reached":33,"playtime":1203,"items_purged":["Strike_P"],"score":324,"play_id":"9aa2da45-1c00-43f1-bab5-7cf18b4f7b4a","local_time":"20201221225941","is_ascension_mode":false,"campfire_choices":[{"data":"Evaluate","floor":7.0,"key":"SMITH"},{"data":"EmptyFist","floor":15.0,"key":"SMITH"},{"data":"Ragnarok","floor":23,"key":"SMITH"},{"floor":32,"key":"REST"}],"circlet_count":0,"master_deck":["Strike_P+1","Strike_P+1","Strike_P+1","Defend_P","Defend_P","Defend_P","Defend_P","Eruption+1","Vigilance+1","FlurryOfBlows+1","Evaluate+1","EmptyFist+1","Adaptation","Indignation","Ragnarok+1","FollowUp+1","Meditate+1","EmptyBody","Sanctity"],"relics":["PureWater","Bottled Flame","Matryoshka","Calipers","PreservedInsect","VioletLotus","Damaru","Boot","Whetstone","Membership Card","Blue Candle"],"acts_visited":["Exordium","TheCity"],"potions_floor_usage":[20,20,21,25],"damage_taken":[{"damage":0.0,"enemies":"2 Louse","floor":1.0,"turns":1.0},{"damage":0.0,"enemies":"Jaw Worm","floor":3.0,"turns":1.0},{"damage":5.0,"enemies":"Small Slimes","floor":6.0,"turns":3.0},{"damage":0.0,"enemies":"3 Sentries","floor":8.0,"turns":7.0},{"damage":0.0,"enemies":"Exordium Wildlife","floor":11.0,"turns":2.0},{"damage":0.0,"enemies":"2 Fungi Beasts","floor":12.0,"turns":3.0},{"damage":9.0,"enemies":"Lagavulin","floor":13.0,"turns":6.0},{"damage":10.0,"enemies":"Hexaghost","floor":16.0,"turns":9.0},{"damage":0.0,"enemies":"Chosen","floor":18.0,"turns":1.0},{"damage":14,"enemies":"3 Byrds","floor":20,"turns":5},{"damage":0,"enemies":"Snecko","floor":21,"turns":3},{"damage":1,"enemies":"Cultist and Chosen","floor":22,"turns":6},{"damage":14,"enemies":"Shelled Parasite and Fungi","floor":24,"turns":3},{"damage":12,"enemies":"Slavers","floor":25,"turns":3},{"damage":13,"enemies":"Gremlin Leader","floor":28,"turns":3},{"damage":0,"enemies":"3 Cultists","floor":30,"turns":4},{"damage":0,"enemies":"Snake Plant","floor":31,"turns":2},{"damage":44,"enemies":"Automaton","floor":33,"turns":6}],"seed_played":"1799958064071982378","potions_obtained":[{"floor":1.0,"key":"LiquidMemories"},{"floor":6.0,"key":"EssenceOfSteel"},{"floor":12.0,"key":"ColorlessPotion"},{"floor":13.0,"key":"SteroidPotion"},{"floor":18,"key":"ColorlessPotion"},{"floor":20,"key":"SteroidPotion"},{"floor":22,"key":"BlessingOfTheForge"}],"is_trial":false,"path_per_floor":["M","?","M","?","?","M","R","E","T","?","M","M","E","$","R","B",null,"M","?","M","M","M","R","M","E","T","$","E","?","M","M","R","B"],"character_chosen":"WATCHER","items_purchased":["PreservedInsect","Membership Card"],"campfire_rested":1,"item_purchase_floors":[14,27],"current_hp_per_floor":[72,72,72,72,58,53,53,53,53,72,72,72,63,63,63,53,72,72,72,58,58,57,57,43,31,31,31,18,18,18,18,39,0,0],"gold":98,"neow_bonus":"UPGRADE_CARD","is_daily":false,"chose_seed":false,"campfire_upgraded":3,"win_rate":0.0,"timestamp":1608587981,"path_taken":["M","?","M","?","?","?","R","E","T","?","M","M","E","$","R","BOSS","M","?","?","M","M","R","M","E","T","?","E","?","M","M","R","BOSS"],"items_purchased_type":["Relic","Relic"],"build_version":"2020-12-13","purchased_purges":1,"victory":false,"max_hp_per_floor":[72,72,72,72,72,72,72,72,72,72,72,72,72,72,72,72,72,72,72,72,72,72,72,72,72,72,72,72,72,72,72,72,72,72],"card_choices":[{"not_picked":["Perseverance","Wireheading"],"picked":"FlurryOfBlows","floor":1.0},{"not_picked":["Crescendo","ForeignInfluence","Weave"],"picked":"SKIP","floor":3.0},{"not_picked":["FlyingSleeves","Prostrate"],"picked":"Evaluate","floor":6.0},{"not_picked":["DeceiveReality","MentalFortress"],"picked":"EmptyFist","floor":8.0},{"not_picked":["Pray","Conclude"],"picked":"Adaptation","floor":11.0},{"not_picked":["FlurryOfBlows","Consecrate"],"picked":"Indignation","floor":12.0},{"not_picked":["Worship","Pray","Consecrate"],"picked":"SKIP","floor":13.0},{"not_picked":["Brilliance","ConjureBlade"],"picked":"Ragnarok","floor":16.0},{"not_picked":["ReachHeaven","Weave","Crescendo"],"picked":"SKIP","floor":18},{"not_picked":["JustLucky","EmptyFist"],"picked":"FollowUp+1","floor":20},{"not_picked":["WindmillStrike","Fasting2"],"picked":"Meditate","floor":21},{"not_picked":["MentalFortress","Indignation","Fasting2"],"picked":"SKIP","floor":22},{"not_picked":["ThirdEye","ClearTheMind","Consecrate"],"picked":"SKIP","floor":24},{"not_picked":["FlyingSleeves","Nirvana","BowlingBash"],"picked":"SKIP","floor":25},{"not_picked":["FollowUp","ClearTheMind"],"picked":"EmptyBody","floor":28},{"not_picked":["JustLucky","Worship","WheelKick+1"],"picked":"SKIP","floor":30},{"not_picked":["InnerPeace","DevaForm"],"picked":"Sanctity","floor":31}],"player_experience":857573,"relics_obtained":[{"floor":8.0,"key":"Bottled Flame"},{"floor":9.0,"key":"Matryoshka"},{"floor":13.0,"key":"Calipers"},{"floor":25,"key":"Damaru"},{"floor":26,"key":"Boot"},{"floor":26,"key":"Whetstone"},{"floor":28,"key":"Blue Candle"}],"event_choices":[{"damage_healed":0.0,"max_hp_gain":0.0,"max_hp_loss":0.0,"gold_gain":0.0,"event_name":"Liars Game","player_choice":"Ignored","floor":2.0,"gold_loss":0.0,"damage_taken":0.0},{"damage_healed":0.0,"max_hp_gain":0.0,"max_hp_loss":0.0,"gold_gain":0.0,"event_name":"Living Wall","player_choice":"Grow","floor":4.0,"gold_loss":0.0,"damage_taken":0.0,"cards_upgraded":["Vigilance"]},{"damage_healed":0.0,"max_hp_gain":0.0,"max_hp_loss":0.0,"gold_gain":0.0,"event_name":"Shining Light","player_choice":"Entered Light","floor":5.0,"gold_loss":0.0,"damage_taken":14.0,"cards_upgraded":["FlurryOfBlows","Strike_P"]},{"damage_healed":24.0,"max_hp_gain":0.0,"max_hp_loss":0.0,"gold_gain":0.0,"event_name":"Big Fish","player_choice":"Banana","floor":10.0,"gold_loss":0.0,"damage_taken":0.0},{"damage_healed":0,"gold_gain":0,"player_choice":"Ignored","damage_taken":0,"max_hp_gain":0,"max_hp_loss":0,"event_name":"NoteForYourself","floor":19,"gold_loss":0},{"damage_healed":0,"gold_gain":0,"player_choice":"Upgraded","damage_taken":0,"max_hp_gain":0,"max_hp_loss":0,"event_name":"Upgrade Shrine","floor":29,"gold_loss":0,"cards_upgraded":["Meditate"]}],"is_beta":false,"boss_relics":[{"not_picked":["Runic Dome","SlaversCollar"],"picked":"VioletLotus"}],"items_purged_floors":[14],"is_endless":false,"potions_floor_spawned":[1,6,12,13,18,20,22],"killed_by":"Automaton","ascension_level":0}}