{"host":"dndimm0zu2cyprm4","time":1608523085,"event":{"mods":["BaseMod","BetterRewards","Colored Map","Downfall","Duelist Mod","Infinite Spire","Marisa£®ÏF”Í°°ƒß¿Ì…≥£©","Minty Spire (QoL Compilation)","Remilia£®¿Ÿ√◊¿Ú—«£©","Replay The Spire","Shop Mod","StSLib","The Construct","The Cursed","The Runesmith","The Servant 0.9.4"],"gold_per_floor":[115,131,97,97,97,97,111,127,127,127,127,127,138,218,218,315,315,327,242,341,341,355,355,386,404,404,404,404,404],"floor_reached":28,"playtime":1253,"items_purged":[],"score":226,"play_id":"d0ba9f5c-a1be-4cfa-a9c9-3d2256d1bf1b","local_time":"20201221115805","is_ascension_mode":false,"campfire_choices":[{"data":"UpSweep","floor":6,"key":"SMITH"},{"data":"AlicesGift","floor":10,"key":"SMITH"},{"data":"GalacticHalo","floor":15,"key":"SMITH"},{"data":"EscapeVelocity","floor":23,"key":"SMITH"}],"circlet_count":0,"master_deck":["Strike_MRS","Strike_MRS","Strike_MRS","Strike_MRS","Defend_MRS","Defend_MRS","Defend_MRS","MasterSpark+1","UpSweep+1","ShootingEcho","6A+1","MeteoricShower+1","AlicesGift+1","GalacticHalo+1","infinitespire:Collect","ChargeUpSpray","EscapeVelocity+1","EnergyFlow","SuperPerseids","WitchLeyline+1"],"relics":["MiniHakkero","NeowsBlessing","Du-Vu Doll","infinitespire:Lychee Nut","infinitespire:Bottled Soul","RampagingMagicTools","infinitespire:ShieldingShard","construct:RocketBooster","Snack Pack"],"acts_visited":["Exordium","TheCity"],"potions_floor_usage":[16,16,22,25,28],"damage_taken":[{"damage":0,"enemies":"2 Louse","floor":1,"turns":1},{"damage":0,"enemies":"Jaw Worm","floor":2,"turns":1},{"damage":0,"enemies":"Small Slimes","floor":7,"turns":1},{"damage":3,"enemies":"Looter","floor":8,"turns":2},{"damage":7,"enemies":"Blue Slaver","floor":13,"turns":3},{"damage":20,"enemies":"Slime Boss","floor":16,"turns":8},{"damage":0,"enemies":"Spheric Guardian","floor":18,"turns":1},{"damage":1,"enemies":"Chosen","floor":22,"turns":3},{"damage":28,"enemies":"theDuelist:KaibaA2","floor":24,"turns":3},{"damage":12,"enemies":"Snecko","floor":25,"turns":3},{"damage":44,"enemies":"Slavers","floor":28,"turns":3}],"seed_played":"-6141328130233851143","potions_obtained":[{"floor":1,"key":"Weak Potion"},{"floor":2,"key":"Death Potion"},{"floor":7,"key":"Adrenaline Potion"},{"floor":16,"key":"Swift Potion"},{"floor":18,"key":"DistilledChaos"},{"floor":25,"key":"Fire Potion"}],"is_trial":false,"path_per_floor":["M","M","$","?","?","R","M","M","T","R","?","?","M","T","R","B",null,"M","?","?","?","M","R","E","M","T","AVR","E"],"character_chosen":"MARISA","items_purchased":["6A+1"],"campfire_rested":0,"item_purchase_floors":[3],"current_hp_per_floor":[75,75,75,75,75,75,75,72,72,72,54,51,49,49,49,35,56,56,56,56,56,56,56,30,23,23,23,0,0],"gold":404,"neow_bonus":"THREE_ENEMY_KILL","is_daily":false,"chose_seed":false,"campfire_upgraded":4,"win_rate":0.0,"timestamp":1608523085,"path_taken":["M","M","$","?","?","R","M","?","T","R","?","?","M","?","R","BOSS","M","?","?","?","M","R","E","M","T","AVR","E"],"items_purchased_type":["Card"],"build_version":"2020-12-13","purchased_purges":0,"victory":false,"max_hp_per_floor":[75,75,75,75,75,75,75,75,75,75,75,56,56,56,56,56,56,56,56,56,56,56,56,56,56,56,56,56,56],"card_choices":[{"not_picked":["MeteoricShower","SprinkleStarSeal"],"picked":"ShootingEcho","floor":1},{"not_picked":["Acceleration","DC","MysteriousBeam"],"picked":"SKIP","floor":2},{"not_picked":["SuperPerseids","WitchLeyline"],"picked":"AlicesGift","floor":7},{"not_picked":["CollectingQuirk","MilkyWay"],"picked":"GalacticHalo","floor":8},{"not_picked":["ReplayTheSpireMod:Black Plague","infinitespire:UltimateForm"],"picked":"infinitespire:Collect","floor":11},{"not_picked":["WitchOfGreed","IllusionStar"],"picked":"ChargeUpSpray","floor":13},{"not_picked":["UltimateShortwave","MaximisePower"],"picked":"EscapeVelocity","floor":16},{"not_picked":["DragonMeteor","UnstableBomb","GravityBeat"],"picked":"SKIP","floor":18},{"not_picked":["6A","ShootTheMoon"],"picked":"EnergyFlow","floor":22},{"not_picked":["UnstableBomb","DragonMeteor"],"picked":"SuperPerseids","floor":24},{"not_picked":["NonDirectionalLaser+1","DoubleSpark+1"],"picked":"WitchLeyline+1","floor":25}],"player_experience":99616,"relics_obtained":[{"floor":9,"key":"Du-Vu Doll"},{"floor":14,"key":"infinitespire:Bottled Soul"},{"floor":24,"key":"construct:RocketBooster"},{"floor":26,"key":"Snack Pack"}],"event_choices":[{"damage_healed":0,"gold_gain":0,"player_choice":"Success","damage_taken":3,"relics_obtained":["infinitespire:Lychee Nut"],"max_hp_gain":0,"max_hp_loss":0,"event_name":"Scrap Ooze","floor":12,"gold_loss":0},{"damage_healed":0,"gold_gain":0,"player_choice":"Obtained Relic","damage_taken":0,"relics_obtained":["infinitespire:ShieldingShard"],"max_hp_gain":0,"max_hp_loss":0,"event_name":"Addict","floor":19,"gold_loss":85},{"damage_healed":0,"gold_gain":99,"player_choice":"Stole From Cult","damage_taken":0,"max_hp_gain":0,"max_hp_loss":0,"event_name":"Nest","floor":20,"gold_loss":0}],"is_beta":false,"boss_relics":[{"not_picked":["Runesmith:UraniumAnvil","Runic Dome"],"picked":"RampagingMagicTools"}],"items_purged_floors":[],"is_endless":false,"potions_floor_spawned":[1,2,7,16,18,25],"killed_by":"Slavers","ascension_level":0}}