{"host":"foq4mrde4mssg7vt","time":1608562672,"event":{"mods":["AchievementEnabler","BaseMod","Colored Map","Colored Powertips","Highlight Path","Minty Spire (QoL Compilation)","Relic Stats","everything is the same but u backflip on backflip"],"gold_per_floor":[118,41,58,77,77,105,105,148,148,182,182,198,239,319,319,449,449,470,385,108,108,128,163,174,174,474,492,509,262,262,362,362,467,467,484,504,504,521,61,87,87,97,124,171,198,228,252,296,308,320,332,344,78,105,105],"floor_reached":56,"playtime":3806,"items_purged":["Strike_G","Strike_G","Strike_G"],"score":1978,"play_id":"4c31ad34-a89d-4760-a399-730b5a988a00","local_time":"20201221225752","is_ascension_mode":true,"campfire_choices":[{"floor":11,"key":"REST"},{"floor":15,"key":"REST"},{"data":"1","floor":25,"key":"LIFT"},{"data":"2","floor":30,"key":"LIFT"},{"data":"3","floor":32,"key":"LIFT"},{"floor":41,"key":"RECALL"},{"floor":49,"key":"REST"},{"floor":52,"key":"REST"}],"circlet_count":0,"master_deck":["AscendersBane","Strike_G","Strike_G","Defend_G","Defend_G","Defend_G","Defend_G","Defend_G","Survivor","Neutralize","Poisoned Stab","Flying Knee","Blade Dance+1","Finisher","Leg Sweep+1","Footwork","Backflip","Burst","Calculated Gamble+1","Cloak And Dagger","Crippling Poison","Infinite Blades","Blur","Deadly Poison+1","PiercingWail","Envenom","Noxious Fumes+1","Acrobatics","Dash+1","After Image","Footwork+1","PiercingWail","Well Laid Plans+1","Wraith Form v2","Footwork"],"relics":["Ring of the Snake","Happy Flower","StrikeDummy","Bloody Idol","Bag of Preparation","War Paint","Art of War","Girya","Gremlin Horn","Fusion Hammer","FossilizedHelix","Pen Nib","Anchor","Old Coin","Akabeko","The Specimen","Bottled Tornado","HoveringKite","PreservedInsect","Pantograph","Blood Vial","Torii","MawBank","Kunai","Shuriken"],"acts_visited":["Exordium","TheCity","TheBeyond","TheEnding"],"potions_floor_usage":[6,16,23,23,33,36,44,54,55,55],"damage_taken":[{"damage":3,"enemies":"2 Louse","floor":1,"turns":3},{"damage":2,"enemies":"Jaw Worm","floor":3,"turns":4},{"damage":0,"enemies":"Small Slimes","floor":4,"turns":3},{"damage":22,"enemies":"3 Sentries","floor":6,"turns":10},{"damage":9,"enemies":"Gremlin Nob","floor":8,"turns":3},{"damage":10,"enemies":"3 Sentries","floor":10,"turns":8},{"damage":0,"enemies":"Looter","floor":12,"turns":4},{"damage":11,"enemies":"Lagavulin","floor":13,"turns":7},{"damage":39,"enemies":"Slime Boss","floor":16,"turns":10},{"damage":8,"enemies":"2 Thieves","floor":18,"turns":3},{"damage":0,"enemies":"Shell Parasite","floor":22,"turns":10},{"damage":20,"enemies":"Gremlin Leader","floor":23,"turns":9},{"damage":0,"enemies":"Centurion and Healer","floor":24,"turns":4},{"damage":0,"enemies":"Shelled Parasite and Fungi","floor":27,"turns":4},{"damage":0,"enemies":"3 Cultists","floor":28,"turns":4},{"damage":0,"enemies":"Colosseum Slavers","floor":31,"turns":5},{"damage":0,"enemies":"Colosseum Nobs","floor":31,"turns":4},{"damage":9,"enemies":"Automaton","floor":33,"turns":8},{"damage":0,"enemies":"3 Shapes","floor":35,"turns":4},{"damage":0,"enemies":"Orb Walker","floor":36,"turns":2},{"damage":0,"enemies":"Sphere and 2 Shapes","floor":38,"turns":5},{"damage":0,"enemies":"Nemesis","floor":40,"turns":7},{"damage":0,"enemies":"Writhing Mass","floor":42,"turns":10},{"damage":0,"enemies":"2 Orb Walkers","floor":44,"turns":5},{"damage":0,"enemies":"Reptomancer","floor":45,"turns":5},{"damage":0,"enemies":"4 Shapes","floor":46,"turns":5},{"damage":0,"enemies":"Maw","floor":47,"turns":7},{"damage":0,"enemies":"Nemesis","floor":48,"turns":3},{"damage":0,"enemies":"Donu and Deca","floor":50,"turns":12},{"damage":5,"enemies":"Shield and Spear","floor":54,"turns":7},{"damage":55,"enemies":"The Heart","floor":55,"turns":15}],"seed_played":"4368603940070205801","potions_obtained":[{"floor":0,"key":"SmokeBomb"},{"floor":0,"key":"SneckoOil"},{"floor":0,"key":"SmokeBomb"},{"floor":1,"key":"Block Potion"},{"floor":13,"key":"Fire Potion"},{"floor":22,"key":"CunningPotion"},{"floor":23,"key":"SteroidPotion"},{"floor":24,"key":"FearPotion"},{"floor":31,"key":"PowerPotion"},{"floor":35,"key":"Fruit Juice"},{"floor":36,"key":"PowerPotion"},{"floor":40,"key":"Block Potion"},{"floor":47,"key":"FearPotion"},{"floor":48,"key":"DistilledChaos"}],"is_trial":false,"path_per_floor":["M","$","M","M","?","E","?","E","T","E","R","M","E","T","R","B",null,"M","?","$","?","M","E","M","R","T","M","M","$","R","?","R","B",null,"M","M","?","M","$","E","R","M","T","?","E","M","M","E","R","B",null,"R","$","E","B",null],"character_chosen":"THE_SILENT","items_purchased":["Poisoned Stab","Flying Knee","BlessingOfTheForge","Pen Nib","Akabeko","After Image","PreservedInsect","Pantograph","Ancient Potion","Footwork"],"campfire_rested":4,"item_purchase_floors":[2,2,20,20,29,39,39,39,53,53],"current_hp_per_floor":[60,60,58,58,55,33,33,24,24,14,33,33,22,22,41,2,49,41,41,41,41,46,31,36,36,41,46,51,51,51,56,56,52,62,65,70,70,70,70,70,70,70,70,70,70,70,70,70,70,70,70,70,70,70,15],"gold":105,"neow_bonus":"THREE_SMALL_POTIONS","is_daily":false,"chose_seed":false,"campfire_upgraded":0,"win_rate":0.0,"timestamp":1608562672,"path_taken":["M","$","M","M","?","E","?","E","T","E","R","M","E","?","R","BOSS","M","?","$","?","M","E","M","R","T","M","M","$","R","?","R","BOSS","M","M","?","M","?","E","R","M","T","?","E","M","M","E","R","BOSS","R","$","E","BOSS"],"items_purchased_type":["Card","Card","Potion","Relic","Relic","Card","Relic","Relic","Potion","Card"],"build_version":"2020-12-13","purchased_purges":3,"victory":true,"max_hp_per_floor":[70,70,70,70,70,70,65,65,65,65,65,65,65,65,65,65,65,65,65,65,65,65,65,65,65,65,65,65,65,65,65,65,65,65,65,70,70,70,70,70,70,70,70,70,70,70,70,70,70,70,70,70,70,70,70],"relic_stats":{"Happy Flower":[60],"Gremlin Horn":[31,31],"Torii":26,"counters":[31,190],"HoveringKite":[33],"Pen Nib":[35],"PreservedInsect":241,"Bag of Preparation":[52],"War Paint":["Blade Dance","Leg Sweep"],"MawBank":96,"Blood Vial":0,"Shuriken":[6],"Bloody Idol":48,"Pantograph":0,"Art of War":[19],"Kunai":[15],"obtain_stats":[{"Gremlin Horn":14,"Torii":44,"HoveringKite":34,"Bag of Preparation":8,"Bottled Tornado":31,"Old Coin":26,"Blood Vial":40,"Pantograph":39,"Fusion Hammer":17,"Kunai":48,"Ring of the Snake":0,"Girya":13,"Happy Flower":5,"The Specimen":31,"Golden Idol":7,"Pen Nib":20,"PreservedInsect":39,"War Paint":9,"MawBank":45,"Akabeko":29,"Anchor":23,"Shuriken":54,"Bloody Idol":21,"Art of War":10,"StrikeDummy":6,"FossilizedHelix":19},{"Gremlin Horn":8,"Torii":24,"HoveringKite":18,"Bag of Preparation":5,"Bottled Tornado":17,"Old Coin":13,"Blood Vial":22,"Pantograph":21,"Fusion Hammer":9,"Kunai":28,"Ring of the Snake":0,"Girya":8,"Happy Flower":3,"The Specimen":17,"Golden Idol":4,"Pen Nib":10,"PreservedInsect":21,"War Paint":5,"MawBank":25,"Akabeko":15,"Anchor":12,"Shuriken":30,"Bloody Idol":10,"Art of War":6,"StrikeDummy":4,"FossilizedHelix":10},{"Gremlin Horn":42,"Torii":136,"HoveringKite":103,"Bag of Preparation":23,"Bottled Tornado":95,"Old Coin":78,"Blood Vial":121,"Pantograph":114,"Fusion Hammer":52,"Kunai":156,"Ring of the Snake":0,"Girya":42,"Happy Flower":10,"The Specimen":95,"Golden Idol":20,"Pen Nib":55,"PreservedInsect":114,"War Paint":23,"MawBank":141,"Akabeko":86,"Anchor":74,"Shuriken":175,"Bloody Idol":55,"Art of War":31,"StrikeDummy":20,"FossilizedHelix":55}],"Ring of the Snake":[62]},"card_choices":[{"not_picked":["Dodge and Roll","Escape Plan","Eviscerate"],"picked":"SKIP","floor":1},{"not_picked":["Catalyst","Leg Sweep"],"picked":"Blade Dance","floor":3},{"not_picked":["Concentrate","Slice","Outmaneuver"],"picked":"SKIP","floor":4},{"not_picked":["Setup","Eviscerate"],"picked":"Finisher","floor":6},{"not_picked":["Cloak And Dagger","Finisher"],"picked":"Leg Sweep","floor":8},{"not_picked":["PiercingWail","Heel Hook"],"picked":"Footwork","floor":10},{"not_picked":["Prepared","Cloak And Dagger"],"picked":"Backflip","floor":12},{"not_picked":["Dagger Throw","Backflip","Eviscerate"],"picked":"SKIP","floor":13},{"not_picked":["Storm of Steel","Glass Knife"],"picked":"Burst","floor":16},{"not_picked":["Underhanded Strike","Terror"],"picked":"Calculated Gamble+1","floor":18},{"not_picked":["Accuracy","Choke"],"picked":"Cloak And Dagger","floor":22},{"not_picked":["Prepared","Backflip"],"picked":"Crippling Poison","floor":23},{"not_picked":["Dodge and Roll","Cloak And Dagger"],"picked":"Infinite Blades","floor":24},{"not_picked":["Distraction","Poisoned Stab+1"],"picked":"Blur","floor":27},{"not_picked":["Accuracy","Masterful Stab"],"picked":"Deadly Poison+1","floor":28},{"not_picked":["Flechettes+1","Phantasmal Killer"],"picked":"PiercingWail","floor":31},{"not_picked":["Grand Finale","Night Terror"],"picked":"Envenom","floor":33},{"not_picked":["Underhanded Strike","Slice+1"],"picked":"Noxious Fumes+1","floor":35},{"not_picked":["Deflect+1","Cloak And Dagger"],"picked":"Acrobatics","floor":36},{"not_picked":["Deadly Poison","Cloak And Dagger+1"],"picked":"Dash+1","floor":38},{"not_picked":["Masterful Stab","Poisoned Stab"],"picked":"Footwork+1","floor":40},{"not_picked":["Prepared+1","Crippling Poison+1"],"picked":"PiercingWail","floor":42},{"not_picked":["Flying Knee","Underhanded Strike+1"],"picked":"Well Laid Plans+1","floor":45},{"not_picked":["Bouncing Flask+1","Heel Hook+1","Dagger Throw"],"picked":"SKIP","floor":46},{"not_picked":["Caltrops+1","Endless Agony+1","Reflex+1"],"picked":"SKIP","floor":47},{"not_picked":["Dagger Spray","Slice"],"picked":"Wraith Form v2","floor":48},{"not_picked":["Corpse Explosion","Eviscerate","Flying Knee"],"picked":"SKIP","floor":54}],"player_experience":220194,"relics_obtained":[{"floor":6,"key":"StrikeDummy"},{"floor":8,"key":"Bag of Preparation"},{"floor":9,"key":"War Paint"},{"floor":10,"key":"Art of War"},{"floor":13,"key":"Girya"},{"floor":14,"key":"Gremlin Horn"},{"floor":23,"key":"Anchor"},{"floor":26,"key":"Old Coin"},{"floor":31,"key":"The Specimen"},{"floor":31,"key":"Bottled Tornado"},{"floor":40,"key":"Blood Vial"},{"floor":44,"key":"Torii"},{"floor":45,"key":"MawBank"},{"floor":48,"key":"Kunai"},{"floor":54,"key":"Shuriken"}],"event_choices":[{"damage_healed":0,"gold_gain":0,"player_choice":"Success","damage_taken":3,"relics_obtained":["Happy Flower"],"max_hp_gain":0,"max_hp_loss":0,"event_name":"Scrap Ooze","floor":5,"gold_loss":0},{"damage_healed":0,"gold_gain":0,"player_choice":"Lose Max HP","damage_taken":0,"relics_obtained":["Golden Idol"],"max_hp_gain":0,"max_hp_loss":5,"event_name":"Golden Idol","floor":7,"gold_loss":0},{"damage_healed":0,"gold_gain":0,"player_choice":"Obtained Relic","damage_taken":0,"relics_obtained":["FossilizedHelix"],"max_hp_gain":0,"max_hp_loss":0,"event_name":"Addict","floor":19,"gold_loss":85},{"damage_healed":0,"gold_gain":0,"player_choice":"Gave Idol","damage_taken":0,"relics_obtained":["Bloody Idol"],"max_hp_gain":0,"max_hp_loss":0,"event_name":"Forgotten Altar","floor":21,"relics_lost":["Golden Idol"],"gold_loss":0},{"damage_healed":0,"gold_gain":0,"player_choice":"Fight","damage_taken":0,"max_hp_gain":0,"max_hp_loss":0,"event_name":"Colosseum","floor":31,"gold_loss":0},{"damage_healed":0,"gold_gain":0,"player_choice":"Fought Nobs","damage_taken":0,"max_hp_gain":0,"max_hp_loss":0,"event_name":"Colosseum","floor":31,"gold_loss":0},{"damage_healed":0,"gold_gain":0,"player_choice":"Bought 0 Potions","damage_taken":0,"max_hp_gain":0,"max_hp_loss":0,"event_name":"The Woman in Blue","floor":37,"gold_loss":0},{"damage_healed":0,"gold_gain":0,"player_choice":"Fight","damage_taken":0,"max_hp_gain":0,"max_hp_loss":0,"event_name":"Mysterious Sphere","floor":44,"gold_loss":0}],"is_beta":false,"boss_relics":[{"not_picked":["Tiny House","Runic Dome"],"picked":"Fusion Hammer"},{"not_picked":["Runic Pyramid","Ring of the Serpent"],"picked":"HoveringKite"}],"items_purged_floors":[20,29,53],"is_endless":false,"potions_floor_spawned":[1,13,22,23,24,31,35,36,40,47,48],"ascension_level":10}}