{"host":"y76clbnovzmw9ubx","time":1608564824,"event":{"mods":["AchievementEnabler","BaseMod","Minty Spire (QoL Compilation)","Permanent Neow","Relic Stats"],"gold_per_floor":[319,319,339,359,47,82,82,109,133,133,149,149,182,182,182,256,256,272,272,285,302,302,302,331,331,380,415,415,426,444,137,137,208,208,219,219,74,91,109,109,135,151,175,175,223,238,43,43,43,43,43],"floor_reached":52,"playtime":5633,"items_purged":["Strike_G","Strike_G","Doubt","Regret"],"score":1951,"play_id":"4b3735d2-37ee-4013-93cb-cdd55b75036c","local_time":"20201221103344","is_ascension_mode":true,"campfire_choices":[{"data":"Noxious Fumes","floor":7,"key":"SMITH"},{"floor":12,"key":"REST"},{"data":"Calculated Gamble","floor":15,"key":"SMITH"},{"data":"Well Laid Plans","floor":23,"key":"SMITH"},{"floor":25,"key":"REST"},{"floor":28,"key":"REST"},{"data":"Footwork","floor":32,"key":"SMITH"},{"data":"Leg Sweep","floor":40,"key":"SMITH"},{"floor":49,"key":"REST"}],"circlet_count":0,"master_deck":["AscendersBane","Defend_G","Defend_G","Defend_G","Defend_G","Survivor","Neutralize","Noxious Fumes+1","Backstab","Poisoned Stab","Well Laid Plans+1","Leg Sweep+1","After Image","Calculated Gamble+1","Corpse Explosion","Crippling Poison","PiercingWail","Crippling Poison","Masterful Stab","Expertise","After Image","Footwork+1","Backflip","Bullet Time","Leg Sweep+1","Footwork+1","Backstab","Prepared+1","Malaise","Dodge and Roll","Dodge and Roll"],"relics":["Ring of the Snake","Old Coin","Membership Card","Orichalcum","Pen Nib","Lantern","Snake Skull","InkBottle","Cursed Key","Art of War","Centennial Puzzle","Bottled Tornado","ClockworkSouvenir","Lizard Tail","SlaversCollar","DollysMirror","Toy Ornithopter","Peace Pipe","TwistedFunnel"],"acts_visited":["Exordium","TheCity","TheBeyond"],"potions_floor_usage":[6,6,13,16,24,35,41,42,45],"damage_taken":[{"damage":1,"enemies":"Small Slimes","floor":1,"turns":5},{"damage":1,"enemies":"Cultist","floor":3,"turns":5},{"damage":3,"enemies":"2 Louse","floor":4,"turns":4},{"damage":36,"enemies":"Gremlin Nob","floor":6,"turns":5},{"damage":16,"enemies":"3 Sentries","floor":8,"turns":9},{"damage":0,"enemies":"Exordium Wildlife","floor":11,"turns":4},{"damage":14,"enemies":"Gremlin Nob","floor":13,"turns":4},{"damage":0,"enemies":"The Guardian","floor":16,"turns":10},{"damage":10,"enemies":"2 Thieves","floor":18,"turns":3},{"damage":0,"enemies":"Chosen","floor":20,"turns":5},{"damage":17,"enemies":"Snecko","floor":21,"turns":6},{"damage":8,"enemies":"Slavers","floor":24,"turns":2},{"damage":18,"enemies":"Book of Stabbing","floor":27,"turns":8},{"damage":8,"enemies":"Cultist and Chosen","floor":29,"turns":5},{"damage":11,"enemies":"Shelled Parasite and Fungi","floor":30,"turns":6},{"damage":3,"enemies":"Automaton","floor":33,"turns":10},{"damage":0,"enemies":"3 Darklings","floor":35,"turns":2},{"damage":0,"enemies":"3 Shapes","floor":38,"turns":3},{"damage":11,"enemies":"3 Darklings","floor":39,"turns":3},{"damage":4,"enemies":"Reptomancer","floor":41,"turns":7},{"damage":6,"enemies":"Transient","floor":42,"turns":6},{"damage":17,"enemies":"2 Orb Walkers","floor":45,"turns":5},{"damage":6,"enemies":"Spire Growth","floor":46,"turns":6},{"damage":5,"enemies":"Awakened One","floor":50,"turns":21},{"damage":12,"enemies":"Donu and Deca","floor":51,"turns":9}],"seed_played":"7829893719736978021","potions_obtained":[{"floor":1,"key":"Regen Potion"},{"floor":4,"key":"SteroidPotion"},{"floor":6,"key":"SteroidPotion"},{"floor":13,"key":"AttackPotion"},{"floor":18,"key":"GamblersBrew"},{"floor":21,"key":"CunningPotion"},{"floor":29,"key":"Strength Potion"},{"floor":33,"key":"Poison Potion"},{"floor":35,"key":"Poison Potion"},{"floor":39,"key":"LiquidMemories"},{"floor":42,"key":"SpeedPotion"},{"floor":46,"key":"Strength Potion"}],"is_trial":false,"path_per_floor":["M","?","M","M","$","E","R","E","T","?","M","R","E","?","R","B",null,"M","?","M","M","?","R","E","R","T","E","R","M","M","$","R","B",null,"M","?","$","M","M","R","E","M","T","?","?","M","$","?","R","B","B",null],"character_chosen":"THE_SILENT","items_purchased":["Membership Card","Poisoned Stab","Well Laid Plans","Leg Sweep","Backflip","ClockworkSouvenir","Lizard Tail","DollysMirror","TwistedFunnel","DuplicationPotion"],"campfire_rested":4,"item_purchase_floors":[5,5,5,5,31,31,31,37,47,47],"current_hp_per_floor":[58,58,57,54,54,32,32,16,16,16,16,35,21,21,21,21,55,45,45,45,28,28,28,20,39,39,21,40,32,21,21,21,18,54,54,54,54,54,43,43,39,38,38,38,26,20,20,20,38,33,21],"gold":43,"neow_bonus":"ONE_RARE_RELIC","is_daily":false,"chose_seed":false,"campfire_upgraded":5,"win_rate":0.0,"timestamp":1608564824,"path_taken":["M","?","?","M","$","E","R","E","T","?","M","R","E","?","R","BOSS","M","?","M","M","?","R","E","R","T","E","R","M","M","?","R","BOSS","M","?","$","M","M","R","E","M","T","?","?","M","$","?","R","BOSS","BOSS"],"items_purchased_type":["Relic","Card","Card","Card","Card","Relic","Relic","Relic","Relic","Potion"],"build_version":"2020-12-13","purchased_purges":4,"victory":true,"max_hp_per_floor":[66,66,66,66,66,66,66,66,66,66,66,66,66,66,66,66,66,66,66,66,66,66,66,66,66,66,66,66,66,66,66,66,66,66,66,66,66,66,66,66,66,66,66,66,66,66,66,63,63,63,63],"relic_stats":{"counters":[25,153],"Pen Nib":[14],"Snake Skull":[246],"Orichalcum":[18],"Cursed Key":2,"Peace Pipe":0,"Centennial Puzzle":[33],"Lizard Tail":0,"Art of War":[26],"obtain_stats":[{"TwistedFunnel":47,"Lantern":9,"Pen Nib":8,"Snake Skull":10,"Orichalcum":6,"Bottled Tornado":27,"Cursed Key":17,"Old Coin":0,"ClockworkSouvenir":31,"Peace Pipe":45,"SlaversCollar":34,"Centennial Puzzle":26,"Lizard Tail":31,"DollysMirror":37,"Art of War":24,"Membership Card":5,"InkBottle":13,"Toy Ornithopter":41,"Ring of the Snake":0},{"TwistedFunnel":23,"Lantern":5,"Pen Nib":5,"Snake Skull":5,"Orichalcum":4,"Bottled Tornado":13,"Cursed Key":8,"Old Coin":0,"ClockworkSouvenir":15,"Peace Pipe":22,"SlaversCollar":16,"Centennial Puzzle":12,"Lizard Tail":15,"DollysMirror":17,"Art of War":12,"Membership Card":3,"InkBottle":7,"Toy Ornithopter":20,"Ring of the Snake":0},{"TwistedFunnel":123,"Lantern":28,"Pen Nib":28,"Snake Skull":28,"Orichalcum":19,"Bottled Tornado":70,"Cursed Key":46,"Old Coin":0,"ClockworkSouvenir":81,"Peace Pipe":117,"SlaversCollar":91,"Centennial Puzzle":62,"Lizard Tail":81,"DollysMirror":93,"Art of War":62,"Membership Card":14,"InkBottle":36,"Toy Ornithopter":106,"Ring of the Snake":0}],"InkBottle":[51],"Toy Ornithopter":10,"Ring of the Snake":[50]},"card_choices":[{"not_picked":["Eviscerate","Cloak And Dagger","Bane"],"picked":"SKIP","floor":1},{"not_picked":["Heel Hook","Poisoned Stab"],"picked":"Noxious Fumes","floor":3},{"not_picked":["Blade Dance","Deflect"],"picked":"Backstab","floor":4},{"not_picked":["Predator","Heel Hook"],"picked":"After Image","floor":6},{"not_picked":["Underhanded Strike","Setup"],"picked":"Calculated Gamble","floor":8},{"not_picked":["Underhanded Strike","Sucker Punch","Prepared"],"picked":"SKIP","floor":11},{"not_picked":["Bane","Masterful Stab","Blade Dance"],"picked":"SKIP","floor":13},{"not_picked":["Storm of Steel","Phantasmal Killer"],"picked":"Corpse Explosion","floor":16},{"not_picked":["Distraction","Dash","Noxious Fumes"],"picked":"SKIP","floor":18},{"not_picked":["Quick Slash","Blade Dance"],"picked":"PiercingWail","floor":20},{"not_picked":["Reflex","Concentrate"],"picked":"Crippling Poison","floor":21},{"not_picked":["Finisher","Sucker Punch"],"picked":"After Image","floor":24},{"not_picked":["Slice","Poisoned Stab","Predator"],"picked":"SKIP","floor":27},{"not_picked":["Bouncing Flask","Underhanded Strike+1","Slice"],"picked":"SKIP","floor":29},{"not_picked":["Concentrate","Blur"],"picked":"Footwork","floor":30},{"not_picked":["Tools of the Trade","Glass Knife"],"picked":"Bullet Time","floor":33},{"not_picked":["Deflect","PiercingWail"],"picked":"Leg Sweep","floor":35},{"not_picked":["Prepared","Quick Slash"],"picked":"Backstab","floor":38},{"not_picked":["Quick Slash","Flying Knee+1"],"picked":"Prepared+1","floor":39},{"not_picked":["Bane","Flying Knee"],"picked":"Malaise","floor":41},{"not_picked":["Deadly Poison+1","Eviscerate+1"],"picked":"Dodge and Roll","floor":42},{"not_picked":["PiercingWail","Dagger Throw+1"],"picked":"Dodge and Roll","floor":46}],"player_experience":2937320,"relics_obtained":[{"floor":6,"key":"Orichalcum"},{"floor":8,"key":"Pen Nib"},{"floor":9,"key":"Lantern"},{"floor":13,"key":"InkBottle"},{"floor":24,"key":"Art of War"},{"floor":26,"key":"Centennial Puzzle"},{"floor":27,"key":"Bottled Tornado"},{"floor":41,"key":"Toy Ornithopter"},{"floor":45,"key":"Peace Pipe"}],"event_choices":[{"cards_removed":["Strike_G"],"damage_healed":0,"gold_gain":0,"player_choice":"Card Removal","damage_taken":0,"max_hp_gain":0,"max_hp_loss":0,"event_name":"Wheel of Change","floor":2,"gold_loss":0},{"damage_healed":0,"gold_gain":0,"player_choice":"Searched \u00271\u0027 times","damage_taken":0,"relics_obtained":["Snake Skull"],"max_hp_gain":0,"max_hp_loss":0,"event_name":"Dead Adventurer","floor":10,"gold_loss":0},{"damage_healed":0,"gold_gain":0,"player_choice":"Grow","damage_taken":0,"max_hp_gain":0,"max_hp_loss":0,"event_name":"Living Wall","floor":14,"gold_loss":0,"cards_upgraded":["Leg Sweep"]},{"damage_healed":0,"gold_gain":0,"player_choice":"Read","damage_taken":0,"max_hp_gain":0,"max_hp_loss":0,"event_name":"The Library","floor":19,"gold_loss":0,"cards_obtained":["Crippling Poison"]},{"damage_healed":0,"gold_gain":0,"cards_transformed":["Strike_G","Strike_G"],"player_choice":"Became Test Subject","damage_taken":0,"max_hp_gain":0,"max_hp_loss":0,"event_name":"Drug Dealer","floor":22,"gold_loss":0,"cards_obtained":["Masterful Stab","Expertise"]},{"damage_healed":0,"gold_gain":0,"player_choice":"Ignored","damage_taken":0,"max_hp_gain":0,"max_hp_loss":0,"event_name":"Tomb of Lord Red Mask","floor":36,"gold_loss":0},{"cards_removed":["Defend_G"],"damage_healed":0,"gold_gain":0,"player_choice":"Removed Skill","damage_taken":0,"max_hp_gain":0,"max_hp_loss":0,"event_name":"Falling","floor":44,"gold_loss":0},{"damage_healed":0,"gold_gain":0,"player_choice":"Fight","damage_taken":0,"max_hp_gain":0,"max_hp_loss":0,"event_name":"Mysterious Sphere","floor":45,"gold_loss":0},{"damage_healed":0,"gold_gain":0,"player_choice":"Max HP","damage_taken":0,"max_hp_gain":0,"max_hp_loss":3,"event_name":"Winding Halls","floor":48,"gold_loss":0}],"is_beta":false,"boss_relics":[{"not_picked":["Busted Crown","Runic Dome"],"picked":"Cursed Key"},{"not_picked":["Astrolabe","Coffee Dripper"],"picked":"SlaversCollar"}],"items_purged_floors":[5,31,37,47],"is_endless":false,"potions_floor_spawned":[1,4,6,13,18,21,29,33,35,39,42,46],"ascension_level":20}}