{"host":"ztzlp7ovjrp60tl1","time":1608579794,"event":{"mods":["2.2 Compatiblity","A Magickal Journey","AchievementEnabler","Aspiration","BaseMod","Better Altar","Better Match","Better Note","Better Sensory Stone","Better Skull","Better Third Choice","Better Vampires","BetterRewards","Block Reminder","Card Forge","CatGirl Mod","Challenge The Spire","Colored Map","Colored Powertips","Conspire","Decade(???)","Dio Mod","Downfall","Energized Spire","Fiend Mod","Hubris","Hyrulean Relics","Luminous","Marked Mod","Minty Spire (QoL Compilation)","Permanent Neow","Quick Restart","Railgun Mod","Rare Cards Sparkle","Replay The Spire","SOS???????","Shade Mod","Shop Mod","Spicy Shops","Spikes Relics","StSLib","SuperFastMode","Synergy Search","The Administrix","The Alterego","The Animator","The Bladedancer","The Bug Knight","The Dragon Tamer","The Factory","The Jungle","The Mystic","The Problem Sleuth","The Senshi","The Servant 0.9.4","TheHero","TheSwordswoman","TheVelvet"],"gold_per_floor":[118,47,59,59,79,105,124,199,199,233,233,244,244,279,279,384,384,403,150,162,162,102,133,150,31,31,31,31,50,84,96,96,195,195,215,234,234,234,1,31,43,69,95,111,111,145,28,41,41,41,41,41,14,42,42,42],"floor_reached":55,"playtime":5772,"items_purged":[],"score":1115,"play_id":"7e97ae1b-9c65-4db7-9e2c-16deead96524","local_time":"20201221134314","is_ascension_mode":false,"campfire_choices":[{"floor":15,"key":"REST"},{"floor":27,"key":"RECALL"},{"floor":32,"key":"REST"},{"floor":45,"key":"REST"},{"floor":49,"key":"REST"},{"floor":52,"key":"REST"}],"circlet_count":0,"master_deck":["AdministrixMod:RedCloak+1","AdministrixMod:Defend_Administrix+1","AdministrixMod:Defend_Administrix+1","AdministrixMod:BlueCloak+1","AdministrixMod:NoblePath+1","AdministrixMod:Convergence+1","AdministrixMod:ReachToHeaven+1","AdministrixMod:SipOfSparks+1","AdministrixMod:HiddenPower+1","AdministrixMod:PlateOfAntiquity+1","AdministrixMod:DeathByGlamour+1","AdministrixMod:NoblePath+1","AdministrixMod:WickedPunishment+1","AdministrixMod:NewbornDivinity+1","AdministrixMod:Katabasis+1","AdministrixMod:FiendishCrimson+1","AdministrixMod:FuneraryRites+1","AdministrixMod:HiddenPower+1","AdministrixMod:TouchOfCinnabar+1","AdministrixMod:UnstableVigor+1","Poisoned Strike+1","AdministrixMod:RisingSunPrince+1","AdministrixMod:FuneraryRites+1","AdministrixMod:SeventeenArticleLaser+1","AdministrixMod:XianArts+1","AdministrixMod:LightOfYourLife+1","AdministrixMod:HiddenPower+1","AdministrixMod:ExtolVirtue+1","AdministrixMod:Schism+1","AdministrixMod:DeathByGlamour+1","AdministrixMod:JustRewards+1","AdministrixMod:StarSwordSoul+1","CurseOfTheBell","AdministrixMod:SyncreticPlunge+1","AdministrixMod:ArmillarySphere+1","AdministrixMod:ImmortalClarity+11","AdministrixMod:Untouchable+1","AdministrixMod:FeastOfDew+1","AdministrixMod:BishamonBlessing+1","AdministrixMod:GuanyinBlessing+1","AdministrixMod:BloodlessSapphire+1","AdministrixMod:DreamsMausoleum+1","AdministrixMod:PlateOfAntiquity+1","AdministrixMod:SyncreticSurge+1","AdministrixMod:PassageOfAges+1","ReplayTheSpireMod:IOU","ReplayTheSpireMod:IOU","ReplayTheSpireMod:IOU","ReplayTheSpireMod:IOU","ReplayTheSpireMod:IOU","AdministrixMod:FaithfulFlames+1","ReplayTheSpireMod:IOU","AdministrixMod:TrickOfTheLight+1"],"relics":["AdministrixMod:ConductorRitualBaton","Hammer of Thor","Seething Fire","Anvil of the Gods","Lantern","Boot","ChewingGum","hubris:SlimyHat","Orichalcum","MerchantsRug","theSenshi:SailorFukuRelic","Nloth\u0027s Gift","aspiration:HummingbirdHeart","hubris:EmptyBottle","Replay:Rubber Ducky","Torii","Pen Nib","CherryCoatedStake","Gremlin Horn","Replay:Wax Seal","hubris:Reverence"],"acts_visited":["Exordium","TheCity","TheBeyond","TheEnding"],"potions_floor_usage":[6,6,23,23,33,33,33,33,33,33,40,42,42,46,50,50,50,50,50,54,54,54,54,55,55,55],"damage_taken":[{"damage":0,"enemies":"2 Louse","floor":1,"turns":3},{"damage":0,"enemies":"Cultist","floor":3,"turns":2},{"damage":0,"enemies":"Small Slimes","floor":5,"turns":3},{"damage":0,"enemies":"Gremlin Nob","floor":6,"turns":3},{"damage":5,"enemies":"Blue Slaver","floor":7,"turns":2},{"damage":20,"enemies":"Lagavulin","floor":10,"turns":6},{"damage":0,"enemies":"Exordium Wildlife","floor":12,"turns":1},{"damage":11,"enemies":"Gremlin Nob","floor":14,"turns":4},{"damage":0,"enemies":"Fading Forest","floor":16,"turns":11},{"damage":8,"enemies":"Shell Parasite","floor":18,"turns":2},{"damage":4,"enemies":"Chosen","floor":20,"turns":3},{"damage":4,"enemies":"Book of Stabbing","floor":23,"turns":5},{"damage":3,"enemies":"Snecko","floor":24,"turns":4},{"damage":9,"enemies":"Chosen and Byrds","floor":29,"turns":4},{"damage":5,"enemies":"Gremlin Leader","floor":30,"turns":5},{"damage":2,"enemies":"Centurion and Healer","floor":31,"turns":3},{"damage":9,"enemies":"conspire:MysteriousRune","floor":33,"turns":7},{"damage":20,"enemies":"3 Darklings","floor":35,"turns":3},{"damage":9,"enemies":"3 Shapes","floor":36,"turns":2},{"damage":11,"enemies":"Nemesis","floor":40,"turns":6},{"damage":0,"enemies":"Jaw Worm Horde","floor":41,"turns":4},{"damage":4,"enemies":"Reptomancer","floor":42,"turns":6},{"damage":0,"enemies":"Sphere and 2 Shapes","floor":44,"turns":4},{"damage":0,"enemies":"Nemesis","floor":46,"turns":7},{"damage":0,"enemies":"4 Shapes","floor":48,"turns":3},{"damage":0,"enemies":"Donu and Deca","floor":50,"turns":4},{"damage":13,"enemies":"Shield and Spear","floor":54,"turns":5},{"damage":74,"enemies":"The Heart","floor":55,"turns":8}],"seed_played":"-5896625320122454611","potions_obtained":[{"floor":1,"key":"ColorlessPotion"},{"floor":3,"key":"Energy Potion"},{"floor":6,"key":"Strength Potion"},{"floor":12,"key":"Adrenaline Potion"},{"floor":16,"key":"Fire Potion"},{"floor":30,"key":"SteroidPotion"},{"floor":31,"key":"EntropicBrew"},{"floor":41,"key":"CultistPotion"},{"floor":42,"key":"DistilledChaos"},{"floor":44,"key":"Venom Potion"},{"floor":54,"key":"Fire Potion"}],"is_trial":false,"path_per_floor":["M","$","M","?","M","E","M","?","T","E","?","M","?","E","R","B",null,"M","$","M","?","?","E","M","$","T","R","?","M","E","M","R","B",null,"M","M","?","?","$","E","M","E","T","M","R","E","$","M","R","B",null,"R","$","E","B"],"character_chosen":"TheAdministrix","items_purchased":["AdministrixMod:Convergence","BargainBundle","hubris:SlimyHat","conspire:TopHat","Orichalcum","MerchantsRug","LiquidBronze","Block Potion","Weak Potion","ColorlessPotion","AdministrixMod:FiendishCrimson","AdministrixMod:FuneraryRites","AdministrixMod:HiddenPower","AdministrixMod:TouchOfCinnabar","AdministrixMod:UnstableVigor","Poisoned Strike","DistilledChaos","AdministrixMod:HiddenPower","AdministrixMod:ExtolVirtue","aspiration:HummingbirdHeart","hubris:EmptyBottle","PowerPotion","AdministrixMod:Untouchable","Gremlin Horn","AdministrixMod:PlateOfAntiquity+1","AdministrixMod:SyncreticSurge","SkillPotion","Replay:Wax Seal","AdministrixMod:FaithfulFlames","Swift Potion","AttackPotion"],"campfire_rested":5,"item_purchase_floors":[2,19,19,19,19,19,19,19,19,19,19,19,19,19,19,19,25,25,25,39,39,39,39,47,47,47,47,53,53,53,53],"current_hp_per_floor":[65,65,65,65,65,65,60,49,49,37,34,34,34,34,59,65,84,76,76,79,79,79,80,81,81,81,81,81,79,76,74,76,67,76,56,47,47,47,47,43,50,46,46,46,68,76,76,76,76,76,76,76,76,63,0,0],"gold":42,"neow_bonus":"NOSTALGIA","is_daily":false,"chose_seed":false,"campfire_upgraded":0,"win_rate":0.0,"timestamp":1608579794,"path_taken":["M","$","M","?","?","E","M","?","T","E","?","?","?","E","R","BOSS","M","$","M","?","?","E","M","$","T","R","?","M","E","M","R","BOSS","M","M","?","?","$","E","M","E","T","M","R","E","$","M","R","BOSS","R","$","E","BOSS"],"items_purchased_type":["Card","Relic","Relic","Relic","Relic","Relic","Potion","Potion","Potion","Potion","Card","Card","Card","Card","Card","Card","Potion","Card","Card","Relic","Relic","Potion","Card","Relic","Card","Card","Potion","Relic","Card","Potion","Potion"],"build_version":"2020-12-13","purchased_purges":0,"victory":false,"max_hp_per_floor":[65,65,65,65,65,65,65,65,65,73,73,73,73,84,84,84,84,84,84,84,84,84,84,84,84,84,84,84,84,76,76,76,76,76,76,76,76,76,76,76,76,76,76,76,76,76,76,76,76,76,76,76,76,76,76,76],"card_choices":[{"not_picked":["AdministrixMod:DreamsMausoleum","AdministrixMod:PassageOfAges"],"picked":"AdministrixMod:NoblePath","floor":1},{"not_picked":["AdministrixMod:Transition","AdministrixMod:BegetEternity"],"picked":"AdministrixMod:ReachToHeaven","floor":3},{"not_picked":["AdministrixMod:SeventeenArticleLaser","EmptyFist"],"picked":"AdministrixMod:SipOfSparks","floor":5},{"not_picked":["AdministrixMod:ArmillarySphere","AdministrixMod:CenturiesAscent"],"picked":"AdministrixMod:HiddenPower","floor":6},{"not_picked":["Headbutt","AdministrixMod:SipOfSparks"],"picked":"AdministrixMod:PlateOfAntiquity","floor":7},{"not_picked":["AdministrixMod:HiddenPower","AdministrixMod:ImmortalPurity"],"picked":"AdministrixMod:DeathByGlamour","floor":10},{"not_picked":["Whirlwind","AdministrixMod:ReachToHeaven"],"picked":"AdministrixMod:NoblePath","floor":12},{"not_picked":["Clash","AdministrixMod:Transition"],"picked":"AdministrixMod:WickedPunishment","floor":14},{"not_picked":["AdministrixMod:Mastermind","AdministrixMod:TenDesires"],"picked":"AdministrixMod:NewbornDivinity","floor":16},{"not_picked":["AdministrixMod:SealAway","AdministrixMod:TouchOfCinnabar"],"picked":"AdministrixMod:Katabasis","floor":18},{"not_picked":["AdministrixMod:HiddenPower","AdministrixMod:ImmortalPurity"],"picked":"AdministrixMod:RisingSunPrince","floor":20},{"not_picked":["AdministrixMod:BegetEternity","AdministrixMod:UnstableVigor"],"picked":"AdministrixMod:XianArts","floor":23},{"not_picked":["AdministrixMod:NoblePath","hubris:SpiceAddiction"],"picked":"AdministrixMod:LightOfYourLife","floor":24},{"not_picked":["AdministrixMod:Untouchable","AdministrixMod:RebukeDesires"],"picked":"AdministrixMod:Schism","floor":29},{"not_picked":["AdministrixMod:NoblePath+1","AdministrixMod:BloodlessSapphire+1"],"picked":"AdministrixMod:DeathByGlamour","floor":30},{"not_picked":["AdministrixMod:ShadowPlay","AdministrixMod:ExtolVirtue"],"picked":"AdministrixMod:JustRewards","floor":31},{"not_picked":["AdministrixMod:BrewingCloister","AdministrixMod:TenDesires"],"picked":"AdministrixMod:StarSwordSoul","floor":33},{"not_picked":["AdministrixMod:PlateOfAntiquity","AdministrixMod:JustRewards"],"picked":"AdministrixMod:SyncreticPlunge+1","floor":35},{"not_picked":["AdministrixMod:PassageOfAges","AdministrixMod:SealAway"],"picked":"AdministrixMod:ArmillarySphere+1","floor":36},{"not_picked":["AdministrixMod:CosmosControl","AdministrixMod:Convergence"],"picked":"AdministrixMod:FeastOfDew","floor":40},{"not_picked":["AdministrixMod:DreamsMausoleum+1","AdministrixMod:FuneraryRites"],"picked":"AdministrixMod:BishamonBlessing","floor":41},{"not_picked":["AdministrixMod:StarSwordSoul","AdministrixMod:PassageOfAges"],"picked":"AdministrixMod:GuanyinBlessing+1","floor":42},{"not_picked":["AdministrixMod:ExtolVirtue","AdministrixMod:SealAway+1"],"picked":"AdministrixMod:BloodlessSapphire+1","floor":44},{"not_picked":["AdministrixMod:LightOfYourLife","AdministrixMod:WickedPunishment"],"picked":"AdministrixMod:DreamsMausoleum+1","floor":46},{"not_picked":["AdministrixMod:WickedPunishment+1","AdministrixMod:NoblePath+1"],"picked":"AdministrixMod:PassageOfAges","floor":48},{"not_picked":["AdministrixMod:PlateOfAntiquity+1","AdministrixMod:Untouchable+1"],"picked":"AdministrixMod:TrickOfTheLight+1","floor":54}],"player_experience":195582,"relics_obtained":[{"floor":6,"key":"Lantern"},{"floor":10,"key":"hubris:Spice"},{"floor":14,"key":"hubris:Spice"},{"floor":23,"key":"theSenshi:SailorFukuRelic"},{"floor":26,"key":"Replay:Baseball"},{"floor":30,"key":"hubris:Spice"},{"floor":34,"key":"Tiny Chest"},{"floor":40,"key":"Replay:Rubber Ducky"},{"floor":42,"key":"Torii"},{"floor":43,"key":"Pen Nib"},{"floor":46,"key":"CherryCoatedStake"},{"floor":54,"key":"hubris:Reverence"}],"event_choices":[{"damage_healed":3,"gold_gain":0,"player_choice":"LEAVE ","damage_taken":0,"relics_obtained":[],"max_hp_gain":0,"max_hp_loss":0,"event_name":"betterSkull:BetterSkull","floor":4,"gold_loss":0,"cards_upgraded":[]},{"damage_healed":0,"gold_gain":75,"player_choice":"Gold","damage_taken":11,"max_hp_gain":0,"max_hp_loss":0,"event_name":"betterThird:BetterGoop","floor":8,"gold_loss":0},{"damage_healed":0,"gold_gain":0,"player_choice":"Relic ","damage_taken":3,"max_hp_gain":0,"max_hp_loss":0,"event_name":"betterThird:BetterScrap","floor":11,"gold_loss":0,"cards_obtained":["Masterful Stab"]},{"damage_healed":0,"gold_gain":0,"player_choice":"Ignored","damage_taken":0,"max_hp_gain":0,"max_hp_loss":0,"event_name":"Golden Wing","floor":13,"gold_loss":0},{"damage_healed":0,"gold_gain":0,"player_choice":"Ignored","damage_taken":0,"max_hp_gain":0,"max_hp_loss":0,"event_name":"Upgrade Shrine","floor":21,"gold_loss":0},{"damage_healed":0,"gold_gain":0,"cards_transformed":["AdministrixMod:Strike_Administrix","AdministrixMod:Strike_Administrix"],"player_choice":"Transformed Cards","damage_taken":0,"max_hp_gain":0,"max_hp_loss":0,"event_name":"Designer","floor":22,"gold_loss":60,"cards_obtained":["AdministrixMod:FuneraryRites","AdministrixMod:SeventeenArticleLaser"]},{"damage_healed":0,"gold_gain":0,"player_choice":"Traded Relic","damage_taken":0,"relics_obtained":["Nloth\u0027s Gift"],"max_hp_gain":0,"max_hp_loss":0,"event_name":"N\u0027loth","floor":28,"relics_lost":["conspire:TopHat"],"gold_loss":0},{"damage_healed":0,"gold_gain":0,"player_choice":"Upgraded","damage_taken":0,"max_hp_gain":0,"max_hp_loss":0,"event_name":"Upgrade Shrine","floor":38,"gold_loss":0,"cards_upgraded":["AdministrixMod:ImmortalClarity"]}],"is_beta":false,"boss_relics":[{"not_picked":["Painkiller Herb","Runic Dome"],"picked":"ChewingGum"},{"not_picked":["hubris:Spice","Runic Pyramid"],"picked":"Calling Bell"}],"items_purged_floors":[],"is_endless":false,"potions_floor_spawned":[1,3,6,12,16,20,30,31,41,42,44,54],"killed_by":"The Heart","ascension_level":0}}