{"host":"hzyv8pm5uot6l4n9","time":1608578645,"event":{"mods":["Act Like it!","Always Whale","Aspiration","BaseMod","BetterRewards","Conspire","Downfall","Energized Spire","FetchMod","Friendly Minions","GifTheSpireLib","GungeonMod","Halation","Hubris","Infinite Spire","Jedi Mod","Mimic Mod","Minty Spire (QoL Compilation)","QueenMod","Quick Restart","Replay The Spire","Shop Mod","StSLib","Stuff the Spire","Td1madao Mod","The Animator","The Bug Knight","The Cursed","The Druid","The Exalted","The Judge","The Senshi","The Wild Card","TheBandit","WarShipGirlsR/????R mod","Yuri Mod","vexMod"],"gold_per_floor":[99,118,218,238,257,290,321,349,349,349,349,349],"floor_reached":10,"playtime":576,"items_purged":[],"score":80,"play_id":"54073ed0-cd3a-491c-98fc-1c46acb035ed","local_time":"20201221202405","is_ascension_mode":true,"campfire_choices":[{"data":"hexamod:Float","floor":1,"key":"SMITH"},{"data":"hexamod:InspiringFlames","floor":9,"key":"SMITH"}],"circlet_count":0,"master_deck":["hexamod:Strike","hexamod:Strike","hexamod:Strike+1","hexamod:Strike","hexamod:Defend","hexamod:Defend","hexamod:Defend","hexamod:Defend+1","hexamod:Sear+1","hexamod:Float+1","hexamod:FifthSeal","hexamod:SixthSeal","hexamod:RadiantFlame+1","hexamod:InspiringFlames+1","hexamod:FirstSeal","hexamod:SkipABeat","hexamod:SoulSteal"],"relics":["hexamod:SpiritBrand","infinitespire:Bottled Soul","Bag of Preparation","DemoMod:GlassGuonStoneRelic","Bromod:ArcaneConsequence"],"acts_visited":["Exordium"],"potions_floor_usage":[8],"damage_taken":[{"damage":2,"enemies":"Jaw Worm","floor":2,"turns":6},{"damage":9,"enemies":"Cultist","floor":4,"turns":5},{"damage":6,"enemies":"2 Louse","floor":5,"turns":6},{"damage":32,"enemies":"Gremlin Nob","floor":6,"turns":5},{"damage":3,"enemies":"Exordium Wildlife","floor":7,"turns":6},{"damage":4,"enemies":"3 Sentries","floor":8,"turns":5},{"damage":0,"enemies":"Lagavulin","floor":10,"turns":2}],"seed_played":"4339544443128604694","potions_obtained":[{"floor":5,"key":"SteroidPotion"},{"floor":6,"key":"SkillPotion"}],"is_trial":false,"path_per_floor":["R","M","?","M","M","E","MIM","E","R","E"],"character_chosen":"THE_SPIRIT","items_purchased":[],"campfire_rested":0,"item_purchase_floors":[],"current_hp_per_floor":[70,68,68,59,53,28,32,35,35,35,35,35],"gold":349,"neow_bonus":"ONE_RANDOM_RARE_CARD","is_daily":false,"chose_seed":false,"campfire_upgraded":2,"win_rate":0.0,"timestamp":1608578645,"path_taken":["R","M","?","?","M","E","MIM","E","R","E"],"items_purchased_type":[],"build_version":"2020-12-13","purchased_purges":0,"victory":false,"max_hp_per_floor":[70,70,70,70,70,70,70,70,70,70,70,70],"card_choices":[{"not_picked":["hexamod:SecondSeal","hexamod:FourthSeal"],"picked":"hexamod:SixthSeal","floor":2},{"not_picked":["hexamod:HauntingEcho","hexamod:FastForward"],"picked":"hexamod:RadiantFlame","floor":2},{"not_picked":["hexamod:EmpoweredFlame","hexamod:RainOfEmbers"],"picked":"hexamod:InspiringFlames","floor":4},{"not_picked":["hexamod:ThirdSeal","hexamod:SecondSeal"],"picked":"hexamod:FirstSeal","floor":5},{"not_picked":["hexamod:RainOfEmbers","hexamod:EtherealExpedition"],"picked":"hexamod:SkipABeat","floor":5},{"not_picked":["hexamod:TurnItUp","hexamod:HeatShield","hexamod:NecessarySacrifice"],"picked":"SKIP","floor":6},{"not_picked":["hexamod:ExtraCrispy","hexamod:HeatShield"],"picked":"hexamod:SoulSteal","floor":7},{"not_picked":["hexamod:SuperheatedStrike","hexamod:SpectralSpark","hexamod:HeatShield"],"picked":"SKIP","floor":8}],"player_experience":681852,"relics_obtained":[{"floor":6,"key":"infinitespire:Bottled Soul"},{"floor":7,"key":"Bag of Preparation"},{"floor":8,"key":"Bromod:ArcaneConsequence"}],"event_choices":[],"is_beta":false,"boss_relics":[],"items_purged_floors":[],"is_endless":false,"potions_floor_spawned":[5,6],"killed_by":"Lagavulin","ascension_level":1}}