{"host":"qwttrqaysb380yri","time":1608591281,"event":{"mods":["BaseMod","Custom Start","Minty Spire (QoL Compilation)","Permanent Neow","Puzzle Mod","Relic Stats","StSLib","The Cursed","The Hierophant"],"gold_per_floor":[99,99,99,99,99,99,99,99,99,99,99,99,84,84,84,84,84],"floor_reached":16,"playtime":548,"items_purged":[],"score":257,"play_id":"6ba9594f-5cf6-4d77-bee0-c2ef1456d065","local_time":"20201221235441","is_ascension_mode":true,"campfire_choices":[{"floor":15,"key":"REST"}],"circlet_count":0,"master_deck":["AscendersBane","Strike_G","Strike_G","Strike_G","Strike_G","Strike_G","Defend_G","Defend_G","Defend_G","Defend_G","Defend_G","Survivor","Neutralize","Quick Slash","Dagger Spray","Flying Knee","Predator","Dagger Spray","Envenom","Riddle With Holes","PiercingWail","Blade Dance","Riddle With Holes"],"relics":["Ectoplasm","Snake Skull","Happy Flower","Bag of Marbles","Anchor","Bag of Preparation"],"acts_visited":["Exordium"],"potions_floor_usage":[4,6,11,16,16],"damage_taken":[{"damage":0,"enemies":"Cultist","floor":1,"turns":4},{"damage":0,"enemies":"2 Louse","floor":2,"turns":3},{"damage":0,"enemies":"Small Slimes","floor":3,"turns":3},{"damage":9,"enemies":"2 Fungi Beasts","floor":4,"turns":3},{"damage":16,"enemies":"Exordium Thugs","floor":5,"turns":6},{"damage":51,"enemies":"Lagavulin","floor":6,"turns":7},{"damage":18,"enemies":"Gremlin Nob","floor":8,"turns":4},{"damage":0,"enemies":"3 Sentries","floor":11,"turns":3},{"damage":0,"enemies":"Exordium Wildlife","floor":12,"turns":3},{"damage":0,"enemies":"Looter","floor":13,"turns":2},{"damage":0,"enemies":"Gremlin Gang","floor":14,"turns":3},{"damage":14,"enemies":"The Guardian","floor":16,"turns":6}],"seed_played":"3047959898876234340","potions_obtained":[{"floor":1,"key":"FairyPotion"},{"floor":3,"key":"Swift Potion"},{"floor":5,"key":"Block Potion"},{"floor":10,"key":"Energy Potion"},{"floor":10,"key":"SpeedPotion"},{"floor":14,"key":"AttackPotion"}],"is_trial":false,"path_per_floor":["M","M","M","M","M","E","T","E","T","?","E","M","M","M","R","B"],"character_chosen":"THE_SILENT","items_purchased":[],"campfire_rested":1,"item_purchase_floors":[],"current_hp_per_floor":[59,59,59,50,34,19,19,1,1,1,1,1,1,1,20,6,6],"gold":84,"neow_bonus":"BOSS_RELIC","is_daily":false,"chose_seed":false,"campfire_upgraded":0,"win_rate":0.0,"timestamp":1608591281,"path_taken":["M","M","?","M","M","E","?","E","T","?","E","?","M","M","R","BOSS"],"items_purchased_type":[],"build_version":"2020-12-13","purchased_purges":0,"victory":false,"max_hp_per_floor":[66,66,66,66,66,66,66,66,66,66,66,66,66,66,66,66,66],"relic_stats":{"Happy Flower":[7],"counters":[12,47],"Ectoplasm":251,"Snake Skull":[65],"Bag of Preparation":[8],"obtain_stats":[{"Anchor":9,"Happy Flower":7,"Ectoplasm":0,"Snake Skull":6,"Bag of Marbles":8,"Bag of Preparation":11,"Ring of the Snake":0},{"Anchor":7,"Happy Flower":6,"Ectoplasm":0,"Snake Skull":6,"Bag of Marbles":7,"Bag of Preparation":8,"Ring of the Snake":0},{"Anchor":30,"Happy Flower":26,"Ectoplasm":0,"Snake Skull":26,"Bag of Marbles":30,"Bag of Preparation":33,"Ring of the Snake":0}]},"card_choices":[{"not_picked":["Concentrate","Slice"],"picked":"Quick Slash","floor":1},{"not_picked":["Endless Agony","All Out Attack"],"picked":"Dagger Spray","floor":2},{"not_picked":["Outmaneuver","PiercingWail"],"picked":"Flying Knee","floor":3},{"not_picked":["Underhanded Strike","Setup"],"picked":"Predator","floor":4},{"not_picked":["Dagger Throw","Dodge and Roll"],"picked":"Dagger Spray","floor":5},{"not_picked":["Dash","Slice"],"picked":"Envenom","floor":6},{"not_picked":["Terror","Poisoned Stab"],"picked":"Riddle With Holes","floor":8},{"not_picked":["Concentrate","Backstab"],"picked":"PiercingWail","floor":11},{"not_picked":["Prepared","Quick Slash","Outmaneuver"],"picked":"SKIP","floor":12},{"not_picked":["Blur","Dodge and Roll"],"picked":"Blade Dance","floor":13},{"not_picked":["Caltrops","Deadly Poison"],"picked":"Riddle With Holes","floor":14}],"player_experience":1933464,"relics_obtained":[{"floor":6,"key":"Snake Skull"},{"floor":7,"key":"Happy Flower"},{"floor":8,"key":"Bag of Marbles"},{"floor":9,"key":"Anchor"},{"floor":11,"key":"Bag of Preparation"}],"event_choices":[{"damage_healed":0,"gold_gain":0,"player_choice":"Got Potions","damage_taken":0,"max_hp_gain":0,"max_hp_loss":0,"event_name":"Lab","floor":10,"gold_loss":0}],"is_beta":false,"boss_relics":[],"items_purged_floors":[],"is_endless":false,"potions_floor_spawned":[1,3,5,14],"killed_by":"The Guardian","ascension_level":14}}