{"host":"ek0z0lqzh47k8ua6","time":1608538732,"event":{"mods":["Act Like it!","BaseMod","CapriCore","Chen","Custom Start","Force Act Four","Gensokyo","Hubris","Infinite Spire","Koishi","Marisa????????","Mimic Mod","Minty Spire (QoL Compilation)","Prisma Mod","Reimu??????","Relic Stats","Remilia??????","StSLib","The Construct","The Immortal","The Mystic","The Servant 0.9.4","Waifu the Spire","Yuyuko","???????????mod"],"gold_per_floor":[429,443,455,517,529,581,593,679,760,807,819,831,843,876,888,1024,1036,1066,1080,1092,1104,1116,1128,1140,1152,1203,1256,1268,1294,1306,1345,1357,1498,1573,1599,1611,1623,1968,1980,1992,2004,2016,2060,2072,2234,2246,2273,2185,2197,2209,2221,2233,2245,2287,2299],"floor_reached":56,"playtime":2686,"items_purged":[],"score":1659,"play_id":"c7a3513c-29e5-4a88-a12a-46c09e65d90f","local_time":"20201221031852","daily_mods":["Time Dilation","Flight"],"is_ascension_mode":false,"campfire_choices":[{"floor":7.0,"key":"RECALL"},{"data":"1","floor":15.0,"key":"LIFT"},{"data":"2","floor":23.0,"key":"LIFT"},{"data":"3","floor":24.0,"key":"LIFT"},{"data":"MokouMod:Rebirth","floor":32.0,"key":"SMITH"},{"data":"Wraith","floor":40.0,"key":"PURGE"},{"floor":49,"key":"REST"},{"floor":52,"key":"REST"}],"circlet_count":0,"master_deck":["MokouMod:Rebirth+1","MokouMod:ResonatingAura+1","MokouMod:ResonatingAura+1","MokouMod:ExplosiveFlame+1","MokouMod:ExplosiveFlame+1","MokouMod:HeartofFire+1","MokouMod:HeartofFire+1","MokouMod:RisingSunBarrier+1","MokouMod:RisingSunBarrier+1","MokouMod:ResonanceReactor+1","MokouMod:ResonanceReactor+1","MokouMod:IgnitionBlast+1","MokouMod:IgnitionBlast+1","MokouMod:IgnitionBlast+1","MokouMod:ScorchedEarth+1","MokouMod:ScorchedEarth+1","MokouMod:ScorchedEarth+1","MokouMod:ProfanedFlare+1","MokouMod:ProfanedFlare+1","MokouMod:Ventilation+1","MokouMod:Ventilation+1","MokouMod:Ventilation+1","MokouMod:IgnitionBarrier+1","MokouMod:IgnitionBarrier+1","MokouMod:DanceofFlames+1","MokouMod:DanceofFlames+1","MokouMod:ThermalPressure+1","MokouMod:ThermalPressure+1","MokouMod:ShiftIgnition+1","MokouMod:ShiftIgnition+1","MokouMod:ShiftIgnition+1","MokouMod:Wildfire+1","MokouMod:Wildfire+1","MokouMod:Wildfire+1","MokouMod:SubterraneanCore+1","MokouMod:SubterraneanCore+1","MokouMod:Afterburner+1","MokouMod:Afterburner+1","MokouMod:FlareStarter+1","MokouMod:FlareStarter+1","MokouMod:Overheat+1","MokouMod:Overheat+1","MokouMod:BurningDraft+1","MokouMod:BurningDraft+1","MokouMod:IndiscriminateIgnition+1","MokouMod:IndiscriminateIgnition+1","MokouMod:IndiscriminateIgnition+1","MokouMod:Firecracker+1","MokouMod:Firecracker+1","MokouMod:Firecracker+1","MokouMod:Sear+1","MokouMod:Sear+1","MokouMod:Defend+1","MokouMod:Defend+1","MokouMod:Defend+1","MokouMod:Defend+1","MokouMod:BurningHiddenBullet+1","MokouMod:BurningHiddenBullet+1","MokouMod:Geothermal+1","MokouMod:IgneousBlow+1","MokouMod:IgneousBlow+1","MokouMod:CrimsonFlare+1","MokouMod:CrimsonFlare+1","MokouMod:Scorch+1","MokouMod:Scorch+1","MokouMod:FlamingFireTalons+1","MokouMod:FlamingFireTalons+1","MokouMod:Ember+1","MokouMod:Ember+1","MokouMod:ResoluteFlare+1","MokouMod:ResoluteFlare+1","MokouMod:AdaptivePyromancy+1","MokouMod:AdaptivePyromancy+1","MokouMod:UncontrollableSolarReaction+1","MokouMod:ScorchingColumn+1","MokouMod:ScorchingColumn+1","MokouMod:RoaringFlare+1","MokouMod:RoaringFlare+1","MokouMod:RoaringFlare+1","MokouMod:FlickeringFlame+1","MokouMod:FlickeringFlame+1","MokouMod:Singe+1","MokouMod:Singe+1","MokouMod:HeatSpark+1","MokouMod:HeatSpark+1","MokouMod:Strike+1","MokouMod:Strike+1","MokouMod:ExplosiveFlame+1"],"relics":["MokouMod:PhoenixFeather","hubris:TenFootPole","Anchor","Ancient Tea Set","Bag of Marbles","Bag of Preparation","infinitespire:Beetle Shell","Bird Faced Urn","Black Star","Blood Vial","construct:BoolHorns","Burning Blood","Busted Crown","Calipers","CaptainsWheel","Champion Belt","hubris:ChampionShield","Charon\u0027s Ashes","construct:ClawGrip","ClockworkSouvenir","construct:Cogwheel","hubris:CrystalStatue","infinitespire:Cupcake","hubris:CuriousFeather","Dream Catcher","infinitespire:EmpoweringShard","hubris:EmptyBottle","Eternal Feather","infinitespire:FocusingShard","FossilizedHelix","hubris:FunFungus","Ginger","Girya","hubris:GlazedTorus","infinitespire:Golems Mask","Gremlin Horn","HandDrill","Happy Flower","HornCleat","Ice Cream","hubris:IronBody","Juzu Bracelet","Kunai","Lantern","Lee\u0027s Waffle","infinitespire:Lucky Rock","infinitespire:Magic Flask","Magic Flower","Mango","MawBank","MealTicket","Meat on the Bone","Membership Card","infinitespire:Midas Blood","Mummified Hand","hubris:MobiusCoin","Nunchaku","Oddly Smooth Stone","Old Coin","hubris:OldNail","Orichalcum","Ornamental Fan","Pantograph","Paper Crane","Paper Frog","Peace Pipe","hubris:PeanutButter","Pear","Pen Nib","hubris:Potato","Potion Belt","PreservedInsect","Red Skull","infinitespire:Blanks Blanky","construct:RocketBooster","SacredBark","infinitespire:ShieldingShard","Shovel","Shuriken","Singing Bowl","SlaversCollar","Sling","Smiling Mask","hubris:SphereOfDissonance","StoneCalendar","Strawberry","Sundial","Thread and Needle","Torii","TungstenRod","Unceasing Top","Vajra","infinitespire:WardingShard","Whetstone","White Beast Statue","WristBlade","hubris:Towel","Frozen Egg 2","Boot","Coffee Dripper","hubris:BottledHeart","hubris:Icosahedron","Molten Egg 2","War Paint","Akabeko","MutagenicStrength","Art of War","Tiny House","Mark of the Bloom","Prayer Wheel"],"acts_visited":["Exordium","TheCity","TheBeyond","TheEnding"],"potions_floor_usage":[],"damage_taken":[{"damage":0.0,"enemies":"Small Slimes","floor":1.0,"turns":1.0},{"damage":0.0,"enemies":"Lagavulin","floor":6.0,"turns":1.0},{"damage":0.0,"enemies":"Jaw Worm","floor":8.0,"turns":2.0},{"damage":0.0,"enemies":"3 Sentries","floor":10.0,"turns":1.0},{"damage":0.0,"enemies":"2 Louse","floor":14.0,"turns":1.0},{"damage":0.0,"enemies":"Hexaghost","floor":16.0,"turns":1.0},{"damage":0.0,"enemies":"2 Thieves","floor":18.0,"turns":1.0},{"damage":0.0,"enemies":"Chosen","floor":26.0,"turns":1.0},{"damage":0.0,"enemies":"Slavers","floor":27.0,"turns":2.0},{"damage":0.0,"enemies":"Chosen","floor":29.0,"turns":2.0},{"damage":0.0,"enemies":"Automaton","floor":33.0,"turns":1.0},{"damage":0.0,"enemies":"3 Darklings","floor":35.0,"turns":2.0},{"damage":0.0,"enemies":"3 Shapes","floor":43.0,"turns":1.0},{"damage":0.0,"enemies":"3 Shapes","floor":44.0,"turns":4.0},{"damage":0.0,"enemies":"infinitespire:Three Voidlings","floor":45.0,"turns":1.0},{"damage":0.0,"enemies":"Nightmare_Alpha","floor":45.0,"turns":4.0},{"damage":0,"enemies":"Reptomancer","floor":47,"turns":1},{"damage":0,"enemies":"Time Eater","floor":50,"turns":2},{"damage":0,"enemies":"Shield and Spear","floor":54,"turns":1},{"damage":0,"enemies":"The Heart","floor":55,"turns":3}],"seed_played":"5834772933537265154","potions_obtained":[{"floor":1.0,"key":"SkillPotion"},{"floor":6.0,"key":"SpeedPotion"},{"floor":8.0,"key":"construct:ShiftPotion"},{"floor":10.0,"key":"PowerPotion"},{"floor":14.0,"key":"Explosive Potion"}],"is_trial":true,"path_per_floor":["M","?","?","?","?","E","R","M","T","E","?","$","?","M","R","B",null,"M","?","?","?","$","R","R","?","MIM","E","?","M","?","T","R","B",null,"M","?","?","?","?","R","$","?","MIM","?","?","$","E","NS","R","B",null,"R","$","E","B",null],"character_chosen":"MKU","items_purchased":[],"campfire_rested":2,"item_purchase_floors":[],"current_hp_per_floor":[115,102,105,108,111,117,117,119,119,121,121,121,121,123,123,123,123,125,1,1,1,1,1,1,1,1,1,1,1,1,1,1,1,1,1,1,1,1,1,1,1,1,1,1,1,1,1,1,1,1,1,1,1,1,1],"gold":2311,"neow_bonus":"","is_daily":false,"chose_seed":false,"campfire_upgraded":1,"win_rate":0.0,"timestamp":1608538732,"path_taken":["M","?","?","?","?","E","R","M","T","E","?","?","?","M","R","BOSS","M","?","?","?","?","R","R","?","MIM","E","?","M","?","?","R","BOSS","M","?","?","?","?","R","$","?","MIM","?","?","$","E","NS","R","BOSS","R","$","E","BOSS"],"items_purchased_type":[],"build_version":"2020-12-13","purchased_purges":0,"victory":true,"max_hp_per_floor":[115,115,115,115,115,117,117,119,119,121,121,121,121,123,123,123,123,125,1,1,1,1,1,1,1,1,1,1,1,1,1,1,1,1,1,1,1,1,1,1,1,1,1,1,1,1,1,1,1,1,1,1,1,1,1],"relic_stats":{"Mark of the Bloom":688,"Gremlin Horn":[12,12],"Singing Bowl":38,"Torii":0,"Magic Flower":[1],"StoneCalendar":[0],"Bag of Preparation":[20],"Juzu Bracelet":3,"Ginger":[2],"Whetstone":["MokouMod:Scorch","MokouMod:Singe"],"Smiling Mask":0,"Boot":[40],"Burning Blood":0,"Blood Vial":3,"Dream Catcher":2,"Nunchaku":[6],"Shovel":0,"Mummified Hand":[99],"Sundial":[0],"Pantograph":0,"MealTicket":0,"Prayer Wheel":0,"HandDrill":[6],"Kunai":[12],"Lee\u0027s Waffle":7,"Happy Flower":[11],"counters":[20,33],"Eternal Feather":0,"Charon\u0027s Ashes":[96],"Pen Nib":[6],"PreservedInsect":361,"Orichalcum":[0],"War Paint":["MokouMod:IgnitionBarrier","MokouMod:FlareStarter"],"MawBank":672,"Peace Pipe":1,"Busted Crown":136,"Ornamental Fan":[48],"Shuriken":[12],"Bird Faced Urn":[1],"Black Star":5,"Art of War":[0],"Champion Belt":[58],"obtain_stats":[{"Ginger":0,"Whetstone":0,"Sling":0,"Boot":10,"Old Coin":0,"Blood Vial":0,"infinitespire:ShieldingShard":0,"Sundial":0,"infinitespire:Golems Mask":0,"MealTicket":0,"HandDrill":0,"Kunai":0,"hubris:MobiusCoin":0,"Pear":0,"construct:RocketBooster":0,"hubris:SphereOfDissonance":0,"Eternal Feather":0,"Pen Nib":0,"infinitespire:Magic Flask":0,"Paper Crane":0,"Akabeko":27,"SlaversCollar":0,"hubris:BottledHeart":19,"Bird Faced Urn":0,"MutagenicStrength":30,"hubris:TenFootPole":0,"Unceasing Top":0,"infinitespire:Cupcake":0,"Lantern":0,"Regal Pillow":0,"Singing Bowl":0,"Torii":0,"Magic Flower":0,"StoneCalendar":0,"Bag of Preparation":0,"hubris:EmptyBottle":0,"Ancient Tea Set":0,"Smiling Mask":0,"Burning Blood":0,"Shovel":0,"WristBlade":0,"hubris:CuriousFeather":0,"hubris:FunFungus":0,"hubris:ChampionShield":0,"hubris:GlazedTorus":0,"Paper Frog":0,"Potion Belt":0,"construct:ClawGrip":0,"Lee\u0027s Waffle":0,"Golden Idol":2,"Thread and Needle":0,"PreservedInsect":0,"infinitespire:Lucky Rock":0,"hubris:Towel":5,"Frozen Egg 2":10,"MawBank":0,"Busted Crown":0,"Ornamental Fan":0,"MokouMod:PhoenixFeather":0,"Art of War":31,"Champion Belt":0,"infinitespire:Midas Blood":0,"Ice Cream":0,"Mark of the Bloom":36,"Calipers":0,"hubris:CrystalStatue":0,"Tiny House":34,"Gremlin Horn":0,"Vajra":0,"infinitespire:Blanks Blanky":4,"HornCleat":0,"Strawberry":0,"Prayer Wheel":45,"Girya":0,"Happy Flower":0,"Oddly Smooth Stone":0,"infinitespire:Beetle Shell":0,"Charon\u0027s Ashes":0,"War Paint":27,"Shuriken":0,"hubris:PeanutButter":0,"Molten Egg 2":26,"Black Star":0,"infinitespire:EmpoweringShard":0,"Meat on the Bone":0,"construct:BoolHorns":0,"SacredBark":0,"Mango":0,"Juzu Bracelet":0,"ClockworkSouvenir":0,"Dream Catcher":0,"Nunchaku":0,"hubris:Icosahedron":21,"Mummified Hand":0,"Pantograph":0,"hubris:IronBody":0,"Red Skull":0,"infinitespire:FocusingShard":0,"Orichalcum":0,"White Beast Statue":0,"Peace Pipe":0,"Anchor":0,"CaptainsWheel":0,"infinitespire:WardingShard":0,"construct:Cogwheel":0,"Bag of Marbles":0,"Coffee Dripper":17,"Membership Card":0,"FossilizedHelix":0,"hubris:OldNail":0,"hubris:Potato":0,"TungstenRod":0},{"Ginger":0,"Whetstone":0,"Sling":0,"Boot":4,"Old Coin":0,"Blood Vial":0,"infinitespire:ShieldingShard":0,"Sundial":0,"infinitespire:Golems Mask":0,"MealTicket":0,"HandDrill":0,"Kunai":0,"hubris:MobiusCoin":0,"Pear":0,"construct:RocketBooster":0,"hubris:SphereOfDissonance":0,"Eternal Feather":0,"Pen Nib":0,"infinitespire:Magic Flask":0,"Paper Crane":0,"Akabeko":9,"SlaversCollar":0,"hubris:BottledHeart":7,"Bird Faced Urn":0,"MutagenicStrength":10,"hubris:TenFootPole":0,"Unceasing Top":0,"infinitespire:Cupcake":0,"Lantern":0,"Regal Pillow":0,"Singing Bowl":0,"Torii":0,"Magic Flower":0,"StoneCalendar":0,"Bag of Preparation":0,"hubris:EmptyBottle":0,"Ancient Tea Set":0,"Smiling Mask":0,"Burning Blood":0,"Shovel":0,"WristBlade":0,"hubris:CuriousFeather":0,"hubris:FunFungus":0,"hubris:ChampionShield":0,"hubris:GlazedTorus":0,"Paper Frog":0,"Potion Belt":0,"construct:ClawGrip":0,"Lee\u0027s Waffle":0,"Golden Idol":1,"Thread and Needle":0,"PreservedInsect":0,"infinitespire:Lucky Rock":0,"hubris:Towel":1,"Frozen Egg 2":4,"MawBank":0,"Busted Crown":0,"Ornamental Fan":0,"MokouMod:PhoenixFeather":0,"Art of War":10,"Champion Belt":0,"infinitespire:Midas Blood":0,"Ice Cream":0,"Mark of the Bloom":12,"Calipers":0,"hubris:CrystalStatue":0,"Tiny House":11,"Gremlin Horn":0,"Vajra":0,"infinitespire:Blanks Blanky":1,"HornCleat":0,"Strawberry":0,"Prayer Wheel":16,"Girya":0,"Happy Flower":0,"Oddly Smooth Stone":0,"infinitespire:Beetle Shell":0,"Charon\u0027s Ashes":0,"War Paint":9,"Shuriken":0,"hubris:PeanutButter":0,"Molten Egg 2":8,"Black Star":0,"infinitespire:EmpoweringShard":0,"Meat on the Bone":0,"construct:BoolHorns":0,"SacredBark":0,"Mango":0,"Juzu Bracelet":0,"ClockworkSouvenir":0,"Dream Catcher":0,"Nunchaku":0,"hubris:Icosahedron":7,"Mummified Hand":0,"Pantograph":0,"hubris:IronBody":0,"Red Skull":0,"infinitespire:FocusingShard":0,"Orichalcum":0,"White Beast Statue":0,"Peace Pipe":0,"Anchor":0,"CaptainsWheel":0,"infinitespire:WardingShard":0,"construct:Cogwheel":0,"Bag of Marbles":0,"Coffee Dripper":6,"Membership Card":0,"FossilizedHelix":0,"hubris:OldNail":0,"hubris:Potato":0,"TungstenRod":0},{"Ginger":0,"Whetstone":0,"Sling":0,"Boot":5,"Old Coin":0,"Blood Vial":0,"infinitespire:ShieldingShard":0,"Sundial":0,"infinitespire:Golems Mask":0,"MealTicket":0,"HandDrill":0,"Kunai":0,"hubris:MobiusCoin":0,"Pear":0,"construct:RocketBooster":0,"hubris:SphereOfDissonance":0,"Eternal Feather":0,"Pen Nib":0,"infinitespire:Magic Flask":0,"Paper Crane":0,"Akabeko":11,"SlaversCollar":0,"hubris:BottledHeart":8,"Bird Faced Urn":0,"MutagenicStrength":13,"hubris:TenFootPole":0,"Unceasing Top":0,"infinitespire:Cupcake":0,"Lantern":0,"Regal Pillow":0,"Singing Bowl":0,"Torii":0,"Magic Flower":0,"StoneCalendar":0,"Bag of Preparation":0,"hubris:EmptyBottle":0,"Ancient Tea Set":0,"Smiling Mask":0,"Burning Blood":0,"Shovel":0,"WristBlade":0,"hubris:CuriousFeather":0,"hubris:FunFungus":0,"hubris:ChampionShield":0,"hubris:GlazedTorus":0,"Paper Frog":0,"Potion Belt":0,"construct:ClawGrip":0,"Lee\u0027s Waffle":0,"Golden Idol":1,"Thread and Needle":0,"PreservedInsect":0,"infinitespire:Lucky Rock":0,"hubris:Towel":1,"Frozen Egg 2":5,"MawBank":0,"Busted Crown":0,"Ornamental Fan":0,"MokouMod:PhoenixFeather":0,"Art of War":13,"Champion Belt":0,"infinitespire:Midas Blood":0,"Ice Cream":0,"Mark of the Bloom":16,"Calipers":0,"hubris:CrystalStatue":0,"Tiny House":14,"Gremlin Horn":0,"Vajra":0,"infinitespire:Blanks Blanky":1,"HornCleat":0,"Strawberry":0,"Prayer Wheel":26,"Girya":0,"Happy Flower":0,"Oddly Smooth Stone":0,"infinitespire:Beetle Shell":0,"Charon\u0027s Ashes":0,"War Paint":11,"Shuriken":0,"hubris:PeanutButter":0,"Molten Egg 2":9,"Black Star":0,"infinitespire:EmpoweringShard":0,"Meat on the Bone":0,"construct:BoolHorns":0,"SacredBark":0,"Mango":0,"Juzu Bracelet":0,"ClockworkSouvenir":0,"Dream Catcher":0,"Nunchaku":0,"hubris:Icosahedron":8,"Mummified Hand":0,"Pantograph":0,"hubris:IronBody":0,"Red Skull":0,"infinitespire:FocusingShard":0,"Orichalcum":0,"White Beast Statue":0,"Peace Pipe":0,"Anchor":0,"CaptainsWheel":0,"infinitespire:WardingShard":0,"construct:Cogwheel":0,"Bag of Marbles":0,"Coffee Dripper":7,"Membership Card":0,"FossilizedHelix":0,"hubris:OldNail":0,"hubris:Potato":0,"TungstenRod":0}],"TungstenRod":2,"Unceasing Top":[41],"Meat on the Bone":0},"card_choices":[{"not_picked":["MokouMod:ScorchingColumn"],"picked":"Singing Bowl","floor":1.0},{"not_picked":["MokouMod:ExplosiveFlame"],"picked":"Singing Bowl","floor":6.0},{"not_picked":["MokouMod:InfernalWave"],"picked":"Singing Bowl","floor":8.0},{"not_picked":["MokouMod:SacredFire"],"picked":"Singing Bowl","floor":10.0},{"not_picked":["MokouMod:SearingShot"],"picked":"Singing Bowl","floor":14.0},{"not_picked":[],"picked":"MokouMod:ExplosiveFlame+1","floor":16.0},{"not_picked":["MokouMod:FujiyamaVolcano+1"],"picked":"Singing Bowl","floor":18.0},{"not_picked":["MokouMod:FlickeringFlame+1"],"picked":"Singing Bowl","floor":26.0},{"not_picked":["MokouMod:Ventilation"],"picked":"Singing Bowl","floor":27.0},{"not_picked":["MokouMod:RetainTemperature"],"picked":"Singing Bowl","floor":29.0},{"not_picked":["MokouMod:SearingBlow+1"],"picked":"Singing Bowl","floor":33.0},{"not_picked":["MokouMod:Singe+1"],"picked":"Singing Bowl","floor":34.0},{"not_picked":["MokouMod:Refresh+1"],"picked":"Singing Bowl","floor":35.0},{"not_picked":["MokouMod:SearingShot+1"],"picked":"Singing Bowl","floor":43.0},{"not_picked":["MokouMod:Overheat"],"picked":"Singing Bowl","floor":44.0},{"not_picked":["infinitespire:TheBestDefense","infinitespire:Starlight","infinitespire:Menacing"],"picked":"Singing Bowl","floor":45},{"not_picked":["MokouMod:IgnitionBlast+1"],"picked":"Singing Bowl","floor":47},{"not_picked":["MokouMod:Refresh"],"picked":"Singing Bowl","floor":49},{"not_picked":["MokouMod:ImperishableFlame"],"picked":"Singing Bowl","floor":52},{"not_picked":["MokouMod:RetainTemperature"],"picked":"Singing Bowl","floor":54}],"player_experience":173331,"relics_obtained":[{"floor":10.0,"key":"Frozen Egg 2"},{"floor":10.0,"key":"Boot"},{"floor":26.0,"key":"Molten Egg 2"},{"floor":27.0,"key":"War Paint"},{"floor":27.0,"key":"Akabeko"},{"floor":31.0,"key":"Art of War"},{"floor":45,"key":"Prayer Wheel"}],"event_choices":[{"damage_healed":0.0,"max_hp_gain":0.0,"max_hp_loss":0.0,"gold_gain":0.0,"event_name":"Golden Idol","player_choice":"Take Damage","floor":2.0,"gold_loss":0.0,"damage_taken":28.0,"relics_obtained":["Golden Idol"]},{"damage_healed":0.0,"max_hp_gain":0.0,"max_hp_loss":0.0,"gold_gain":0.0,"event_name":"WeMeetAgain","player_choice":"Ignored","floor":11.0,"gold_loss":0.0,"damage_taken":0.0},{"damage_healed":0.0,"max_hp_gain":0.0,"max_hp_loss":0.0,"gold_gain":0.0,"event_name":"Purifier","player_choice":"Ignored","floor":13.0,"gold_loss":0.0,"damage_taken":0.0},{"damage_healed":0.0,"max_hp_gain":0.0,"max_hp_loss":0.0,"gold_gain":0.0,"event_name":"Back to Basics","player_choice":"Simplicity","floor":20.0,"gold_loss":0.0,"damage_taken":0.0,"cards_upgraded":["MokouMod:Defend","MokouMod:Defend","MokouMod:Defend","MokouMod:Defend","MokouMod:Strike","MokouMod:Strike","MokouMod:Strike","MokouMod:Strike"]},{"damage_healed":0.0,"max_hp_gain":0.0,"max_hp_loss":0.0,"gold_gain":0.0,"event_name":"Vampires","player_choice":"Ignored","floor":25.0,"gold_loss":0.0,"damage_taken":0.0},{"damage_healed":0.0,"max_hp_gain":0.0,"max_hp_loss":0.0,"gold_gain":0.0,"event_name":"Drug Dealer","player_choice":"Inject Mutagens","floor":30.0,"gold_loss":0.0,"damage_taken":0.0,"relics_obtained":["MutagenicStrength"]},{"damage_healed":0.0,"max_hp_gain":0.0,"max_hp_loss":0.0,"gold_gain":0.0,"event_name":"MindBloom","player_choice":"Upgrade","floor":36.0,"gold_loss":0.0,"damage_taken":0.0,"cards_upgraded":["MokouMod:ResonatingAura","MokouMod:ResonatingAura","MokouMod:ExplosiveFlame","MokouMod:HeartofFire","MokouMod:HeartofFire","MokouMod:RisingSunBarrier","MokouMod:RisingSunBarrier","MokouMod:ResonanceReactor","MokouMod:ResonanceReactor","MokouMod:IgnitionBlast","MokouMod:IgnitionBlast","MokouMod:ScorchedEarth","MokouMod:ScorchedEarth","MokouMod:ScorchedEarth","MokouMod:ProfanedFlare","MokouMod:ProfanedFlare","MokouMod:Ventilation","MokouMod:Ventilation","MokouMod:Ventilation","MokouMod:IgnitionBarrier","MokouMod:DanceofFlames","MokouMod:DanceofFlames","MokouMod:ThermalPressure","MokouMod:ThermalPressure","MokouMod:ShiftIgnition","MokouMod:ShiftIgnition","MokouMod:ShiftIgnition","MokouMod:Wildfire","MokouMod:Wildfire","MokouMod:Wildfire","MokouMod:SubterraneanCore","MokouMod:Afterburner","MokouMod:Afterburner","MokouMod:FlareStarter","MokouMod:Overheat","MokouMod:BurningDraft","MokouMod:BurningDraft","MokouMod:IndiscriminateIgnition","MokouMod:IndiscriminateIgnition","MokouMod:IndiscriminateIgnition","MokouMod:Firecracker","MokouMod:Firecracker","MokouMod:Firecracker","MokouMod:Sear","MokouMod:Sear","MokouMod:BurningHiddenBullet","MokouMod:BurningHiddenBullet","MokouMod:Geothermal","MokouMod:IgneousBlow","MokouMod:IgneousBlow","MokouMod:CrimsonFlare","MokouMod:CrimsonFlare","MokouMod:Scorch","MokouMod:FlamingFireTalons","MokouMod:FlamingFireTalons","MokouMod:Ember","MokouMod:Ember","MokouMod:ResoluteFlare","MokouMod:ResoluteFlare","MokouMod:AdaptivePyromancy","MokouMod:AdaptivePyromancy","MokouMod:UncontrollableSolarReaction","MokouMod:ScorchingColumn","MokouMod:ScorchingColumn","MokouMod:RoaringFlare","MokouMod:RoaringFlare","MokouMod:RoaringFlare","MokouMod:FlickeringFlame","MokouMod:FlickeringFlame","MokouMod:Singe","MokouMod:HeatSpark","MokouMod:HeatSpark"],"relics_obtained":["Mark of the Bloom"]},{"damage_healed":0.0,"max_hp_gain":0.0,"max_hp_loss":0.0,"gold_gain":0.0,"event_name":"OrinTheCat","player_choice":"Ignored","floor":37.0,"gold_loss":0.0,"damage_taken":0.0},{"damage_healed":0.0,"max_hp_gain":0.0,"max_hp_loss":0.0,"gold_gain":333.0,"event_name":"The Moai Head","player_choice":"Gave Idol","floor":38.0,"relics_lost":["Golden Idol"],"gold_loss":0.0,"damage_taken":0.0},{"damage_healed":0.0,"max_hp_gain":0.0,"max_hp_loss":0.0,"gold_gain":0.0,"event_name":"Winding Halls","player_choice":"Max HP","floor":39.0,"gold_loss":0.0,"damage_taken":0.0},{"damage_healed":0.0,"max_hp_gain":0.0,"max_hp_loss":0.0,"gold_gain":0.0,"event_name":"Tomb of Lord Red Mask","player_choice":"Ignored","floor":42.0,"gold_loss":0.0,"damage_taken":0.0}],"is_beta":false,"boss_relics":[{"not_picked":["Pandora\u0027s Box","Empty Cage"],"picked":"Coffee Dripper"},{"not_picked":["infinitespire:Cupcake","RedLine:ReiMu"],"picked":"Tiny House"}],"items_purged_floors":[],"is_endless":false,"potions_floor_spawned":[1,6,8,10,14,16,18,26,29,33,35,43,44,45,45,54],"ascension_level":0}}