{"host":"fne7yx97fnz7kq05","time":1608576988,"event":{"mods":["BaseMod","Colored Map","Colored Powertips","Highlight Path","Minty Spire (QoL Compilation)","Relic Stats"],"gold_per_floor":[113,113,127,145,29,29,55,70,97,126,3,36,36,67,67,165,165,180,180,195,155,167,193,108,207,207,207,239,266,278,319,331,438,450,477,505,517,545,359,391,391,426,426,458,474,503,516,529,529,529,529,529,98,123,123],"floor_reached":56,"playtime":4823,"items_purged":["Zap","Strike_B","Dualcast","Defend_B"],"score":1433,"play_id":"19d6b4b2-c916-4142-8363-7ebd3455ac68","local_time":"20201221125628","is_ascension_mode":true,"campfire_choices":[{"data":"Ball Lightning","floor":6.0,"key":"SMITH"},{"data":"Defragment","floor":13.0,"key":"SMITH"},{"data":"Electrodynamics","floor":15.0,"key":"SMITH"},{"data":"Coolheaded","floor":27.0,"key":"SMITH"},{"data":"Coolheaded","floor":32.0,"key":"SMITH"},{"floor":41.0,"key":"RECALL"},{"data":"Force Field","floor":49.0,"key":"SMITH"},{"data":"Biased Cognition","floor":52.0,"key":"SMITH"}],"circlet_count":0,"master_deck":["Defend_B","Defend_B","Defend_B","Ball Lightning+1","Self Repair","Coolheaded+1","Force Field+1","Sweeping Beam","Doom and Gloom","Electrodynamics+1","Defragment+1","Compile Driver","Rainbow","Creative AI","Buffer+1","Redo+1","Echo Form+1","Hologram+1","Chill","Coolheaded+1","Tempest+1","Necronomicurse","Biased Cognition+1","Coolheaded+1","Capacitor+1","Blizzard+1","Defragment+1","Barrage+1","Lockon+1"],"relics":["Snecko Eye","Happy Flower","Smiling Mask","Whetstone","PreservedInsect","Blood Vial","Astrolabe","Molten Egg 2","Ancient Tea Set","Pantograph","MawBank","Necronomicon","Juzu Bracelet","Coffee Dripper","Lantern","Art of War","Shuriken","Letter Opener","Oddly Smooth Stone","Toolbox","Toy Ornithopter","Blue Candle"],"acts_visited":["Exordium","TheCity","TheBeyond","TheEnding"],"potions_floor_usage":[55,55,55],"damage_taken":[{"damage":8.0,"enemies":"2 Louse","floor":1.0,"turns":2.0},{"damage":1.0,"enemies":"Cultist","floor":3.0,"turns":3.0},{"damage":7.0,"enemies":"Small Slimes","floor":4.0,"turns":4.0},{"damage":18.0,"enemies":"Gremlin Nob","floor":7.0,"turns":4.0},{"damage":0.0,"enemies":"Exordium Wildlife","floor":8.0,"turns":3.0},{"damage":11.0,"enemies":"Lagavulin","floor":10.0,"turns":7.0},{"damage":6.0,"enemies":"3 Sentries","floor":12.0,"turns":4.0},{"damage":12.0,"enemies":"Lagavulin","floor":14.0,"turns":4.0},{"damage":15.0,"enemies":"The Guardian","floor":16.0,"turns":9.0},{"damage":0.0,"enemies":"3 Byrds","floor":18.0,"turns":3.0},{"damage":13.0,"enemies":"2 Thieves","floor":20.0,"turns":3.0},{"damage":0.0,"enemies":"Snake Plant","floor":22.0,"turns":5.0},{"damage":14.0,"enemies":"Slavers","floor":23.0,"turns":2.0},{"damage":0.0,"enemies":"Gremlin Leader","floor":28.0,"turns":4.0},{"damage":16.0,"enemies":"Centurion and Healer","floor":29.0,"turns":3.0},{"damage":14.0,"enemies":"Book of Stabbing","floor":31.0,"turns":3.0},{"damage":20.0,"enemies":"Collector","floor":33.0,"turns":9.0},{"damage":8.0,"enemies":"Orb Walker","floor":35.0,"turns":3.0},{"damage":0.0,"enemies":"3 Shapes","floor":36.0,"turns":3.0},{"damage":2.0,"enemies":"Writhing Mass","floor":38.0,"turns":12.0},{"damage":1.0,"enemies":"Giant Head","floor":40.0,"turns":8.0},{"damage":35.0,"enemies":"Reptomancer","floor":42.0,"turns":5.0},{"damage":0.0,"enemies":"Giant Head","floor":44.0,"turns":9.0},{"damage":0.0,"enemies":"Maw","floor":45.0,"turns":5.0},{"damage":15.0,"enemies":"Nemesis","floor":46.0,"turns":7.0},{"damage":0.0,"enemies":"Sphere and 2 Shapes","floor":47.0,"turns":3.0},{"damage":0.0,"enemies":"Writhing Mass","floor":48.0,"turns":4.0},{"damage":21.0,"enemies":"Time Eater","floor":50.0,"turns":8.0},{"damage":39.0,"enemies":"Shield and Spear","floor":54.0,"turns":6.0},{"damage":25,"enemies":"The Heart","floor":55,"turns":7}],"seed_played":"-2185295184065420600","potions_obtained":[{"floor":1.0,"key":"Energy Potion"},{"floor":2.0,"key":"Fruit Juice"},{"floor":2.0,"key":"LiquidBronze"},{"floor":2.0,"key":"GamblersBrew"},{"floor":22.0,"key":"AttackPotion"},{"floor":28.0,"key":"SpeedPotion"},{"floor":36.0,"key":"FocusPotion"},{"floor":38.0,"key":"ColorlessPotion"},{"floor":44.0,"key":"Weak Potion"}],"is_trial":false,"path_per_floor":["M","?","M","M","$","R","E","M","T","E","$","E","R","E","R","B",null,"M","?","M","?","M","E","?","?","T","R","E","M","?","E","R","B",null,"M","M","?","M","$","E","R","E","T","E","M","E","M","M","R","B",null,"R","$","E","B",null],"character_chosen":"DEFECT","items_purchased":["Force Field","Defragment","Art of War","Toolbox","Toy Ornithopter","Lockon+1"],"campfire_rested":0,"item_purchase_floors":[5,11,39,53,53,53],"current_hp_per_floor":[67,72,71,71,71,71,60,67,67,63,63,64,64,59,59,53,80,80,80,74,74,80,66,66,66,66,66,80,64,48,50,50,57,80,80,80,80,80,80,80,80,45,45,61,70,57,59,68,68,66,80,80,80,55,67],"gold":123,"neow_bonus":"BOSS_RELIC","is_daily":false,"chose_seed":false,"campfire_upgraded":7,"win_rate":0.0,"timestamp":1608576988,"path_taken":["M","?","M","M","$","R","E","M","T","E","?","E","R","E","R","BOSS","M","?","M","?","?","E","?","?","T","R","E","M","?","E","R","BOSS","M","M","?","M","$","E","R","E","T","E","M","E","M","M","R","BOSS","R","$","E","BOSS"],"items_purchased_type":["Card","Card","Relic","Relic","Relic","Card"],"build_version":"2020-12-13","purchased_purges":4,"victory":true,"max_hp_per_floor":[75,80,80,80,80,80,80,80,80,80,80,80,80,80,80,80,80,80,80,80,80,80,80,80,80,80,80,80,80,80,80,80,80,80,80,80,80,80,80,80,80,80,80,80,80,80,80,80,80,80,80,80,80,80,80],"relic_stats":{"Happy Flower":[46],"counters":[30,150],"Astrolabe":["Buffer","Redo","Echo Form"],"Blue Candle":[0],"PreservedInsect":577,"Juzu Bracelet":0,"Whetstone":["Strike_B","Strike_B"],"Letter Opener":[80],"Smiling Mask":225,"MawBank":132,"Blood Vial":20,"Shuriken":[12],"Pantograph":62,"Snecko Eye":[294,309,285,285],"Necronomicon":[23],"Art of War":[23],"obtain_stats":[{"Lantern":37,"Happy Flower":7,"Astrolabe":17,"Blue Candle":54,"Oddly Smooth Stone":46,"PreservedInsect":12,"Juzu Bracelet":31,"Whetstone":10,"Letter Opener":44,"Smiling Mask":9,"Ancient Tea Set":24,"MawBank":28,"Blood Vial":14,"Shuriken":40,"Pantograph":26,"Snecko Eye":0,"Toolbox":53,"Molten Egg 2":23,"Necronomicon":30,"Coffee Dripper":34,"Art of War":39,"Cracked Core":0,"Toy Ornithopter":53},{"Lantern":19,"Happy Flower":4,"Astrolabe":9,"Blue Candle":29,"Oddly Smooth Stone":25,"PreservedInsect":7,"Juzu Bracelet":16,"Whetstone":6,"Letter Opener":23,"Smiling Mask":5,"Ancient Tea Set":13,"MawBank":14,"Blood Vial":8,"Shuriken":21,"Pantograph":13,"Snecko Eye":0,"Toolbox":28,"Molten Egg 2":13,"Necronomicon":15,"Coffee Dripper":17,"Art of War":20,"Cracked Core":0,"Toy Ornithopter":28},{"Lantern":78,"Happy Flower":13,"Astrolabe":40,"Blue Candle":143,"Oddly Smooth Stone":122,"PreservedInsect":27,"Juzu Bracelet":63,"Whetstone":23,"Letter Opener":110,"Smiling Mask":16,"Ancient Tea Set":53,"MawBank":57,"Blood Vial":31,"Shuriken":98,"Pantograph":53,"Snecko Eye":0,"Toolbox":137,"Molten Egg 2":53,"Necronomicon":60,"Coffee Dripper":72,"Art of War":90,"Cracked Core":0,"Toy Ornithopter":137}],"Toy Ornithopter":5},"card_choices":[{"not_picked":["Go for the Eyes","Undo"],"picked":"Ball Lightning","floor":1.0},{"not_picked":["Barrage","Reprogram"],"picked":"Self Repair","floor":3.0},{"not_picked":["Ball Lightning","Storm"],"picked":"Coolheaded","floor":4.0},{"not_picked":["Coolheaded","White Noise"],"picked":"Sweeping Beam","floor":7.0},{"not_picked":["Storm","Heatsinks"],"picked":"Doom and Gloom","floor":8.0},{"not_picked":["Hologram","Redo"],"picked":"Electrodynamics","floor":10.0},{"not_picked":["Force Field","Go for the Eyes"],"picked":"Compile Driver","floor":12.0},{"not_picked":["Redo","White Noise"],"picked":"Rainbow","floor":14.0},{"not_picked":["Multi-Cast","Amplify"],"picked":"Creative AI","floor":16.0},{"not_picked":["Self Repair","Stack","Sweeping Beam"],"picked":"SKIP","floor":18.0},{"not_picked":["Gash","Darkness"],"picked":"Hologram","floor":20.0},{"not_picked":["Gash","White Noise"],"picked":"Chill","floor":22.0},{"not_picked":["Streamline+1","Gash+1"],"picked":"Coolheaded","floor":23.0},{"not_picked":["Consume+1","Beam Cell+1"],"picked":"Tempest+1","floor":28.0},{"not_picked":["Compile Driver+1","Coolheaded","Aggregate+1"],"picked":"SKIP","floor":29.0},{"not_picked":["Steam","Sweeping Beam+1","Compile Driver+1"],"picked":"SKIP","floor":31.0},{"not_picked":["Fission","Seek"],"picked":"Biased Cognition","floor":33.0},{"not_picked":["Rebound+1","Darkness","Doom and Gloom+1"],"picked":"SKIP","floor":35.0},{"not_picked":["Steam+1","Cold Snap+1"],"picked":"Coolheaded+1","floor":36.0},{"not_picked":["Loop+1","Static Discharge+1"],"picked":"Capacitor+1","floor":38.0},{"not_picked":["Streamline+1","FTL+1","Cold Snap+1"],"picked":"SKIP","floor":40.0},{"not_picked":["Genetic Algorithm+1","Coolheaded","Gash+1"],"picked":"SKIP","floor":42.0},{"not_picked":["Reprogram+1","Self Repair+1"],"picked":"Blizzard+1","floor":44.0},{"not_picked":["Doom and Gloom+1","Steam+1","Tempest+1"],"picked":"SKIP","floor":45.0},{"not_picked":["Compile Driver+1","Cold Snap+1","Rebound+1"],"picked":"SKIP","floor":46.0},{"not_picked":["Stack+1","Force Field"],"picked":"Defragment+1","floor":47.0},{"not_picked":["Streamline+1","Rip and Tear+1"],"picked":"Barrage+1","floor":48.0},{"not_picked":["Coolheaded","Chaos","Storm"],"picked":"SKIP","floor":54.0}],"player_experience":122437,"relics_obtained":[{"floor":7.0,"key":"Happy Flower"},{"floor":9.0,"key":"Smiling Mask"},{"floor":10.0,"key":"Whetstone"},{"floor":12.0,"key":"PreservedInsect"},{"floor":14.0,"key":"Blood Vial"},{"floor":23.0,"key":"Molten Egg 2"},{"floor":26.0,"key":"Pantograph"},{"floor":28.0,"key":"MawBank"},{"floor":30.0,"key":"Necronomicon"},{"floor":31.0,"key":"Juzu Bracelet"},{"floor":40.0,"key":"Shuriken"},{"floor":44.0,"key":"Letter Opener"},{"floor":46.0,"key":"Oddly Smooth Stone"},{"floor":54.0,"key":"Blue Candle"}],"event_choices":[{"damage_healed":0.0,"max_hp_gain":0.0,"max_hp_loss":0.0,"gold_gain":0.0,"event_name":"Lab","player_choice":"Got Potions","floor":2.0,"gold_loss":0.0,"damage_taken":0.0},{"damage_healed":0.0,"max_hp_gain":0.0,"max_hp_loss":0.0,"gold_gain":0.0,"event_name":"Vampires","player_choice":"Ignored","floor":19.0,"gold_loss":0.0,"damage_taken":0.0},{"damage_healed":0.0,"max_hp_gain":0.0,"max_hp_loss":0.0,"gold_gain":0.0,"event_name":"Designer","player_choice":"Upgrade","floor":21.0,"gold_loss":40.0,"damage_taken":0.0,"cards_upgraded":["Hologram"]},{"damage_healed":0.0,"max_hp_gain":0.0,"max_hp_loss":0.0,"gold_gain":0.0,"event_name":"Addict","player_choice":"Obtained Relic","floor":24.0,"gold_loss":85.0,"damage_taken":0.0,"relics_obtained":["Ancient Tea Set"]},{"damage_healed":0.0,"max_hp_gain":0.0,"max_hp_loss":0.0,"gold_gain":99.0,"event_name":"Nest","player_choice":"Stole From Cult","floor":25.0,"gold_loss":0.0,"damage_taken":0.0},{"damage_healed":0.0,"max_hp_gain":0.0,"max_hp_loss":0.0,"gold_gain":0.0,"event_name":"Cursed Tome","player_choice":"Obtained Book","floor":30.0,"gold_loss":0.0,"damage_taken":16.0},{"damage_healed":0.0,"max_hp_gain":0.0,"max_hp_loss":0.0,"gold_gain":0.0,"event_name":"WeMeetAgain","player_choice":"Gave Potion","floor":37.0,"gold_loss":0.0,"damage_taken":0.0,"relics_obtained":["Lantern"]}],"is_beta":false,"boss_relics":[{"not_picked":["Velvet Choker","Fusion Hammer"],"picked":"Astrolabe"},{"not_picked":["Empty Cage","Black Star"],"picked":"Coffee Dripper"}],"items_purged_floors":[5,11,39,53],"is_endless":false,"potions_floor_spawned":[1,3,8,10,22,28,36,38,44,47,48,54],"ascension_level":1}}