{"host":"126yiuos2nq86se7","time":1608523070,"event":{"mods":["AchievementEnabler","Act Like it!","BaseMod","Colored Map","Colored Powertips","Friendly Minions","Highlight Path","Minty Spire (QoL Compilation)","StSLib","SuperFastMode","The Animator"],"gold_per_floor":[122,136,136,21,41,41,59,75,122,138,10,10,24,51,63,173,185,211,48,147,163,176,176,176,176,223,1,1,19,19,39,39,39,39],"floor_reached":33,"playtime":3103,"items_purged":["animator:Strike","animator:Strike"],"score":274,"play_id":"096223dc-8be8-41d2-9bdc-96192fc40c49","local_time":"20201221145750","is_ascension_mode":false,"campfire_choices":[{"data":"animator:Darkness","floor":6,"key":"SMITH"},{"floor":12,"key":"REST"},{"floor":15,"key":"REST"},{"data":"animator:Darkness","floor":23,"key":"SMITH"},{"data":"animator:YachiyoNanami","floor":25,"key":"SMITH"},{"floor":32,"key":"REST"}],"circlet_count":0,"master_deck":["animator:Strike_MadokaMagica+1","animator:Defend_MadokaMagica","animator:Defend+1","animator:Defend+1","animator:Defend","animator:IrohaTamaki","animator:YuiTsuruno","animator:Darkness+1","animator:Hakurou","animator:Vesta","animator:SwordMaiden","animator:Hakurou","animator:Vesta","animator:AcuraTooru","animator:Vesta","animator:IchigoKurosaki","animator:GazelDwargon","animator:Darkness+1","animator:Rimuru","animator:RoryMercury+1","animator:GazelDwargon","animator:AcuraTooru+1","animator:YachiyoNanami+1","animator:YachiyoNanami","animator:Vesta","animator:TukaLunaMarceau+1"],"relics":["animator:LivingPicture","animator:TheMissingPiece","Anchor","MawBank","Velvet Choker","War Paint","TwistedFunnel"],"acts_visited":["Exordium","TheCity"],"potions_floor_usage":[14,14,14,14,14,14,16,30,33,33,33],"damage_taken":[{"damage":0,"enemies":"Jaw Worm","floor":1,"turns":5},{"damage":7,"enemies":"Cultist","floor":2,"turns":4},{"damage":0,"enemies":"2 Louse","floor":5,"turns":6},{"damage":6,"enemies":"Large Slime","floor":7,"turns":12},{"damage":24,"enemies":"Exordium Thugs","floor":8,"turns":8},{"damage":7,"enemies":"Blue Slaver","floor":10,"turns":6},{"damage":0,"enemies":"Red Slaver","floor":13,"turns":5},{"damage":14,"enemies":"Lagavulin","floor":14,"turns":5},{"damage":17,"enemies":"Slime Boss","floor":16,"turns":16},{"damage":0,"enemies":"Chosen","floor":18,"turns":8},{"damage":8,"enemies":"Spheric Guardian","floor":21,"turns":5},{"damage":10,"enemies":"Snecko","floor":22,"turns":9},{"damage":16,"enemies":"Snake Plant","floor":29,"turns":6},{"damage":20,"enemies":"Shelled Parasite and Fungi","floor":31,"turns":8},{"damage":45,"enemies":"Collector","floor":33,"turns":5}],"seed_played":"-24852694155683673","potions_obtained":[{"floor":5,"key":"EntropicBrew"},{"floor":7,"key":"Explosive Potion"},{"floor":10,"key":"Explosive Potion"},{"floor":14,"key":"DuplicationPotion"},{"floor":18,"key":"Fire Potion"},{"floor":22,"key":"ColorlessPotion"},{"floor":30,"key":"Fruit Juice"},{"floor":30,"key":"SneckoOil"},{"floor":30,"key":"PowerPotion"}],"is_trial":false,"path_per_floor":["M","M","?","$","M","R","M","M","T","M","$","R","M","E","R","B",null,"M","$","?","M","M","R","?","R","T","$","?","M","?","M","R","B"],"character_chosen":"THE_ANIMATOR","items_purchased":["animator:Vesta","animator:Vesta","animator:IchigoKurosaki","animator:GazelDwargon","TwistedFunnel","animator:YachiyoNanami"],"campfire_rested":3,"item_purchase_floors":[4,11,11,19,27,27],"current_hp_per_floor":[66,59,59,59,59,59,53,29,29,22,22,41,41,27,46,29,66,66,66,66,58,48,48,48,48,48,48,48,32,37,17,38,0,0],"gold":39,"neow_bonus":"REMOVE_CARD","is_daily":false,"chose_seed":false,"campfire_upgraded":3,"win_rate":0.0,"timestamp":1608523070,"path_taken":["M","M","?","$","M","R","?","M","T","M","$","R","M","E","R","BOSS","M","$","?","M","M","R","?","R","T","$","?","?","?","M","R","BOSS"],"items_purchased_type":["Card","Card","Card","Card","Relic","Card"],"build_version":"2020-12-13","purchased_purges":2,"victory":false,"max_hp_per_floor":[66,66,66,66,66,66,66,66,66,66,66,66,66,66,66,66,66,66,66,66,66,66,66,66,66,66,66,66,66,71,71,71,71,71],"card_choices":[{"not_picked":["animator:Hakurou","animator:Shion"],"picked":"animator:Darkness","floor":1},{"not_picked":["animator:DwarfShaman","animator:LizardPriest"],"picked":"animator:Hakurou","floor":2},{"not_picked":["animator:Kaijin","animator:ElricEdward"],"picked":"animator:SwordMaiden","floor":5},{"not_picked":["animator:Millim","animator:Shuna"],"picked":"animator:Hakurou","floor":7},{"not_picked":["animator:Vanir","animator:Souei"],"picked":"animator:Vesta","floor":8},{"not_picked":["animator:Souei","animator:HighElfArcher"],"picked":"animator:AcuraTooru","floor":10},{"not_picked":["animator:YaoHaDucy","animator:ChaikaBohdan"],"picked":"animator:GazelDwargon","floor":13},{"not_picked":["animator:Mitsurugi","animator:Verdia"],"picked":"animator:Darkness","floor":14},{"not_picked":["animator:HomuraAkemi","animator:Wiz"],"picked":"animator:Rimuru","floor":16},{"not_picked":["animator:CowGirl","animator:NagisaMomoe"],"picked":"animator:RoryMercury+1","floor":18},{"not_picked":["animator:Guy","animator:Millim","animator:Mitsurugi"],"picked":"SKIP","floor":21},{"not_picked":["animator:Scar+1","animator:Gillette+1"],"picked":"animator:AcuraTooru+1","floor":22},{"not_picked":["animator:Benimaru","animator:Shuna"],"picked":"animator:Vesta","floor":29},{"not_picked":["animator:OrikoMikuni","animator:Shion"],"picked":"animator:TukaLunaMarceau+1","floor":31}],"player_experience":1524081,"relics_obtained":[{"floor":9,"key":"Anchor"},{"floor":14,"key":"MawBank"},{"floor":26,"key":"War Paint"}],"event_choices":[{"damage_healed":0,"gold_gain":0,"player_choice":"Bought 0 Potions","damage_taken":0,"max_hp_gain":0,"max_hp_loss":0,"event_name":"The Woman in Blue","floor":3,"gold_loss":0},{"damage_healed":0,"gold_gain":99,"player_choice":"Stole From Cult","damage_taken":0,"max_hp_gain":0,"max_hp_loss":0,"event_name":"Nest","floor":20,"gold_loss":0},{"damage_healed":0,"gold_gain":0,"player_choice":"Read","damage_taken":0,"max_hp_gain":0,"max_hp_loss":0,"event_name":"The Library","floor":24,"gold_loss":0,"cards_obtained":["animator:YachiyoNanami"]},{"damage_healed":0,"gold_gain":0,"player_choice":"Upgraded","damage_taken":0,"max_hp_gain":0,"max_hp_loss":0,"event_name":"Upgrade Shrine","floor":28,"gold_loss":0,"cards_upgraded":["animator:Strike_MadokaMagica"]},{"damage_healed":0,"gold_gain":0,"player_choice":"Got Potions","damage_taken":0,"max_hp_gain":0,"max_hp_loss":0,"event_name":"Lab","floor":30,"gold_loss":0}],"is_beta":false,"boss_relics":[{"not_picked":["Calling Bell","SacredBark"],"picked":"Velvet Choker"}],"items_purged_floors":[4,19],"is_endless":false,"potions_floor_spawned":[5,7,10,14,18,22],"killed_by":"Collector","ascension_level":0}}