{"host":"uohgqexxxcaim5wq","time":1608515092,"event":{"mods":["AchievementEnabler","Act Like it!","Ascension Reborn","Aspiration","BaseMod","Better Match","Better Note","Better Third Choice","BetterRewards","Conspire","Decade(???)","Downfall","GifTheSpireLib","Halation","Hallownest","Hubris","Infinite Spire","Minty Spire (QoL Compilation)","Pale of the Ancients","Permanent Neow","Quick Restart","Remove Card Discount Mod","Replay The Spire","Shedinja","Shop Mod","Spicy Shops","Spikes Relics","StSLib","Stuff the Spire","TestMod","The Bug Knight","The IronCluck","The Jungle","The Wild Card","Trackpad","Wandering Minibosses","vexMod"],"gold_per_floor":[99,220,258,258,280,280,280,130,154,189,189,202,177,177,199,317,317,242,265,281,312,312,432,491,533,533,569,224,241,254,271,289,414,414,414,433,433,474,474,474,474,493,493,535,554,567,567,567,590,708,708,708,726,726,826,1001,1001,1027,1055,1070,1095,1095,1113,1051,1065,1081,1179,1179,1179,1193,1212,1212,1212,1222,1257,1257,1271,1297,1323,1339,1339,1339],"floor_reached":81,"playtime":5882,"items_purged":["hubris:Wrath","CloudedMind","Notoriety","Writhe","Decay","StuffTheSpire:CuriosityCurse","StuffTheSpire:CuriosityCurse","CurseOfTheBell","Regret","Doubt","Regret","RideBooker_Skill_1"],"score":2030,"play_id":"8ec17958-b95c-4c0f-a0a0-f51df6869afb","local_time":"20201220204452","is_ascension_mode":true,"campfire_choices":[{"floor":1.0,"key":"RECALL"},{"data":"Kuuga_Rising","floor":8.0,"key":"SMITH"},{"data":"Spreading Infection","floor":18.0,"key":"PURGE"},{"data":"Kiva_Swallow","floor":26.0,"key":"SMITH"},{"data":"hubris:Fate","floor":35.0,"key":"SMITH"},{"data":"Decade_Attack","floor":43.0,"key":"SMITH"},{"data":"Kuuga_GouramAttack","floor":52.0,"key":"SMITH"},{"data":"Kiva_Bats","floor":69.0,"key":"SMITH"},{"data":"UnarmedAttack3","floor":76.0,"key":"SMITH"}],"circlet_count":0,"master_deck":["Decade_Attack+2","Decade_Attack+1","Decade_Attack+1","Decade_Attack+1","KamenRide+1","Decade_SpecialSkill+1","Decade_Defend+1","Decade_Defend+1","Decade_Defend+1","Decade_Defend+2","Kuuga_Rising+1","RideBooker_Skill_1+1","Kiva_Bats","RideBooker_Skill_1+1","Blade_Beat+1","AutoVajin","hubris:Fate+1","Blade_Beat","Kiva_Swallow+1","Hibiki_FEVER+1","Kuuga_GouramAttack","PhotonAcceleration","UnarmedAttack8+1","RideBooker+1","RideBooker_Skill_3+1","FormRideJack+1","RideBooker_Skill_2+1","UnarmedAttack3+1","UnarmedAttack6+1","DenO_Sword+1","Kuuga_Rising+1","UnarmedAttack3+1","Kiva_Bats+1","Blade_Kick+1","Kabuto_ClockUp+1","DenO_Climax","Dragreder+1","Kuuga_GouramAttack","Decade_Attack+1","Decade_Attack+1","Decade_Attack+1","Decade_Attack+1","KamenRide+1","Decade_SpecialSkill+1","Decade_Defend+2","Decade_Defend+2","Decade_Defend+2","Decade_Defend+2","Kuuga_Rising+1","RideBooker_Skill_1+1","Kiva_Bats+1","RideBooker_Skill_1+1","Blade_Beat+1","RideBooker_Skill_1+1","AutoVajin+1","hubris:Fate+1","Blade_Beat+1","Kiva_Swallow+1","Hibiki_FEVER+1","Kuuga_GouramAttack","PhotonAcceleration","UnarmedAttack8+1","RideBooker+1","RideBooker_Skill_3+1","FormRideJack+1","RideBooker_Skill_2+1","UnarmedAttack3+1","UnarmedAttack6+1","DenO_Sword+1","Kuuga_Rising+1","UnarmedAttack3+1","Kiva_Bats+1","Blade_Kick+1","Kabuto_ClockUp+1","DenO_Climax","Dragreder+1","Kuuga_GouramAttack+1","DenO_Sword+1","FormRideGaruru+1","UnarmedAttack5+1","DragShield","Blade_Slash+1","Dragreder+1","Kabuto_ClockUp+1","DenO_Gun+1","Kuuga_Rising+1","Hibiki_Attack1","RideBooker_Skill_3+1","UnarmedAttack5","UnarmedAttack5","UnarmedAttack5","Blade_Mach+1","Decade_Illusion+1","FormRideAxel+1","UnarmedAttack9","PrometheusPower+1","DragShield","UnarmedAttack3+1","Decade_Defend2+1","Blade_Kick+1","Decade_Dash2+1","Decade_Defend3+1","DenO_Sword+1"],"relics":["Decadriver","testmod-TestBox","Toy Ornithopter","MerchantsRug","trackpad:PetRock","Centennial Puzzle","halation:PinkSoulGem","Eternal Feather","downfall:HeartBlessingRed","downfall:HeartBlessingBlue","testmod-DragonStarHat","Orichalcum","testmod-Laevatain","vexMod:MysteryBossChallenge","Replay:Ancient Bell","hubris:TenFootPole","LugNut","StuffTheSpire:DarkSteelAnvil","downfall:HeartBlessingGreen","StuffTheSpire:Gunfinga","hubris:BottledHeart","Potion Belt","Regal Pillow","trackpad:WritersBlock","Replay:Accelerometer","Toxic Egg 2","hubris:EmptyBottle","Blue Doll","Bronze Scales","wanderingMiniBosses:AbyssPearl","vexMod:RedPlottingStone","testmod-Prudence","Simple Rune","trackpad:Mousetrap","Ornamental Fan","StuffTheSpire:Experiment12","Gremlin Food","StuffTheSpire:MayFlowers","Calling Bell","ReplayFunnel","Matryoshka","Replay:Towering Pillar of Hats","StuffTheSpire:RedRose","conspire:DeflatedDodgeball","StuffTheSpire:GrapeVine","SacredBark","Ancient Tea Set"],"acts_visited":["Exordium","TheCity","TheBeyond","Exordium","TheCity"],"potions_floor_usage":[],"damage_taken":[{"damage":8.0,"enemies":"downfall:FleeingMerchant","floor":2.0,"turns":3.0},{"damage":2.0,"enemies":"3 Sentries","floor":3.0,"turns":3.0},{"damage":0.0,"enemies":"Cultist","floor":5.0,"turns":1.0},{"damage":0.0,"enemies":"Small Slimes","floor":9.0,"turns":2.0},{"damage":0.0,"enemies":"HollowMod:MossKnight","floor":10.0,"turns":2.0},{"damage":0.0,"enemies":"2 Louse","floor":12.0,"turns":1.0},{"damage":0.0,"enemies":"Large Slime","floor":15.0,"turns":1.0},{"damage":2.0,"enemies":"downfall:Watcher","floor":16.0,"turns":2.0},{"damage":0.0,"enemies":"Shell Parasite","floor":19.0,"turns":1.0},{"damage":0.0,"enemies":"Shelled Parasite and Fungi","floor":20.0,"turns":2.0},{"damage":0.0,"enemies":"conspire:Head Lice","floor":21.0,"turns":3.0},{"damage":0.0,"enemies":"downfall:LadyInBlue","floor":23.0,"turns":1.0},{"damage":0.0,"enemies":"HollowMod:Nosk","floor":25.0,"turns":2.0},{"damage":0.0,"enemies":"Book of Stabbing","floor":27.0,"turns":1.0},{"damage":0.0,"enemies":"Chosen and Byrds","floor":29.0,"turns":2.0},{"damage":0.0,"enemies":"Snake Plant","floor":30.0,"turns":1.0},{"damage":0.0,"enemies":"3 Cultists","floor":31.0,"turns":4.0},{"damage":0.0,"enemies":"conspire:HollyBat","floor":32.0,"turns":5.0},{"damage":0.0,"enemies":"downfall:Defect","floor":33.0,"turns":3.0},{"damage":0.0,"enemies":"3 Darklings","floor":36.0,"turns":1.0},{"damage":0.0,"enemies":"Nightmare","floor":38.0,"turns":3.0},{"damage":0.0,"enemies":"Orb Walker","floor":42.0,"turns":2.0},{"damage":0.0,"enemies":"Giant Head","floor":44.0,"turns":3.0},{"damage":0.0,"enemies":"Writhing Mass","floor":45.0,"turns":2.0},{"damage":0.0,"enemies":"Jaw Worm Horde","floor":46.0,"turns":1.0},{"damage":0.0,"enemies":"3 Darklings","floor":49.0,"turns":1.0},{"damage":0.0,"enemies":"downfall:Silent","floor":50.0,"turns":3.0},{"damage":0.0,"enemies":"Jaw Worm","floor":53.0,"turns":1.0},{"damage":0.0,"enemies":"Gremlin Nob","floor":59.0,"turns":1.0},{"damage":0.0,"enemies":"2 Louse","floor":60.0,"turns":1.0},{"damage":0.0,"enemies":"Replay:BlueRogue","floor":61.0,"turns":1.0},{"damage":0.0,"enemies":"infinitespire:Voidling","floor":63.0,"turns":1.0},{"damage":0.0,"enemies":"Exordium Thugs","floor":65.0,"turns":1.0},{"damage":0.0,"enemies":"2 Fungi Beasts","floor":66.0,"turns":1.0},{"damage":0.0,"enemies":"Fading Forest","floor":67.0,"turns":6.0},{"damage":0.0,"enemies":"conspire:FuzzyDice","floor":70.0,"turns":2.0},{"damage":0.0,"enemies":"3 Byrds","floor":71.0,"turns":2.0},{"damage":0.0,"enemies":"Snake Plant","floor":74.0,"turns":2.0},{"damage":0.0,"enemies":"Slavers","floor":75.0,"turns":2.0},{"damage":0.0,"enemies":"Shelled Parasite and Fungi","floor":77.0,"turns":2.0},{"damage":0.0,"enemies":"conspire:SneckoGhost","floor":78.0,"turns":2.0},{"damage":0.0,"enemies":"conspire:MimicChest","floor":79.0,"turns":2.0},{"damage":0.0,"enemies":"Snecko","floor":80.0,"turns":2.0},{"damage":0,"enemies":"conspire:HollyBat","floor":81,"turns":1}],"seed_played":"-6873050468324361294","potions_obtained":[{"floor":2.0,"key":"Strength Potion"},{"floor":3.0,"key":"sneckomod:MuddlingPotion"},{"floor":5.0,"key":"AttackPotion"},{"floor":9.0,"key":"SpeedPotion"},{"floor":12.0,"key":"SteroidPotion"},{"floor":23.0,"key":"Fruit Juice"},{"floor":23.0,"key":"Energy Potion"},{"floor":23.0,"key":"SteroidPotion"},{"floor":23.0,"key":"SkillPotion"},{"floor":25.0,"key":"Adrenaline Potion"},{"floor":42.0,"key":"DistilledChaos"},{"floor":48.0,"key":"Strength Potion"},{"floor":63.0,"key":"Fruit Juice"}],"is_trial":false,"path_per_floor":["R","$","E","?","M","?","T","R","M","E","?","M","?","?","M","B",null,"R","M","M","E","?","?","T","E","R","E","$","M","M","M","M","B",null,"R","M","?","NM","?","?","T","M","R","E","M","M","?","?","M","B",null,"R","M","?","?","?","?","T","E","M","E","?","M","$","M","M","B",null,"R","M","M","?","?","M","E","R","M","E","?","M","M"],"character_chosen":"Decade","items_purchased":["Toy Ornithopter","RideBooker_Skill_1","KamenRideFaiz","MerchantsRug","hubris:EmptyBottle","Blue Doll","Bronze Scales","Strength Potion"],"campfire_rested":0,"item_purchase_floors":[2,2,2,2,28,28,28,64],"current_hp_per_floor":[74,66,64,64,64,64,64,91,91,91,66,66,66,66,66,71,104,104,104,104,104,1,1,1,1,1,1,1,1,1,1,1,1,1,1,1,1,1,1,1,1,1,1,1,1,1,1,1,1,1,1,1,1,1,1,1,1,1,1,1,1,1,1,1,1,1,1,1,1,1,1,1,1,1,1,1,1,1,1,1,1,1],"gold":1339,"neow_bonus":"TWENTY_PERCENT_HP_BONUS","is_daily":false,"chose_seed":false,"campfire_upgraded":7,"win_rate":0.0,"timestamp":1608515092,"path_taken":["R","$","E","?","?","?","T","R","M","E","?","M","?","?","M","BOSS","R","M","M","E","?","?","T","E","R","E","$","M","M","?","M","BOSS","R","M","?","NM","?","?","T","M","R","E","?","M","?","?","M","BOSS","R","?","?","?","?","?","T","E","M","E","?","M","?","M","M","BOSS","R","M","M","?","?","M","E","R","?","E","?","?","M"],"items_purchased_type":["Relic","Card","Card","Relic","Relic","Relic","Relic","Potion"],"build_version":"2020-12-13","purchased_purges":12,"victory":false,"max_hp_per_floor":[89,89,89,89,89,89,89,99,99,99,99,99,99,99,99,104,104,104,104,104,104,1,1,1,1,1,1,1,1,1,1,1,1,1,1,1,1,1,1,1,1,1,1,1,1,1,1,1,1,1,1,1,1,1,1,1,1,1,1,1,1,1,1,1,1,1,1,1,1,1,1,1,1,1,1,1,1,1,1,1,1,1],"card_choices":[{"not_picked":["Decade_Dash2+1","FormRideTitan"],"picked":"Kuuga_Rising","floor":2.0},{"not_picked":["AutoVajin","FormRideJack"],"picked":"Kiva_Bats","floor":3.0},{"not_picked":["FormRideGaruru","FormRidePegasus+1"],"picked":"TimeVent","floor":3.0},{"not_picked":["FormRideGaruru","Dragreder"],"picked":"RideBooker_Skill_1+1","floor":5.0},{"not_picked":["UnarmedAttack6","DragClaw"],"picked":"Blade_Beat","floor":5.0},{"not_picked":["PrometheusPower","FormRideTitan+1"],"picked":"RideBooker_Skill_1","floor":9.0},{"not_picked":["FormRidePegasus","Blade_Slash"],"picked":"AutoVajin","floor":10.0},{"not_picked":["infinitespire:Fortify","ReplayTheSpireMod:Echoes of Time"],"picked":"hubris:Fate","floor":11.0},{"not_picked":["UnarmedAttack7","UnarmedAttack6+1"],"picked":"RideBooker_Skill_1","floor":12.0},{"not_picked":["Kabuto_ClockUp","TimeVent"],"picked":"Kiva_Swallow","floor":16.0},{"not_picked":["Kiva_Eat","TimeVent"],"picked":"Hibiki_FEVER","floor":16.0},{"not_picked":["hexamod:Haunted","Normality"],"picked":"Decay","floor":17.0},{"not_picked":["Hallownest:curseDreamersLament","Voices"],"picked":"Writhe","floor":17.0},{"not_picked":["hubris:Greed","Slimebound:Icky"],"picked":"hubris:Wrath","floor":17.0},{"not_picked":["DenO_Rod","RideBooker"],"picked":"Kuuga_GouramAttack","floor":19.0},{"not_picked":["TimeVent","FormRideTitan+1"],"picked":"PhotonAcceleration","floor":20.0},{"not_picked":["AutoVajin+1","RideBooker"],"picked":"UnarmedAttack8+1","floor":21.0},{"not_picked":["FormRideJack","FormRideDogga+1"],"picked":"RideBooker+1","floor":21.0},{"not_picked":["AutoVajin","Kuuga_Rising"],"picked":"RideBooker_Skill_3+1","floor":23.0},{"not_picked":["Decade_Dash2+1","RideBooker_Skill_2+1"],"picked":"FormRideJack+1","floor":25.0},{"not_picked":["UnarmedAttack7+1","RideBooker_Skill_3+1"],"picked":"RideBooker_Skill_2+1","floor":27.0},{"not_picked":["AutoVajin+1","Blade_Mach+1"],"picked":"UnarmedAttack3+1","floor":29.0},{"not_picked":["Kiva_Frozen+1","Hibiki_Attack2"],"picked":"UnarmedAttack6+1","floor":29.0},{"not_picked":["DenO_Rod+1","KamenRideKuuga+1"],"picked":"DenO_Sword+1","floor":30.0},{"not_picked":["DenO_Rod+1","Blade_Beat+1"],"picked":"Kuuga_Rising+1","floor":31.0},{"not_picked":["UnarmedAttack5","Blade_Beat+1"],"picked":"UnarmedAttack3+1","floor":31.0},{"not_picked":["UnarmedAttack7","Decade_Illusion+1"],"picked":"Kiva_Bats+1","floor":32.0},{"not_picked":["KamenRideDenO","KamenRideBlade+1"],"picked":"Blade_Kick+1","floor":32.0},{"not_picked":["UnarmedAttack9","Kuuga_Rising+1"],"picked":"Kabuto_ClockUp+1","floor":33.0},{"not_picked":["TimeVent+1","Kabuto_ClockUp+1"],"picked":"DenO_Climax","floor":33.0},{"not_picked":["FormRideJack+1","KamenRideKuuga+1"],"picked":"Dragreder+1","floor":36.0},{"not_picked":["KamenRideKuuga+1","UnarmedAttack3+1"],"picked":"Kuuga_GouramAttack","floor":38.0},{"not_picked":["KamenRideRyuki+1","FormRideDogga+1"],"picked":"DenO_Sword+1","floor":42.0},{"not_picked":["KamenRideHibiki+1","KamenRideDecade+1"],"picked":"FormRideGaruru+1","floor":44.0},{"not_picked":["Decade_Defend3+1","Kiva_Frozen+1"],"picked":"UnarmedAttack5+1","floor":45.0},{"not_picked":["FormRideBasshaa+1","Hibiki_Attack1"],"picked":"DragShield","floor":46.0},{"not_picked":["KamenRideKuuga+1","AttackRide+1"],"picked":"Blade_Slash+1","floor":46.0},{"not_picked":["Hibiki_Attack1","Blade_Beat+1"],"picked":"Dragreder+1","floor":49.0},{"not_picked":["UnarmedAttack9","Kiva_Eat+1"],"picked":"Kabuto_ClockUp+1","floor":50.0},{"not_picked":["UnarmedAttack7","FormRideBasshaa+1"],"picked":"DenO_Gun+1","floor":53.0},{"not_picked":["FormRideJack+1","FormRidePegasus+1"],"picked":"Kuuga_Rising+1","floor":53.0},{"not_picked":["Decade_Dash1+1","FormRideTitan+1"],"picked":"Hibiki_Attack1","floor":59.0},{"not_picked":["FormRideDogga+1","Blade_Slash+1"],"picked":"RideBooker_Skill_3+1","floor":60.0},{"not_picked":["Kiva_Bats","FormRideTitan+1"],"picked":"UnarmedAttack5","floor":60.0},{"not_picked":["FormRideJack+1","FormRidePegasus+1"],"picked":"UnarmedAttack5","floor":61.0},{"not_picked":["KamenRideAgito","FormRidePegasus+1"],"picked":"UnarmedAttack5","floor":63.0},{"not_picked":["DragClaw","FormRideBasshaa+1"],"picked":"Blade_Mach+1","floor":65.0},{"not_picked":["UnarmedAttack1","FormRideFlame+1"],"picked":"Decade_Illusion+1","floor":66.0},{"not_picked":["NMDAZYYGL+1","UnarmedAttack9"],"picked":"FormRideAxel+1","floor":67.0},{"not_picked":["Hibiki_FEVER+1","DenO_Climax"],"picked":"UnarmedAttack9","floor":67.0},{"not_picked":["Decade_Dash1+1","Hibiki_Attack2+1"],"picked":"PrometheusPower+1","floor":70.0},{"not_picked":["KamenRideDenO+1","UnarmedAttack4"],"picked":"DragShield","floor":71.0},{"not_picked":["UnarmedAttack8","FormRideDogga+1"],"picked":"UnarmedAttack3","floor":74.0},{"not_picked":["RideBooker_Skill_2+1","FormRideTitan+1"],"picked":"Decade_Defend2+1","floor":75.0},{"not_picked":["Hibiki_Attack1","Kiva_Frozen+1"],"picked":"Blade_Kick+1","floor":77.0},{"not_picked":["KamenRideDecade","FormRideJack+1"],"picked":"Decade_Dash2+1","floor":78.0},{"not_picked":["Blade_Beat+1","NMDAZYYGL+1"],"picked":"Decade_Defend3+1","floor":79.0},{"not_picked":["Hibiki_Attack1","DenO_Gun+1"],"picked":"DenO_Sword+1","floor":80.0}],"player_experience":160089,"relics_obtained":[{"floor":3.0,"key":"trackpad:PetRock"},{"floor":5.0,"key":"Centennial Puzzle"},{"floor":7.0,"key":"Eternal Feather"},{"floor":10.0,"key":"testmod-DragonStarHat"},{"floor":15.0,"key":"Orichalcum"},{"floor":16.0,"key":"testmod-Laevatain"},{"floor":21.0,"key":"StuffTheSpire:Gunfinga"},{"floor":23.0,"key":"Potion Belt"},{"floor":24.0,"key":"Regal Pillow"},{"floor":24.0,"key":"trackpad:WritersBlock"},{"floor":25.0,"key":"Replay:Accelerometer"},{"floor":27.0,"key":"Toxic Egg 2"},{"floor":31.0,"key":"wanderingMiniBosses:AbyssPearl"},{"floor":33.0,"key":"vexMod:RedPlottingStone"},{"floor":38.0,"key":"Simple Rune"},{"floor":41.0,"key":"Ornamental Fan"},{"floor":41.0,"key":"StuffTheSpire:Experiment12"},{"floor":44.0,"key":"Gremlin Food"},{"floor":50.0,"key":"StuffTheSpire:MayFlowers"},{"floor":51.0,"key":"ReplayFunnel"},{"floor":51.0,"key":"Matryoshka"},{"floor":51.0,"key":"Replay:Towering Pillar of Hats"},{"floor":58.0,"key":"conspire:DeflatedDodgeball"},{"floor":58.0,"key":"StuffTheSpire:GrapeVine"},{"floor":79.0,"key":"Ancient Tea Set"}],"event_choices":[{"damage_healed":0.0,"max_hp_gain":0.0,"max_hp_loss":0.0,"gold_gain":0.0,"event_name":"Upgrade Shrine","player_choice":"Upgraded","floor":4.0,"gold_loss":0.0,"damage_taken":0.0,"cards_upgraded":["RideBooker_Skill_1"]},{"damage_healed":0.0,"max_hp_gain":0.0,"max_hp_loss":0.0,"gold_gain":0.0,"cards_transformed":["RideBooker_Skill_1"],"event_name":"Transmorgrifier","player_choice":"Transformed","floor":14.0,"gold_loss":0.0,"damage_taken":0.0,"cards_obtained":["Blade_Beat"]},{"damage_healed":0.0,"max_hp_gain":0.0,"max_hp_loss":0.0,"gold_gain":0.0,"event_name":"Box For Yourself","player_choice":"Swap Relic","floor":37.0,"relics_lost":["testmod-TestBox"],"gold_loss":0.0,"damage_taken":0.0,"relics_obtained":["testmod-TestBox"]},{"damage_healed":0.0,"max_hp_gain":0.0,"max_hp_loss":0.0,"gold_gain":0.0,"event_name":"Lab","player_choice":"Got Potions","floor":48.0,"gold_loss":0.0,"damage_taken":0.0},{"damage_healed":0.0,"max_hp_gain":0.0,"max_hp_loss":0.0,"gold_gain":0.0,"event_name":"Transmorgrifier","player_choice":"Ignored","floor":73.0,"gold_loss":0.0,"damage_taken":0.0}],"is_beta":false,"boss_relics":[{"not_picked":["vexMod:NewClearReactor","StuffTheSpire:Kangaroo"],"picked":"vexMod:MysteryBossChallenge"},{"not_picked":["Replay:Rubber Ducky","ReplayTheSpireMod:TigerMarble"],"picked":"hubris:TenFootPole"},{"not_picked":["conspire:Dentures","vexMod:InvisibilityCloak"],"picked":"LugNut"},{"not_picked":["WizardHat","ZombieTooth"],"picked":"StuffTheSpire:DarkSteelAnvil"},{"not_picked":["testmod-KeyOfTheVoid","aspiration:FutureDiary"],"picked":"testmod-Prudence"},{"not_picked":["testmod-Recursion","ReplayTheSpireMod:DimensionalGlitch"],"picked":"Calling Bell"},{"not_picked":["hubris:Stopwatch","halation:ForbiddenBikini"],"picked":"SacredBark"}],"items_purged_floors":[28,28,28,28,28,64,64,64,64,64,64,64],"is_endless":true,"potions_floor_spawned":[9,12,20,25,29,32,36,42,45,46,63,67,71,74,75,78],"killed_by":"conspire:HollyBat","ascension_level":0}}