{"host":"s8k08j4eybfen9r6","time":1608520310,"event":{"mods":["Ascension Reborn","Aspiration","BaseMod","Better Altar","Better Match","Better Note","Better Sensory Stone","Better Skull","Better Third Choice","BetterRewards","Downfall","Hubris","Marisa????????","Minty Spire (QoL Compilation)","MostiFishMod","Rare Cards Sparkle","Reworked Bosses","Shade Mod","Shop Mod","Spicy Shops","StSLib","The Alterego","The Animator","The Cursed","The Necromancer","The Servant 0.9.4"],"gold_per_floor":[128,78,78,89,89,89,121,121,121],"floor_reached":8,"playtime":458,"items_purged":[],"score":46,"play_id":"0879b230-fc8e-45a8-8b8e-04ceedc99c53","local_time":"20201221131150","is_ascension_mode":true,"campfire_choices":[{"data":"animator:Berserker","floor":6,"key":"SMITH"}],"circlet_count":0,"master_deck":["animator:Strike_Konosuba","animator:Defend_Konosuba","animator:Strike","animator:Strike","animator:Strike","animator:Defend","animator:Defend","animator:Kazuma","animator:Aqua","animator:Berserker+1","animator:Alexander","animator:Megumin+1"],"relics":["animator:LivingPicture","animator:TheMissingPiece","DaveBox","animator:PurgingStone","NeowsBlessing","Question Card"],"acts_visited":["Exordium"],"potions_floor_usage":[8,8],"damage_taken":[{"damage":0,"enemies":"2 Louse","floor":1,"turns":2},{"damage":0,"enemies":"Small Slimes","floor":4,"turns":2},{"damage":0,"enemies":"Jaw Worm","floor":7,"turns":1},{"damage":81,"enemies":"Gremlin Nob","floor":8,"turns":6}],"seed_played":"2827015862165007897","potions_obtained":[{"floor":1,"key":"DuplicationPotion"},{"floor":7,"key":"Regen Potion"}],"is_trial":false,"path_per_floor":["M","?","?","M","$","R","M","E"],"character_chosen":"THE_ANIMATOR","items_purchased":[],"campfire_rested":0,"item_purchase_floors":[],"current_hp_per_floor":[66,66,66,67,67,67,67,0,0],"gold":121,"neow_bonus":"THREE_ENEMY_KILL","is_daily":false,"chose_seed":false,"campfire_upgraded":1,"win_rate":0.0,"timestamp":1608520310,"path_taken":["M","?","?","M","?","R","M","E"],"items_purchased_type":[],"build_version":"2020-12-13","purchased_purges":0,"victory":false,"max_hp_per_floor":[66,66,66,67,67,67,67,67,67],"card_choices":[{"not_picked":["animator:Scar","animator:Verdia"],"picked":"animator:Berserker","floor":1},{"not_picked":["animator:Chung","animator:LizardPriest","animator:Shalltear"],"picked":"animator:Alexander","floor":4},{"not_picked":["animator:YaoHaDucy","animator:Mitsurugi","animator:WinryRockbell"],"picked":"animator:Megumin","floor":7}],"player_experience":363256,"relics_obtained":[{"floor":1,"key":"Question Card"}],"event_choices":[{"cards_removed":["animator:Defend"],"damage_healed":0,"gold_gain":0,"player_choice":"Card Removal","damage_taken":0,"max_hp_gain":0,"max_hp_loss":0,"event_name":"The Cleric","floor":2,"gold_loss":50}],"is_beta":false,"boss_relics":[],"items_purged_floors":[],"is_endless":false,"potions_floor_spawned":[1,7],"killed_by":"Gremlin Nob","ascension_level":0}}