{"host":"bq4pt811tk9yrmjl","time":1608560666,"event":{"mods":["AchievementEnabler","BaseMod","Colored Map","Colored Powertips","Defuse TimeMaze Blight","Minty Spire (QoL Compilation)","StSLib","SuperFastMode","UnlockEverythingMod"],"gold_per_floor":[117,292,307,307,327,352,352,106,106,106,124,135,135,135,135,231,231,243,243,273,188,207,207,239,251,276,276,308,327,327,327,327,424,424,441,218,234,246,296,296,330,330,330,341,563,575,575,587,587,587,587],"floor_reached":50,"playtime":1008,"items_purged":["Normality"],"score":638,"play_id":"cb28c8f7-708e-415d-8742-f1abe63ceb57","local_time":"20201221122426","is_ascension_mode":true,"campfire_choices":[{"data":"Neutralize","floor":7,"key":"SMITH"},{"data":"Skewer","floor":10,"key":"SMITH"},{"data":"Bouncing Flask","floor":15,"key":"SMITH"},{"data":"Envenom","floor":23,"key":"SMITH"},{"data":"A Thousand Cuts","floor":27,"key":"SMITH"},{"data":"Infinite Blades","floor":32,"key":"SMITH"},{"floor":40,"key":"RECALL"},{"floor":42,"key":"REST"},{"floor":49,"key":"REST"}],"circlet_count":0,"master_deck":["Strike_G","Strike_G","Strike_G","Strike_G","Defend_G","Defend_G","Defend_G","Defend_G","Defend_G","Survivor","Neutralize+1","Skewer+1","Flying Knee","Backstab","Escape Plan","Blade Dance","Bouncing Flask+1","Envenom+1","Deflect","Finisher+1","Outmaneuver+1","Adrenaline","Slice","A Thousand Cuts+1","Infinite Blades+1","Writhe","Decay","Bullet Time","Concentrate","Clumsy","Escape Plan+1","Deflect+1"],"relics":["Ring of the Snake","NeowsBlessing","Ninja Scroll","Pantograph","Kunai","Cursed Key","Red Mask","Du-Vu Doll","Prayer Wheel","Regal Pillow","Paper Crane","Frozen Egg 2","MealTicket","Busted Crown","Vajra","Turnip","Sundial","Nunchaku"],"acts_visited":["Exordium","TheCity","TheBeyond"],"potions_floor_usage":[6,20,20,29],"damage_taken":[{"damage":0.0,"enemies":"Cultist","floor":1.0,"turns":1.0},{"damage":0.0,"enemies":"2 Louse","floor":3.0,"turns":1.0},{"damage":0.0,"enemies":"Jaw Worm","floor":5.0,"turns":1.0},{"damage":0,"enemies":"Gremlin Nob","floor":6,"turns":2},{"damage":0,"enemies":"Looter","floor":11,"turns":1},{"damage":0,"enemies":"Exordium Wildlife","floor":12,"turns":2},{"damage":31,"enemies":"The Guardian","floor":16,"turns":8},{"damage":0,"enemies":"3 Byrds","floor":18,"turns":4},{"damage":4,"enemies":"Masked Bandits","floor":20,"turns":4},{"damage":1,"enemies":"2 Thieves","floor":22,"turns":2},{"damage":3,"enemies":"Slavers","floor":24,"turns":6},{"damage":6,"enemies":"3 Cultists","floor":25,"turns":4},{"damage":0,"enemies":"Gremlin Leader","floor":28,"turns":3},{"damage":0,"enemies":"Centurion and Healer","floor":29,"turns":4},{"damage":63,"enemies":"Champ","floor":33,"turns":9},{"damage":3,"enemies":"Orb Walker","floor":35,"turns":2},{"damage":0,"enemies":"3 Darklings","floor":37,"turns":2},{"damage":37,"enemies":"Writhing Mass","floor":38,"turns":5},{"damage":0,"enemies":"Mind Bloom Boss Battle","floor":39,"turns":3},{"damage":35,"enemies":"Giant Head","floor":41,"turns":8},{"damage":2,"enemies":"Spire Growth","floor":44,"turns":3},{"damage":20,"enemies":"Sphere and 2 Shapes","floor":46,"turns":4},{"damage":23,"enemies":"Writhing Mass","floor":48,"turns":4},{"damage":1,"enemies":"Time Eater","floor":50,"turns":2}],"seed_played":"1151805167702604994","potions_obtained":[{"floor":3.0,"key":"FearPotion"},{"floor":11,"key":"SpeedPotion"},{"floor":12,"key":"FearPotion"},{"floor":16,"key":"SkillPotion"},{"floor":22,"key":"Ancient Potion"},{"floor":25,"key":"Dexterity Potion"},{"floor":29,"key":"Weak Potion"}],"is_trial":false,"path_per_floor":["M","?","M","?","M","E","R","$","T","R","M","M","T","?","R","B",null,"M","?","?","?","M","R","E","M","T","R","E","M","?","T","R","B",null,"M","$","M","M","?","R","E","R","T","M","?","M","?","M","R","B"],"character_chosen":"THE_SILENT","items_purchased":["Pantograph","Vajra"],"campfire_rested":2,"item_purchase_floors":[8,36],"current_hp_per_floor":[70,70,70,70,70,70,70,70,70,70,70,70,70,70,70,39,70,70,70,66,66,65,65,62,56,56,56,56,56,56,56,56,7,70,67,70,70,33,58,58,23,59,59,57,57,37,37,14,50,69,69],"gold":587,"neow_bonus":"THREE_ENEMY_KILL","is_daily":false,"chose_seed":false,"campfire_upgraded":6,"win_rate":0.0,"timestamp":1608560666,"path_taken":["M","?","M","?","?","E","R","$","T","R","M","?","?","?","R","BOSS","M","?","?","?","M","R","E","M","T","R","E","?","?","?","R","BOSS","M","$","M","M","?","R","E","R","T","M","?","M","?","M","R","BOSS"],"items_purchased_type":["Relic","Relic"],"build_version":"2020-12-13","purchased_purges":1,"victory":false,"max_hp_per_floor":[70,70,70,70,70,70,70,70,70,70,70,70,70,70,70,70,70,70,70,70,70,70,70,70,70,70,70,70,70,70,70,70,70,70,70,70,70,70,70,70,70,70,70,70,70,70,70,70,70,70,70],"card_choices":[{"not_picked":["Acrobatics","Dagger Spray"],"picked":"Skewer","floor":1.0},{"not_picked":["Acrobatics","Sucker Punch"],"picked":"Flying Knee","floor":3.0},{"not_picked":["Bane","Backflip"],"picked":"Backstab","floor":5.0},{"not_picked":["Catalyst","PiercingWail"],"picked":"Escape Plan","floor":6},{"not_picked":["Burst","Outmaneuver"],"picked":"Blade Dance","floor":11},{"not_picked":["Deadly Poison","Concentrate"],"picked":"Bouncing Flask","floor":12},{"not_picked":["Burst","Storm of Steel"],"picked":"Envenom","floor":16},{"not_picked":["Reflex","Underhanded Strike"],"picked":"Deflect","floor":18},{"not_picked":["Quick Slash","Dash"],"picked":"Finisher+1","floor":20},{"not_picked":["Distraction","Dodge and Roll"],"picked":"Outmaneuver+1","floor":22},{"not_picked":["Footwork","Endless Agony"],"picked":"Adrenaline","floor":24},{"not_picked":["Quick Slash","Underhanded Strike+1"],"picked":"Slice","floor":25},{"not_picked":["Dagger Spray","Backflip+1"],"picked":"A Thousand Cuts","floor":25},{"not_picked":["Prepared+1","Blade Dance"],"picked":"Infinite Blades","floor":28},{"not_picked":["Flying Knee","Bane","Backstab"],"picked":"SKIP","floor":29},{"not_picked":["Backflip","Distraction","Dagger Spray+1"],"picked":"SKIP","floor":29},{"not_picked":["Malaise","Die Die Die"],"picked":"Bullet Time","floor":33},{"not_picked":[],"picked":"Concentrate","floor":35},{"not_picked":["Sucker Punch+1"],"picked":"SKIP","floor":35},{"not_picked":["Bane"],"picked":"SKIP","floor":37},{"not_picked":["Blur"],"picked":"SKIP","floor":37},{"not_picked":["Slice+1"],"picked":"SKIP","floor":38},{"not_picked":["Choke"],"picked":"SKIP","floor":38},{"not_picked":["Eviscerate"],"picked":"SKIP","floor":41},{"not_picked":["Dodge and Roll"],"picked":"SKIP","floor":44},{"not_picked":["Finisher+1"],"picked":"SKIP","floor":44},{"not_picked":[],"picked":"Escape Plan+1","floor":46},{"not_picked":["All Out Attack+1"],"picked":"SKIP","floor":46},{"not_picked":[],"picked":"Deflect+1","floor":48},{"not_picked":["Flying Knee"],"picked":"SKIP","floor":48}],"player_experience":91111,"relics_obtained":[{"floor":6,"key":"Ninja Scroll"},{"floor":13,"key":"Kunai"},{"floor":20,"key":"Red Mask"},{"floor":24,"key":"Prayer Wheel"},{"floor":26,"key":"Regal Pillow"},{"floor":28,"key":"Paper Crane"},{"floor":31,"key":"MealTicket"},{"floor":39,"key":"Turnip"},{"floor":41,"key":"Sundial"},{"floor":43,"key":"Nunchaku"}],"event_choices":[{"damage_healed":0.0,"max_hp_gain":0.0,"max_hp_loss":0.0,"gold_gain":175.0,"event_name":"Liars Game","player_choice":"AGREE","floor":2.0,"gold_loss":0.0,"damage_taken":0.0,"cards_obtained":["Doubt"]},{"cards_removed":["Doubt"],"damage_healed":0.0,"max_hp_gain":0.0,"max_hp_loss":0.0,"gold_gain":0.0,"event_name":"Purifier","player_choice":"Purged","floor":4.0,"gold_loss":0.0,"damage_taken":0.0},{"damage_healed":0,"gold_gain":0,"player_choice":"Leave","damage_taken":0,"max_hp_gain":0,"max_hp_loss":0,"event_name":"The Cleric","floor":14,"gold_loss":0},{"damage_healed":0,"gold_gain":0,"player_choice":"Ignored","damage_taken":0,"max_hp_gain":0,"max_hp_loss":0,"event_name":"Vampires","floor":19,"gold_loss":0},{"damage_healed":0,"gold_gain":0,"player_choice":"Fought Bandits","damage_taken":0,"max_hp_gain":0,"max_hp_loss":0,"event_name":"Masked Bandits","floor":20,"gold_loss":0},{"damage_healed":0,"gold_gain":0,"player_choice":"Obtained Relic","damage_taken":0,"relics_obtained":["Du-Vu Doll"],"max_hp_gain":0,"max_hp_loss":0,"event_name":"Addict","floor":21,"gold_loss":85},{"damage_healed":0,"gold_gain":0,"player_choice":"Opened","damage_taken":0,"relics_obtained":["Frozen Egg 2"],"max_hp_gain":0,"max_hp_loss":0,"event_name":"The Mausoleum","floor":30,"gold_loss":0,"cards_obtained":["Writhe"]},{"damage_healed":0,"gold_gain":0,"player_choice":"Fight","damage_taken":0,"max_hp_gain":0,"max_hp_loss":0,"event_name":"MindBloom","floor":39,"gold_loss":0},{"damage_healed":0,"gold_gain":222,"player_choice":"Wore Mask","damage_taken":0,"max_hp_gain":0,"max_hp_loss":0,"event_name":"Tomb of Lord Red Mask","floor":45,"gold_loss":0},{"cards_removed":["Strike_G"],"damage_healed":0,"gold_gain":0,"player_choice":"Removed Attack","damage_taken":0,"max_hp_gain":0,"max_hp_loss":0,"event_name":"Falling","floor":47,"gold_loss":0}],"is_beta":false,"boss_relics":[{"not_picked":["Runic Pyramid","Ectoplasm"],"picked":"Cursed Key"},{"not_picked":["HoveringKite","Runic Dome"],"picked":"Busted Crown"}],"items_purged_floors":[36],"is_endless":false,"potions_floor_spawned":[3,11,12,16,22,25,29,33,38,41],"killed_by":"Time Eater","ascension_level":1}}