{"host":"l8lkgdumzpe3823a","time":1608527448,"event":{"mods":["Aspiration","BaseMod","Better Note","Colored Powertips","Curses Come First","Custom Start","DeckTracker","Defuse TimeMaze Blight","Highlight Path","Hubris","Infinite Spire","Minty Spire (QoL Compilation)","Quick Restart","Replay The Spire","Shop Mod","StSLib","SuperFastMode","The Construct","The Dragon Tamer","vexMod"],"gold_per_floor":[118,138,156,331,187,187,218,118,118,190,204,204,219,229,229,327,327,339,13,26,26,40,40,40,52,133,133,147,73,102,118,118,317,317,332,332,344,344,368,401,401,401,401,412,412,431,431,449,449,449],"floor_reached":51,"playtime":3252,"items_purged":["Doubt","Strike_B","Dualcast","Strike_B","Sickly"],"score":724,"play_id":"4481ae42-1618-4214-8127-7775f290b910","local_time":"20201220231048","is_ascension_mode":false,"campfire_choices":[{"data":"Genetic Algorithm","floor":6,"key":"SMITH"},{"floor":12,"key":"REST"},{"data":"FIFO Queue","floor":15,"key":"SMITH"},{"data":"Defragment","floor":23,"key":"SMITH"},{"data":"Zap","floor":27,"key":"SMITH"},{"data":"Hello World","floor":32,"key":"SMITH"},{"floor":41,"key":"REST"},{"data":"Blizzard","floor":47,"key":"SMITH"},{"data":"Defend_B","floor":49,"key":"SMITH"}],"circlet_count":0,"master_deck":["Strike_B","Strike_B","Defend_B+1","Defend_B+1","Defend_B","Defend_B","Zap+1","Defragment+1","Genetic Algorithm+1","Conserve Battery","FIFO Queue+1","Cold Snap","CurseOfTheBell","Ball Lightning","ReplayTheSpireMod:GoodbyeWorld+1","White Noise+1","Hello World+1","Coolheaded+1","Hello World+1","Core Surge+1","FTL+1","Blizzard+1","Parasite","Hologram+1"],"relics":["Cracked Core","Anchor","hubris:PeanutButter","Bottled Lightning","Prayer Wheel","Calling Bell","vexMod:MemoryStick","infinitespire:Eraser","Incense Burner","infinitespire:Satchel","Toolbox","infinitespire:PuzzleCube","hubris:MobiusCoin","Pondfish Scales","Replay:Grab Bag","Sozu","hubris:TerracottaHorce","vexMod:ImprovementManual","aspiration:Stellarator","ReplayTheSpireMod:Ring of Exchange","construct:RocketBooster","Akabeko","Replay:Mystery Machine","hubris:TinFlute"],"acts_visited":["Exordium","TheCity","TheBeyond"],"potions_floor_usage":[13,13,16,30,31,48],"damage_taken":[{"damage":0,"enemies":"Cultist","floor":1,"turns":4},{"damage":6,"enemies":"Jaw Worm","floor":2,"turns":4},{"damage":3,"enemies":"Small Slimes","floor":3,"turns":3},{"damage":36,"enemies":"Gremlin Nob","floor":7,"turns":5},{"damage":13,"enemies":"Exordium Wildlife","floor":11,"turns":6},{"damage":5,"enemies":"Exordium Thugs","floor":13,"turns":7},{"damage":0,"enemies":"Blue Slaver","floor":14,"turns":5},{"damage":27,"enemies":"The Guardian","floor":16,"turns":16},{"damage":12,"enemies":"Chosen","floor":18,"turns":9},{"damage":2,"enemies":"Spheric Guardian","floor":20,"turns":6},{"damage":0,"enemies":"Centurion and Healer","floor":22,"turns":7},{"damage":8,"enemies":"Cultist and Chosen","floor":25,"turns":6},{"damage":1,"enemies":"Shelled Parasite and Fungi","floor":28,"turns":6},{"damage":1,"enemies":"Book of Stabbing","floor":30,"turns":10},{"damage":0,"enemies":"Snake Plant","floor":31,"turns":4},{"damage":19,"enemies":"hubris:MusketHawk","floor":33,"turns":9},{"damage":0,"enemies":"Orb Walker","floor":35,"turns":4},{"damage":17,"enemies":"3 Shapes","floor":37,"turns":8},{"damage":30,"enemies":"Giant Head","floor":40,"turns":13},{"damage":0,"enemies":"Writhing Mass","floor":44,"turns":8},{"damage":0,"enemies":"Maw","floor":46,"turns":10},{"damage":1,"enemies":"Spire Growth","floor":48,"turns":7},{"damage":13,"enemies":"infinitespire:MassOfShapes","floor":50,"turns":22}],"seed_played":"7343714440657323798","potions_obtained":[{"floor":3,"key":"Explosive Potion"},{"floor":11,"key":"SkillPotion"},{"floor":13,"key":"Milkshake"},{"floor":14,"key":"GamblersBrew"},{"floor":25,"key":"Languid Potion"},{"floor":28,"key":"Languid Potion"},{"floor":33,"key":"Regen Potion"}],"is_trial":false,"path_per_floor":["M","M","M","?","$","R","E","$","T","T","M","R","M","M","R","B",null,"M","$","M","AVR","M","R","?","M","T","R","M","$","E","M","R","B",null,"M","?","M","AVR","T","E","R","?","T","M","?","M","R","M","R","B",null],"character_chosen":"DEFECT","items_purchased":["Genetic Algorithm","infinitespire:Satchel","Ball Lightning","Hello World"],"campfire_rested":2,"item_purchase_floors":[5,19,19,29],"current_hp_per_floor":[75,69,66,66,66,66,30,30,30,30,17,39,34,34,34,7,75,63,63,61,61,61,61,61,53,53,53,52,52,51,51,51,32,64,64,64,47,47,47,17,39,39,39,39,39,39,39,50,50,37],"gold":449,"neow_bonus":"RANDOM_EVENT","is_daily":false,"chose_seed":false,"campfire_upgraded":7,"win_rate":0.0,"timestamp":1608527448,"path_taken":["M","?","M","?","$","R","E","$","T","?","?","R","M","M","R","BOSS","M","$","M","AVR","M","R","?","M","T","R","M","$","E","?","R","BOSS","M","?","M","AVR","?","E","R","?","T","M","?","M","R","M","R","BOSS"],"items_purchased_type":["Card","Relic","Card","Card"],"build_version":"2020-12-13","purchased_purges":5,"victory":true,"max_hp_per_floor":[75,75,75,75,75,75,75,75,75,75,75,75,75,75,75,75,75,75,75,75,75,75,75,75,75,75,75,75,75,75,75,75,75,75,75,75,75,75,75,75,75,75,75,75,71,71,71,71,71,71],"card_choices":[{"not_picked":["BasicCrystalCard","Stack","Auto Shields"],"picked":"SKIP","floor":1},{"not_picked":["Redo","Streamline","Sweeping Beam"],"picked":"SKIP","floor":2},{"not_picked":["hubris:Ukulele","Conserve Battery","Redo"],"picked":"SKIP","floor":3},{"not_picked":["Stack","Steam"],"picked":"ReplayTheSpireMod:Fabricate Wheel","floor":7},{"not_picked":["ReplayGash","Turbo","Compile Driver"],"picked":"SKIP","floor":11},{"not_picked":["Force Field","Turbo","hubris:DoWhile"],"picked":"SKIP","floor":11},{"not_picked":["Hologram","ReplayTheSpireMod:Reroute Power"],"picked":"Conserve Battery","floor":13},{"not_picked":["Melter","Hologram"],"picked":"FIFO Queue","floor":13},{"not_picked":["Streamline","Gash"],"picked":"Cold Snap","floor":14},{"not_picked":["Gash","Aggregate","Turbo"],"picked":"SKIP","floor":14},{"not_picked":["ReplayTheSpireMod:Fabricate Wheel","Turbo+1","Beam Cell"],"picked":"SKIP","floor":18},{"not_picked":["Stack","Steam Power","Leap"],"picked":"SKIP","floor":18},{"not_picked":["Turbo+1","BasicCrystalCard","Panic Button"],"picked":"SKIP","floor":20},{"not_picked":["Gash","Redo","Go for the Eyes"],"picked":"SKIP","floor":20},{"not_picked":["Melter+1","Coolheaded"],"picked":"ReplayTheSpireMod:GoodbyeWorld","floor":22},{"not_picked":["Melter","Conserve Battery","Recycle"],"picked":"SKIP","floor":22},{"not_picked":["Melter","Conserve Battery","Recycle"],"picked":"SKIP","floor":22},{"not_picked":["Leap","FIFO Queue+1","Streamline"],"picked":"SKIP","floor":25},{"not_picked":["Sweeping Beam","Turbo","Crystallizer"],"picked":"SKIP","floor":25},{"not_picked":["Panic Button+1","Coolheaded+1"],"picked":"White Noise","floor":28},{"not_picked":["hubris:Prefetch","Go for the Eyes+1","Gash"],"picked":"SKIP","floor":28},{"not_picked":["Panic Button","Sunder","Recycle"],"picked":"SKIP","floor":30},{"not_picked":["hubris:Ukulele","Fusion"],"picked":"Coolheaded","floor":31},{"not_picked":["Aggregate+1","Steam"],"picked":"Hello World","floor":31},{"not_picked":["hubris:SpecializedCircuitry","Electrodynamics"],"picked":"Core Surge","floor":33},{"not_picked":["Undo+1","Double Energy+1","Heatsinks+1"],"picked":"SKIP","floor":35},{"not_picked":["Aggregate+1","Panic Button+1","Turbo"],"picked":"SKIP","floor":35},{"not_picked":["Panic Button+1","Auto Shields","Cold Snap+1"],"picked":"SKIP","floor":37},{"not_picked":["Barrage+1","Streamline+1","Leap+1"],"picked":"SKIP","floor":37},{"not_picked":["Auto Shields+1","hubris:Ukulele+1"],"picked":"FTL+1","floor":40},{"not_picked":["Aggregate+1","Skim+1","Turbo+1"],"picked":"SKIP","floor":44},{"not_picked":["Undo+1","Fusion+1","Darkness+1"],"picked":"SKIP","floor":44},{"not_picked":["Sweeping Beam+1","Rebound","Ball Lightning"],"picked":"SKIP","floor":46},{"not_picked":["Tempest+1","Machine Learning","Panic Button+1"],"picked":"SKIP","floor":46},{"not_picked":["Redo","Rebound"],"picked":"Hologram+1","floor":48},{"not_picked":["Steam","Rip and Tear+1","Stack"],"picked":"SKIP","floor":48}],"player_experience":577121,"relics_obtained":[{"floor":7,"key":"Anchor"},{"floor":9,"key":"hubris:PeanutButter"},{"floor":10,"key":"Bottled Lightning"},{"floor":17,"key":"vexMod:MemoryStick"},{"floor":17,"key":"infinitespire:Eraser"},{"floor":17,"key":"Incense Burner"},{"floor":26,"key":"hubris:MobiusCoin"},{"floor":30,"key":"Pondfish Scales"},{"floor":36,"key":"ReplayTheSpireMod:Ring of Exchange"},{"floor":39,"key":"Akabeko"},{"floor":40,"key":"Replay:Mystery Machine"},{"floor":43,"key":"hubris:TinFlute"}],"event_choices":[{"damage_healed":0,"gold_gain":175,"player_choice":"AGREE","damage_taken":0,"max_hp_gain":0,"max_hp_loss":0,"event_name":"Liars Game","floor":4,"gold_loss":0,"cards_obtained":["Doubt"]},{"damage_healed":0,"gold_gain":0,"player_choice":"Gave Potion","damage_taken":0,"relics_obtained":["infinitespire:PuzzleCube"],"max_hp_gain":0,"max_hp_loss":0,"event_name":"WeMeetAgain","floor":24,"gold_loss":0},{"damage_healed":0,"gold_gain":0,"player_choice":"Max HP","damage_taken":0,"max_hp_gain":0,"max_hp_loss":4,"event_name":"Winding Halls","floor":45,"gold_loss":0}],"is_beta":false,"boss_relics":[{"not_picked":["ChewingGum","SacredBark"],"picked":"Calling Bell"},{"not_picked":["Painkiller Herb","aspiration:PoetsPen_weak"],"picked":"Replay:Grab Bag"},{"not_picked":["Runic Dome","hubris:VirtuousBlindfold"],"picked":"Sozu"},{"not_picked":["Velvet Choker","Replay:Wanted Poster"],"picked":"hubris:TerracottaHorce"},{"not_picked":["hubris:HollowSoul","Snecko Heart"],"picked":"vexMod:ImprovementManual"},{"not_picked":["Kintsugi","hubris:ScarierMask"],"picked":"aspiration:Stellarator"}],"items_purged_floors":[5,8,19,21,38],"is_endless":false,"potions_floor_spawned":[3,11,13,14,25,28,33,37,40,44,46],"ascension_level":0}}