{"host":"fne7yx97fnz7kq05","time":1608592853,"event":{"mods":["BaseMod","Colored Map","Colored Powertips","Highlight Path","Minty Spire (QoL Compilation)","Relic Stats"],"gold_per_floor":[117,67,67,67,85,85,128,128,180,205,239,263,263,286,286,410,410,430,430,9,9,32,32,57,57,82,82,115,115,136,167,167,292,292,310,373,373,373,373,414,414,450,450,50,50,90,108,123,123,123,123,123,0,39,39,39],"floor_reached":55,"playtime":2355,"items_purged":["Strike_G","Strike_G"],"score":1059,"play_id":"5b777d4d-219b-4110-82f6-83698a99b02b","local_time":"20201221172053","is_ascension_mode":true,"campfire_choices":[{"data":"Dagger Spray","floor":6.0,"key":"SMITH"},{"data":"Poisoned Stab","floor":8.0,"key":"SMITH"},{"data":"Envenom","floor":13.0,"key":"SMITH"},{"data":"Terror","floor":15.0,"key":"SMITH"},{"data":"Wraith Form v2","floor":23.0,"key":"SMITH"},{"floor":27.0,"key":"REST"},{"data":"Catalyst","floor":29.0,"key":"SMITH"},{"floor":32.0,"key":"REST"},{"floor":41.0,"key":"REST"},{"floor":45.0,"key":"RECALL"},{"floor":49.0,"key":"REST"},{"data":"Night Terror","floor":52.0,"key":"SMITH"}],"circlet_count":0,"master_deck":["Defend_G","Defend_G","Defend_G","Defend_G+1","Defend_G","Survivor","Neutralize","Poisoned Stab+1","Endless Agony","Dagger Spray+1","Catalyst","Terror+1","Envenom+1","Wraith Form v2+1","Catalyst+1","Bouncing Flask","Footwork","Leg Sweep+1","Cloak And Dagger+1","Noxious Fumes","Bouncing Flask+1","After Image","Catalyst+1","Night Terror+1","Acrobatics+1","PiercingWail","Footwork","Well Laid Plans"],"relics":["Ring of the Snake","NeowsBlessing","Golden Idol","Paper Crane","Tiny Chest","Lantern","Runic Dome","Juzu Bracelet","Nilry\u0027s Codex","War Paint","Snake Skull","PreservedInsect","Cursed Key","TungstenRod","Dream Catcher","Bag of Marbles","Toy Ornithopter","Nunchaku","Anchor","Centennial Puzzle"],"acts_visited":["Exordium","TheCity","TheBeyond","TheEnding"],"potions_floor_usage":[54,55,55,55],"damage_taken":[{"damage":0.0,"enemies":"2 Louse","floor":1.0,"turns":1.0},{"damage":0.0,"enemies":"Small Slimes","floor":5.0,"turns":1.0},{"damage":0.0,"enemies":"Lagavulin","floor":7.0,"turns":1.0},{"damage":1.0,"enemies":"Cultist","floor":10.0,"turns":3.0},{"damage":4.0,"enemies":"Gremlin Nob","floor":11.0,"turns":3.0},{"damage":0.0,"enemies":"Blue Slaver","floor":12.0,"turns":3.0},{"damage":3.0,"enemies":"Large Slime","floor":14.0,"turns":5.0},{"damage":12.0,"enemies":"Hexaghost","floor":16.0,"turns":8.0},{"damage":8.0,"enemies":"Chosen","floor":18.0,"turns":6.0},{"damage":14.0,"enemies":"2 Thieves","floor":24.0,"turns":4.0},{"damage":4.0,"enemies":"Gremlin Leader","floor":28.0,"turns":7.0},{"damage":0.0,"enemies":"3 Cultists","floor":30.0,"turns":4.0},{"damage":4.0,"enemies":"Book of Stabbing","floor":31.0,"turns":4.0},{"damage":27.0,"enemies":"Collector","floor":33.0,"turns":5.0},{"damage":5.0,"enemies":"3 Shapes","floor":35.0,"turns":5.0},{"damage":0.0,"enemies":"Mind Bloom Boss Battle","floor":36.0,"turns":3.0},{"damage":29.0,"enemies":"Reptomancer","floor":40.0,"turns":6.0},{"damage":0.0,"enemies":"Giant Head","floor":42.0,"turns":4.0},{"damage":0.0,"enemies":"Reptomancer","floor":46.0,"turns":3.0},{"damage":0.0,"enemies":"Orb Walker","floor":47.0,"turns":2.0},{"damage":8.0,"enemies":"4 Shapes","floor":48.0,"turns":6.0},{"damage":58.0,"enemies":"Awakened One","floor":50.0,"turns":11.0},{"damage":5,"enemies":"Shield and Spear","floor":54,"turns":3},{"damage":82,"enemies":"The Heart","floor":55,"turns":5}],"seed_played":"4272161504049632495","potions_obtained":[{"floor":10.0,"key":"Swift Potion"},{"floor":11.0,"key":"SpeedPotion"},{"floor":12.0,"key":"Energy Potion"},{"floor":28.0,"key":"LiquidMemories"},{"floor":33.0,"key":"GamblersBrew"},{"floor":47.0,"key":"Regen Potion"},{"floor":48.0,"key":"SteroidPotion"},{"floor":54,"key":"Dexterity Potion"}],"is_trial":false,"path_per_floor":["M","?","?","?","M","R","E","R","T","M","E","M","R","M","R","B",null,"M","?","$","?","T","R","M","$","T","R","E","R","M","E","R","B",null,"M","?","?","T","?","E","R","E","T","$","R","E","M","M","R","B",null,"R","$","E","B"],"character_chosen":"THE_SILENT","items_purchased":["Bouncing Flask","Footwork","Juzu Bracelet","Explosive Potion","Toy Ornithopter","Nunchaku","Footwork","Poison Potion"],"campfire_rested":4,"item_purchase_floors":[20,20,20,20,44,44,53,53],"current_hp_per_floor":[70,70,53,53,53,53,53,53,53,52,48,48,48,45,45,33,61,53,53,53,37,37,37,23,23,23,44,40,40,40,36,57,30,60,55,55,55,55,55,26,45,45,45,45,45,55,55,47,66,25,56,56,56,56,0,0],"gold":39,"neow_bonus":"THREE_ENEMY_KILL","is_daily":false,"chose_seed":false,"campfire_upgraded":7,"win_rate":0.0,"timestamp":1608592853,"path_taken":["M","?","?","?","M","R","E","R","T","?","E","M","R","M","R","BOSS","M","?","$","?","?","R","M","?","T","R","E","R","M","E","R","BOSS","M","?","?","?","?","E","R","E","T","$","R","E","M","M","R","BOSS","R","$","E","BOSS"],"items_purchased_type":["Card","Card","Relic","Potion","Relic","Relic","Card","Potion"],"build_version":"2020-12-13","purchased_purges":2,"victory":false,"max_hp_per_floor":[70,70,70,70,70,70,70,70,70,70,70,70,70,70,70,70,70,70,70,70,70,70,70,70,70,70,70,70,70,70,70,70,70,70,70,70,66,66,66,66,66,66,66,66,66,66,66,66,66,66,66,66,66,66,66,66],"relic_stats":{"counters":[24,103],"Golden Idol":191,"Snake Skull":[241],"PreservedInsect":307,"Juzu Bracelet":0,"War Paint":["Defend_G","Leg Sweep"],"Cursed Key":0,"Dream Catcher":2,"Nunchaku":[4],"Centennial Puzzle":[3],"Tiny Chest":2,"obtain_stats":[{"Lantern":11,"NeowsBlessing":0,"Golden Idol":3,"Nilry\u0027s Codex":21,"Snake Skull":28,"PreservedInsect":31,"Juzu Bracelet":20,"Paper Crane":7,"War Paint":26,"Cursed Key":34,"Runic Dome":17,"Dream Catcher":40,"Nunchaku":44,"Anchor":46,"Centennial Puzzle":54,"Tiny Chest":9,"Bag of Marbles":42,"TungstenRod":36,"Toy Ornithopter":44,"Ring of the Snake":0},{"Lantern":5,"NeowsBlessing":0,"Golden Idol":1,"Nilry\u0027s Codex":9,"Snake Skull":11,"PreservedInsect":13,"Juzu Bracelet":9,"Paper Crane":3,"War Paint":10,"Cursed Key":14,"Runic Dome":8,"Dream Catcher":17,"Nunchaku":18,"Anchor":19,"Centennial Puzzle":23,"Tiny Chest":3,"Bag of Marbles":18,"TungstenRod":16,"Toy Ornithopter":18,"Ring of the Snake":0},{"Lantern":9,"NeowsBlessing":0,"Golden Idol":1,"Nilry\u0027s Codex":31,"Snake Skull":42,"PreservedInsect":50,"Juzu Bracelet":31,"Paper Crane":3,"War Paint":35,"Cursed Key":55,"Runic Dome":25,"Dream Catcher":69,"Nunchaku":73,"Anchor":76,"Centennial Puzzle":98,"Tiny Chest":3,"Bag of Marbles":73,"TungstenRod":63,"Toy Ornithopter":73,"Ring of the Snake":0}],"TungstenRod":28,"Toy Ornithopter":35,"Ring of the Snake":[52]},"card_choices":[{"not_picked":["Cloak And Dagger","Slice"],"picked":"Poisoned Stab","floor":1.0},{"not_picked":["Heel Hook","All Out Attack"],"picked":"Dagger Spray","floor":5.0},{"not_picked":["Blade Dance","Dagger Spray"],"picked":"Catalyst","floor":7.0},{"not_picked":["Sucker Punch","Slice"],"picked":"Terror","floor":10.0},{"not_picked":["Flechettes","Bane"],"picked":"Envenom","floor":11.0},{"not_picked":["Flying Knee","Slice","Terror"],"picked":"SKIP","floor":12.0},{"not_picked":["Underhanded Strike","Outmaneuver","Expertise"],"picked":"SKIP","floor":14.0},{"not_picked":["Phantasmal Killer","Night Terror"],"picked":"Wraith Form v2","floor":16.0},{"not_picked":["Setup","Terror"],"picked":"Catalyst","floor":18.0},{"not_picked":["Quick Slash","Crippling Poison"],"picked":"Leg Sweep","floor":24.0},{"not_picked":["Blade Dance","Infinite Blades"],"picked":"Cloak And Dagger+1","floor":28.0},{"not_picked":["Accuracy","Sucker Punch"],"picked":"Noxious Fumes","floor":30.0},{"not_picked":["Calculated Gamble","Quick Slash"],"picked":"Bouncing Flask+1","floor":31.0},{"not_picked":["A Thousand Cuts","Storm of Steel"],"picked":"After Image","floor":33.0},{"not_picked":["Bane","Expertise+1","Outmaneuver"],"picked":"SKIP","floor":35.0},{"not_picked":["Dodge and Roll","Slice+1"],"picked":"Catalyst+1","floor":36.0},{"not_picked":["Dagger Throw","Expertise+1","Accuracy"],"picked":"SKIP","floor":40.0},{"not_picked":["Backstab+1","Masterful Stab+1","Distraction"],"picked":"SKIP","floor":42.0},{"not_picked":["Slice","All Out Attack"],"picked":"Night Terror","floor":46.0},{"not_picked":["Poisoned Stab+1","Flechettes+1"],"picked":"Acrobatics+1","floor":47.0},{"not_picked":["Concentrate+1","Sucker Punch","Flying Knee+1"],"picked":"SKIP","floor":48.0},{"not_picked":["Tactician+1","Dash+1"],"picked":"PiercingWail","floor":49.0},{"not_picked":["Acrobatics+1","Crippling Poison"],"picked":"Well Laid Plans","floor":54}],"player_experience":139455,"relics_obtained":[{"floor":7.0,"key":"Paper Crane"},{"floor":9.0,"key":"Tiny Chest"},{"floor":11.0,"key":"Lantern"},{"floor":21.0,"key":"Nilry\u0027s Codex"},{"floor":26.0,"key":"War Paint"},{"floor":28.0,"key":"Snake Skull"},{"floor":31.0,"key":"PreservedInsect"},{"floor":36.0,"key":"TungstenRod"},{"floor":40.0,"key":"Dream Catcher"},{"floor":42.0,"key":"Bag of Marbles"},{"floor":46.0,"key":"Anchor"},{"floor":54,"key":"Centennial Puzzle"}],"event_choices":[{"cards_removed":["Strike_G"],"damage_healed":0.0,"max_hp_gain":0.0,"max_hp_loss":0.0,"gold_gain":0.0,"event_name":"The Cleric","player_choice":"Card Removal","floor":2.0,"gold_loss":50.0,"damage_taken":0.0},{"damage_healed":0.0,"max_hp_gain":0.0,"max_hp_loss":0.0,"gold_gain":0.0,"event_name":"Golden Idol","player_choice":"Take Damage","floor":3.0,"gold_loss":0.0,"damage_taken":17.0,"relics_obtained":["Golden Idol"]},{"damage_healed":0.0,"max_hp_gain":0.0,"max_hp_loss":0.0,"gold_gain":0.0,"cards_transformed":["Strike_G"],"event_name":"Transmorgrifier","player_choice":"Transformed","floor":4.0,"gold_loss":0.0,"damage_taken":0.0,"cards_obtained":["Endless Agony"]},{"damage_healed":0.0,"max_hp_gain":0.0,"max_hp_loss":0.0,"gold_gain":0.0,"event_name":"Vampires","player_choice":"Ignored","floor":19.0,"gold_loss":0.0,"damage_taken":0.0},{"damage_healed":0.0,"max_hp_gain":0.0,"max_hp_loss":0.0,"gold_gain":0.0,"event_name":"Cursed Tome","player_choice":"Obtained Book","floor":21.0,"gold_loss":0.0,"damage_taken":16.0},{"damage_healed":0.0,"max_hp_gain":0.0,"max_hp_loss":0.0,"gold_gain":0.0,"event_name":"MindBloom","player_choice":"Fight","floor":36.0,"gold_loss":0.0,"damage_taken":0.0},{"damage_healed":0.0,"max_hp_gain":0.0,"max_hp_loss":4.0,"gold_gain":0.0,"event_name":"Winding Halls","player_choice":"Max HP","floor":37.0,"gold_loss":0.0,"damage_taken":0.0},{"cards_removed":["Strike_G"],"damage_healed":0.0,"max_hp_gain":0.0,"max_hp_loss":0.0,"gold_gain":0.0,"event_name":"Falling","player_choice":"Removed Attack","floor":39.0,"gold_loss":0.0,"damage_taken":0.0}],"is_beta":false,"boss_relics":[{"not_picked":["SlaversCollar","WristBlade"],"picked":"Runic Dome"},{"not_picked":["Calling Bell","Philosopher\u0027s Stone"],"picked":"Cursed Key"}],"items_purged_floors":[20,44],"is_endless":false,"potions_floor_spawned":[10,11,12,14,24,28,33,40,42,47,48,54],"killed_by":"The Heart","ascension_level":5}}