{"host":"fxgsgr3e13htip8z","time":1608581110,"event":{"mods":["Aspiration","BaseMod","Dota2Spire","Hubris","Hyrulean Relics","Minty Spire (QoL Compilation)","Replay The Spire","Robot Space Explorer","StSLib","The Dragon Tamer","Trackpad","Wandering Minibosses","vexMod"],"gold_per_floor":[112,112,131,149,149,149,149,149],"floor_reached":6,"playtime":479,"items_purged":["DTMod:Strike"],"score":36,"play_id":"71be0636-4ff4-4985-ba41-3d722fee07e5","local_time":"20201221140510","is_ascension_mode":false,"metric_token":851,"campfire_choices":[],"dtmod_dragon_data":[47,50,-1,-1,0,0],"circlet_count":0,"master_deck":["DTMod:Strike","DTMod:Strike","DTMod:Strike","DTMod:DoubleHit","DTMod:TargetDefense","DTMod:TargetDefense","DTMod:TargetDefense","DTMod:TargetDefense","DTMod:SwitchingTactic","DTMod:CalculatedDefense","DTMod:CleansingStrike","DTMod:MagicField"],"relics":["DTMod:PactStone","Dota2Spire:ArmletOfMordiggian","hubris:EvacipatedBox"],"acts_visited":["Exordium"],"potions_floor_usage":[],"damage_taken":[{"damage":0,"enemies":"Jaw Worm","floor":1,"turns":3},{"damage":0,"enemies":"Cultist","floor":3,"turns":4},{"damage":0,"enemies":"2 Louse","floor":4,"turns":3},{"damage":49,"enemies":"Gremlin Nob","floor":6,"turns":5}],"seed_played":"-7508528273717051556","potions_obtained":[{"floor":1,"key":"FearPotion"}],"is_trial":false,"path_per_floor":["M","?","M","M","$","E"],"character_chosen":"THE_DT","items_purchased":["hubris:EvacipatedBox"],"campfire_rested":0,"item_purchase_floors":[5],"current_hp_per_floor":[49,49,49,49,25,0,0,0],"gold":149,"neow_bonus":"TEN_PERCENT_HP_BONUS","is_daily":false,"chose_seed":false,"campfire_upgraded":0,"win_rate":0.0,"timestamp":1608581110,"path_taken":["M","?","M","M","?","E"],"items_purchased_type":["Relic"],"build_version":"2020-12-13","purchased_purges":1,"victory":false,"max_hp_per_floor":[49,49,49,49,49,49,49,49],"card_choices":[{"not_picked":["DTMod:Threaten","DTMod:Training"],"picked":"DTMod:CalculatedDefense","floor":1},{"not_picked":["DTMod:BurningEnergy","DTMod:QuickFly"],"picked":"DTMod:CleansingStrike","floor":3},{"not_picked":["DTMod:Training","DTMod:RecklessFlurry"],"picked":"DTMod:MagicField","floor":4}],"player_experience":1478038,"relics_obtained":[],"event_choices":[{"damage_healed":0,"gold_gain":0,"player_choice":"Gave Potion","damage_taken":0,"relics_obtained":["Dota2Spire:ArmletOfMordiggian"],"max_hp_gain":0,"max_hp_loss":0,"event_name":"WeMeetAgain","floor":2,"gold_loss":0}],"is_beta":false,"boss_relics":[],"items_purged_floors":[5],"is_endless":false,"potions_floor_spawned":[1],"killed_by":"Gremlin Nob","ascension_level":0}}