{"host":"egyxg9lnjq7g2hmw","time":1608509708,"event":{"mods":["AchievementEnabler","BaseMod","Block Reminder","Colored Map","Colored Powertips","Highlight Path","Minty Spire (QoL Compilation)","Rare Cards Sparkle","StSLib"],"gold_per_floor":[112,37,37,54,0,0,30,30,30,62,87,87,101,134,134,212,212,227,108,119,133,153,153,184,184,184,74,87,115,64,44,44,116,116,126,137,155,181,195,195,228,35,35,35,35,35,70,70,70,70,70,70],"floor_reached":51,"playtime":3646,"items_purged":["Strike_G","Strike_G"],"score":1518,"play_id":"a3ccefa1-d74b-4478-9325-7f12ecfe790a","local_time":"20201220161508","is_ascension_mode":true,"campfire_choices":[{"data":"Neutralize","floor":6.0,"key":"SMITH"},{"floor":8.0,"key":"REST"},{"floor":12.0,"key":"REST"},{"floor":15.0,"key":"REST"},{"floor":23.0,"key":"REST"},{"floor":25.0,"key":"REST"},{"floor":32.0,"key":"REST"},{"data":"Burst","floor":40.0,"key":"SMITH"},{"floor":44.0,"key":"RECALL"},{"floor":46.0,"key":"REST"},{"floor":49.0,"key":"REST"}],"circlet_count":0,"master_deck":["AscendersBane","Strike_G","Defend_G","Defend_G","Defend_G","Defend_G","Defend_G+1","Survivor","Neutralize+1","Deadly Poison","Crippling Poison","Calculated Gamble","Tactician","Backflip","Bane","Burst+1","Catalyst","Backflip+1","Backstab","After Image","PiercingWail","Cloak And Dagger","Blade Dance","Poisoned Stab+1","Calculated Gamble","Blur+1","Reflex+1","Footwork","Blade Dance","Tactician"],"relics":["Ring of the Snake","Dead Branch","Mummified Hand","Ornamental Fan","Odd Mushroom","Akabeko","WristBlade","Ancient Tea Set","Tingsha","Letter Opener","HoveringKite","Smiling Mask","Pocketwatch","Mercury Hourglass","Gambling Chip"],"acts_visited":["Exordium","TheCity","TheBeyond"],"potions_floor_usage":[],"damage_taken":[{"damage":2.0,"enemies":"2 Louse","floor":1.0,"turns":3.0},{"damage":3.0,"enemies":"Small Slimes","floor":4.0,"turns":5.0},{"damage":45.0,"enemies":"3 Sentries","floor":7.0,"turns":14.0},{"damage":4.0,"enemies":"Gremlin Nob","floor":10.0,"turns":3.0},{"damage":12.0,"enemies":"The Mushroom Lair","floor":11.0,"turns":3.0},{"damage":0.0,"enemies":"Jaw Worm","floor":13.0,"turns":3.0},{"damage":37.0,"enemies":"Lagavulin","floor":14.0,"turns":7.0},{"damage":3.0,"enemies":"Hexaghost","floor":16.0,"turns":12.0},{"damage":0.0,"enemies":"3 Byrds","floor":18.0,"turns":3.0},{"damage":13.0,"enemies":"Shell Parasite","floor":20.0,"turns":6.0},{"damage":23.0,"enemies":"Sentry and Sphere","floor":21.0,"turns":4.0},{"damage":21.0,"enemies":"Snecko","floor":22.0,"turns":4.0},{"damage":20.0,"enemies":"Slavers","floor":24.0,"turns":6.0},{"damage":0.0,"enemies":"Snake Plant","floor":28.0,"turns":2.0},{"damage":3.0,"enemies":"Gremlin Leader","floor":29.0,"turns":7.0},{"damage":5.0,"enemies":"Automaton","floor":33.0,"turns":6.0},{"damage":0.0,"enemies":"3 Darklings","floor":35.0,"turns":2.0},{"damage":2.0,"enemies":"3 Shapes","floor":36.0,"turns":3.0},{"damage":1.0,"enemies":"Jaw Worm Horde","floor":37.0,"turns":2.0},{"damage":6.0,"enemies":"4 Shapes","floor":39.0,"turns":5.0},{"damage":29.0,"enemies":"Giant Head","floor":41.0,"turns":7.0},{"damage":0.0,"enemies":"Reptomancer","floor":47.0,"turns":4.0},{"damage":16.0,"enemies":"Donu and Deca","floor":50.0,"turns":9.0},{"damage":79,"enemies":"Time Eater","floor":51,"turns":12}],"seed_played":"8099681955117610206","potions_obtained":[{"floor":4.0,"key":"DistilledChaos"},{"floor":11.0,"key":"Dexterity Potion"},{"floor":13.0,"key":"Regen Potion"},{"floor":16.0,"key":"BlessingOfTheForge"},{"floor":20.0,"key":"Energy Potion"},{"floor":21.0,"key":"FearPotion"},{"floor":24.0,"key":"PowerPotion"},{"floor":28.0,"key":"PowerPotion"},{"floor":29.0,"key":"FearPotion"},{"floor":33.0,"key":"GamblersBrew"}],"is_trial":false,"path_per_floor":["M","?","$","M","?","R","E","R","T","E","?","R","M","E","R","B",null,"M","$","M","M","M","R","E","R","T","?","M","E","$","?","R","B",null,"M","M","M","T","M","R","E","$","T","R","$","R","E","T","R","B","B"],"character_chosen":"THE_SILENT","items_purchased":["Catalyst","Blade Dance","Footwork","Blade Dance"],"campfire_rested":8,"item_purchase_floors":[19,30,42,42],"current_hp_per_floor":[63,63,63,60,60,60,15,36,36,32,20,41,41,4,25,37,63,63,63,50,27,6,27,7,28,28,28,28,25,25,25,46,41,64,64,62,61,61,55,55,26,26,26,26,26,47,47,47,68,52,0,0],"gold":70,"neow_bonus":"TEN_PERCENT_HP_BONUS","is_daily":false,"chose_seed":false,"campfire_upgraded":2,"win_rate":0.0,"timestamp":1608509708,"path_taken":["M","?","$","M","?","R","E","R","T","E","?","R","?","E","R","BOSS","M","$","M","M","M","R","E","R","T","?","?","E","$","?","R","BOSS","M","?","M","?","M","R","E","$","T","R","$","R","E","?","R","BOSS","BOSS"],"items_purchased_type":["Card","Card","Card","Card"],"build_version":"2020-12-13","purchased_purges":2,"victory":false,"max_hp_per_floor":[72,72,72,72,72,72,72,72,72,72,72,72,72,72,72,72,72,72,72,72,72,72,72,72,72,72,72,72,72,72,72,72,72,72,72,72,72,72,72,72,72,72,72,72,72,72,72,72,72,72,72,72],"card_choices":[{"not_picked":["Outmaneuver","Eviscerate"],"picked":"Deadly Poison","floor":1.0},{"not_picked":["Outmaneuver","Setup"],"picked":"Crippling Poison","floor":4.0},{"not_picked":["Underhanded Strike","Dodge and Roll"],"picked":"Calculated Gamble","floor":7.0},{"not_picked":["Noxious Fumes","Acrobatics","Crippling Poison"],"picked":"SKIP","floor":10.0},{"not_picked":["PiercingWail","Poisoned Stab"],"picked":"Tactician","floor":11.0},{"not_picked":["Outmaneuver","Poisoned Stab"],"picked":"Backflip","floor":13.0},{"not_picked":["Backstab","Choke"],"picked":"Bane","floor":14.0},{"not_picked":["Doppelganger","Glass Knife"],"picked":"Burst","floor":16.0},{"not_picked":["Predator+1","Expertise","Dodge and Roll"],"picked":"SKIP","floor":18.0},{"not_picked":["Skewer","Flechettes"],"picked":"Backflip+1","floor":20.0},{"not_picked":["PiercingWail","Deflect"],"picked":"Backstab","floor":21.0},{"not_picked":["Backflip","Quick Slash+1","Acrobatics"],"picked":"SKIP","floor":22.0},{"not_picked":["Slice","Deadly Poison"],"picked":"After Image","floor":24.0},{"not_picked":["Dodge and Roll+1","Outmaneuver"],"picked":"PiercingWail","floor":28.0},{"not_picked":["Masterful Stab+1","Reflex"],"picked":"Cloak And Dagger","floor":29.0},{"not_picked":["Setup","Dagger Spray"],"picked":"Poisoned Stab+1","floor":35.0},{"not_picked":["Deflect","Leg Sweep"],"picked":"Calculated Gamble","floor":36.0},{"not_picked":["PiercingWail","Sucker Punch","Bouncing Flask"],"picked":"SKIP","floor":37.0},{"not_picked":["Leg Sweep","Expertise"],"picked":"Blur+1","floor":39.0},{"not_picked":["Dagger Throw+1","Flechettes"],"picked":"Reflex+1","floor":41.0},{"not_picked":["Expertise+1","Envenom"],"picked":"Tactician","floor":47.0}],"player_experience":548909,"relics_obtained":[{"floor":7.0,"key":"Dead Branch"},{"floor":9.0,"key":"Mummified Hand"},{"floor":10.0,"key":"Ornamental Fan"},{"floor":11.0,"key":"Odd Mushroom"},{"floor":14.0,"key":"Akabeko"},{"floor":24.0,"key":"Ancient Tea Set"},{"floor":26.0,"key":"Tingsha"},{"floor":29.0,"key":"Letter Opener"},{"floor":38.0,"key":"Smiling Mask"},{"floor":41.0,"key":"Pocketwatch"},{"floor":47.0,"key":"Mercury Hourglass"},{"floor":48.0,"key":"Gambling Chip"}],"event_choices":[{"cards_removed":["Strike_G"],"damage_healed":0.0,"max_hp_gain":0.0,"max_hp_loss":0.0,"gold_gain":0.0,"event_name":"The Cleric","player_choice":"Card Removal","floor":2.0,"gold_loss":75.0,"damage_taken":0.0},{"damage_healed":0.0,"max_hp_gain":0.0,"max_hp_loss":0.0,"gold_gain":0.0,"event_name":"World of Goop","player_choice":"Left Gold","floor":5.0,"gold_loss":54.0,"damage_taken":0.0},{"damage_healed":0.0,"max_hp_gain":0.0,"max_hp_loss":0.0,"gold_gain":0.0,"event_name":"Mushrooms","player_choice":"Fought Mushrooms","floor":11.0,"gold_loss":0.0,"damage_taken":0.0},{"cards_removed":["Strike_G"],"damage_healed":0.0,"max_hp_gain":0.0,"max_hp_loss":0.0,"gold_gain":0.0,"event_name":"Designer","player_choice":"Upgrade and Remove","floor":27.0,"gold_loss":110.0,"damage_taken":0.0,"cards_upgraded":["Defend_G"]},{"damage_healed":0.0,"max_hp_gain":0.0,"max_hp_loss":0.0,"gold_gain":0.0,"event_name":"The Woman in Blue","player_choice":"Bought 1 Potion","floor":31.0,"gold_loss":0.0,"damage_taken":0.0}],"is_beta":false,"boss_relics":[{"not_picked":["Cursed Key","Runic Dome"],"picked":"WristBlade"},{"not_picked":["Velvet Choker","Fusion Hammer"],"picked":"HoveringKite"}],"items_purged_floors":[19,42],"is_endless":false,"potions_floor_spawned":[4,11,13,16,20,21,24,28,29,33,36,37],"killed_by":"Time Eater","ascension_level":20}}