{"host":"ec2wu4mdnvke243f","time":1608579257,"event":{"mods":["2.2 Compatiblity","AchievementEnabler","BaseMod","Defuse TimeMaze Blight","Downfall","Hermit","Infinite Spire","Minty Spire (QoL Compilation)","StSLib","The Cursed","The Disciple","The Jungle","The Servant 0.9.4"],"gold_per_floor":[199,199,233,233,244,258,327,338,356,381,381,193,193,213,234,344,644,419,504,504,524,524,558,626,649,683,683,701,534,552,552,567,572,572],"floor_reached":33,"playtime":3876,"items_purged":[],"score":362,"play_id":"93e54ff5-b484-4906-adef-b55b655db893","local_time":"20201221203417","is_ascension_mode":true,"campfire_choices":[{"floor":1.0,"key":"RECALL"},{"floor":4.0,"key":"REST"},{"data":"expansioncontent:DashGenerateEvil","floor":18.0,"key":"SMITH"},{"data":"hermit:HeroicBravado","floor":22,"key":"SMITH"},{"floor":27,"key":"REST"}],"circlet_count":0,"master_deck":["hermit:Strike_Hermit+1","hermit:Strike_Hermit","hermit:Strike_Hermit","hermit:Defend_Hermit+1","hermit:Defend_Hermit","hermit:Defend_Hermit","hermit:Defend_Hermit+1","hermit:Snapshot","hermit:Covet","hermit:SprayPray","hermit:Misfire","hermit:Quickdraw","hermit:LowProfile","hermit:Deadeye","hermit:Scavenge","Regret","hermit:Quickdraw","expansioncontent:DashGenerateEvil+1","hermit:Feint","hermit:LuckOfTheDraw","hermit:HeroicBravado+1","CurseOfTheBell","Pain","hermit:Coalescence","hermit:Headshot+1","hermit:Snipe","infinitespire:NeuralNetwork","infinitespire:SevenWalls"],"relics":["hermit:Momento","Akabeko","Mercury Hourglass","Calling Bell","Orichalcum","Ornamental Fan","Old Coin","downfall:HeartBlessingRed","downfall:HeartBlessingGreen","downfall:HeartBlessingBlue","StrikeDummy","hermit:Spyglass","Kunai","Boot","Happy Flower"],"acts_visited":["Exordium","TheCity"],"potions_floor_usage":[23,26,33,33],"damage_taken":[{"damage":55.0,"enemies":"Lagavulin","floor":3.0,"turns":10.0},{"damage":0.0,"enemies":"Small Slimes","floor":5.0,"turns":2.0},{"damage":0.0,"enemies":"2 Louse","floor":6.0,"turns":2.0},{"damage":0.0,"enemies":"Cultist","floor":8.0,"turns":2.0},{"damage":5.0,"enemies":"Gremlin Gang","floor":9.0,"turns":5.0},{"damage":16.0,"enemies":"Gremlin Nob","floor":10.0,"turns":4.0},{"damage":0.0,"enemies":"downfall:FleeingMerchant","floor":12.0,"turns":4.0},{"damage":0.0,"enemies":"2 Fungi Beasts","floor":14.0,"turns":2.0},{"damage":0.0,"enemies":"Blue Slaver","floor":15.0,"turns":2.0},{"damage":21.0,"enemies":"downfall:Watcher","floor":16.0,"turns":11.0},{"damage":0.0,"enemies":"3 Byrds","floor":21.0,"turns":3.0},{"damage":10,"enemies":"Book of Stabbing","floor":23,"turns":6},{"damage":0,"enemies":"Spheric Guardian","floor":25,"turns":3},{"damage":36,"enemies":"Nightmare","floor":26,"turns":12},{"damage":9,"enemies":"Shelled Parasite and Fungi","floor":28,"turns":7},{"damage":0,"enemies":"downfall:FleeingMerchant","floor":29,"turns":4},{"damage":11,"enemies":"Snake Plant","floor":30,"turns":3},{"damage":0,"enemies":"Snecko","floor":32,"turns":2},{"damage":49,"enemies":"downfall:Ironclad","floor":33,"turns":9}],"seed_played":"535678783447923625","potions_obtained":[{"floor":3.0,"key":"Block Potion"},{"floor":5.0,"key":"Dexterity Potion"},{"floor":15.0,"key":"Dexterity Potion"},{"floor":16.0,"key":"FearPotion"},{"floor":21,"key":"SpeedPotion"},{"floor":25,"key":"hermit:Eclipse"},{"floor":28,"key":"hermit:Tonic"}],"is_trial":false,"path_per_floor":["R","?","E","R","M","M","T","M","M","E","?","$","?","M","M","B",null,"R","?","?","M","R","E","T","M","NM","R","M","$","M","AVR","M","B"],"character_chosen":"HERMIT","items_purchased":["expansioncontent:DashGenerateEvil","Happy Flower"],"campfire_rested":2,"item_purchase_floors":[12,29],"current_hp_per_floor":[75,75,20,42,42,42,42,42,37,21,21,21,26,26,26,5,80,90,82,82,82,82,72,72,72,36,63,54,54,43,43,43,0,0],"gold":572,"neow_bonus":"HUNDRED_GOLD","is_daily":false,"chose_seed":false,"campfire_upgraded":2,"win_rate":0.0,"timestamp":1608579257,"path_taken":["R","?","E","R","M","M","T","M","M","E","?","$","?","M","M","BOSS","R","?","?","?","R","E","T","?","NM","R","M","$","M","AVR","M","BOSS"],"items_purchased_type":["Card","Relic"],"build_version":"2020-12-13","purchased_purges":0,"victory":false,"max_hp_per_floor":[75,75,75,75,75,75,75,75,75,75,75,75,80,80,80,80,80,90,90,90,90,90,90,90,90,90,90,90,90,90,90,90,90,90],"card_choices":[{"not_picked":["hermit:Quickdraw","hermit:Headshot"],"picked":"hermit:SprayPray","floor":3.0},{"not_picked":["hermit:TrackingShot","hermit:CalledShot"],"picked":"hermit:Misfire","floor":5.0},{"not_picked":["hermit:WideOpen","hermit:HighNoon"],"picked":"hermit:Quickdraw","floor":6.0},{"not_picked":["hermit:Quickdraw","hermit:WideOpen"],"picked":"hermit:LowProfile","floor":8.0},{"not_picked":["hermit:Shortfuse","hermit:CursedWeapon"],"picked":"hermit:Deadeye","floor":9.0},{"not_picked":["hermit:FullyLoaded","hermit:Vantage"],"picked":"hermit:Scavenge","floor":10.0},{"not_picked":["hermit:Manifest","hermit:TrackingShot"],"picked":"hermit:Quickdraw","floor":12.0},{"not_picked":["hermit:Maintenance","hermit:Roulette"],"picked":"hermit:Feint","floor":14.0},{"not_picked":["hermit:Desperado","hermit:Horror"],"picked":"hermit:LuckOfTheDraw","floor":15.0},{"not_picked":["hermit:RoundhouseKick","hermit:OverwhelmingPower"],"picked":"hermit:HeroicBravado","floor":16.0},{"not_picked":["hermit:Cheat","hermit:SprayPray"],"picked":"hermit:Coalescence","floor":21},{"not_picked":["hermit:Adapt","hermit:SprayPray"],"picked":"hermit:Headshot+1","floor":23},{"not_picked":["hermit:ItchyTrigger","hermit:Misfire"],"picked":"hermit:Snipe","floor":25},{"not_picked":["infinitespire:Menacing","infinitespire:UltimateForm"],"picked":"infinitespire:NeuralNetwork","floor":26},{"not_picked":["hermit:HoleUp","hermit:Snipe","hermit:ItchyTrigger+1"],"picked":"SKIP","floor":26},{"not_picked":["hermit:Spite+1","hermit:Virtue","hermit:HighCaliber"],"picked":"SKIP","floor":28},{"not_picked":["hermit:Horror","hermit:LoneWolf","hermit:PistolWhip"],"picked":"SKIP","floor":29},{"not_picked":["hermit:Horror","hermit:WideOpen","hermit:Feint"],"picked":"SKIP","floor":30},{"not_picked":["hermit:BodyArmor","hermit:Misfire","hermit:Desperado"],"picked":"SKIP","floor":32}],"player_experience":515213,"relics_obtained":[{"floor":3.0,"key":"Akabeko"},{"floor":10.0,"key":"Mercury Hourglass"},{"floor":17.0,"key":"Orichalcum"},{"floor":17.0,"key":"Ornamental Fan"},{"floor":17.0,"key":"Old Coin"},{"floor":23,"key":"hermit:Spyglass"},{"floor":24,"key":"Kunai"},{"floor":26,"key":"Boot"}],"event_choices":[{"damage_healed":0.0,"max_hp_gain":5.0,"max_hp_loss":0.0,"gold_gain":0.0,"event_name":"Big Fish","player_choice":"Donut","floor":13.0,"gold_loss":0.0,"damage_taken":0.0}],"is_beta":false,"boss_relics":[{"not_picked":["Velvet Choker","Black Star"],"picked":"Calling Bell"}],"items_purged_floors":[],"is_endless":false,"potions_floor_spawned":[3,5,15,16,21,25,28],"killed_by":"downfall:Ironclad","ascension_level":1}}