{"host":"07ljfmttuzqopd7f","time":1608540073,"event":{"mods":["2.2 Compatiblity","BaseMod","Bestiary","Block Reminder","Colored Map","Colored Powertips","Curses Come First","Hermit","Minty Spire (QoL Compilation)","Quick Restart","Random Character Button","Rare Cards Sparkle","Relic Stats","StSLib","The Cursed","UnlockEverythingMod","everything is the same but u backflip on backflip"],"gold_per_floor":[117,132,97,109,16,16,36,36,36,51,69,88,88,118,118,214,214,231,249,249,269,368,698,710,749,761,773,773],"floor_reached":27,"playtime":1516,"items_purged":[],"score":319,"play_id":"cf312fb1-301b-4309-bc74-c8753a2ecff3","local_time":"20201221034113","is_ascension_mode":true,"campfire_choices":[{"data":"TheCursedMod:ReleasedStrength","floor":6,"key":"SMITH"},{"data":"TheCursedMod:SaltUponWound","floor":8,"key":"SMITH"},{"data":"TheCursedMod:OutForBlood","floor":13,"key":"SMITH"},{"floor":15,"key":"REST"},{"floor":24,"key":"REST"}],"circlet_count":0,"master_deck":["TheCursedMod:Strike_TheCursed","TheCursedMod:Strike_TheCursed","TheCursedMod:Strike_TheCursed","TheCursedMod:Strike_TheCursed","TheCursedMod:Defend_TheCursed","TheCursedMod:Defend_TheCursed","TheCursedMod:Defend_TheCursed","TheCursedMod:Defend_TheCursed","TheCursedMod:CursedWand","TheCursedMod:CleanUpWorkshop","TheCursedMod:Dregs","TheCursedMod:CursedMace","TheCursedMod:CursedSpellbook","TheCursedMod:SaltUponWound+1","TheCursedMod:ReleasedStrength+1","TheCursedMod:Torture+1","TheCursedMod:CursedShiv","TheCursedMod:OutForBlood+1","TheCursedMod:BlessingInDisguise","TheCursedMod:CollectTribute","TheCursedMod:Neurasthenia","TheCursedMod:SoulCrush","TheCursedMod:AbyssShockwave","TheCursedMod:LuckyCharm","TheCursedMod:RapidMovement+1"],"relics":["TheCursedMod:BlackMagic101","Incense Burner","Mercury Hourglass","Black Star","MawBank","Old Coin","Lantern","Boot","CaptainsWheel"],"acts_visited":["Exordium","TheCity"],"potions_floor_usage":[7,16,16,21,25,25,27],"damage_taken":[{"damage":8,"enemies":"2 Louse","floor":1,"turns":2},{"damage":2,"enemies":"Jaw Worm","floor":2,"turns":4},{"damage":1,"enemies":"Cultist","floor":4,"turns":4},{"damage":0,"enemies":"Looter","floor":7,"turns":2},{"damage":4,"enemies":"2 Fungi Beasts","floor":10,"turns":4},{"damage":15,"enemies":"Lots of Slimes","floor":11,"turns":4},{"damage":3,"enemies":"Blue Slaver","floor":12,"turns":3},{"damage":58,"enemies":"Gremlin Nob","floor":14,"turns":4},{"damage":7,"enemies":"The Guardian","floor":16,"turns":6},{"damage":8,"enemies":"3 Byrds","floor":18,"turns":4},{"damage":22,"enemies":"Spheric Guardian","floor":19,"turns":5},{"damage":23,"enemies":"Centurion and Healer","floor":21,"turns":5},{"damage":1,"enemies":"Gremlin Leader","floor":23,"turns":6},{"damage":33,"enemies":"Book of Stabbing","floor":25,"turns":4},{"damage":5,"enemies":"Slavers","floor":27,"turns":1}],"seed_played":"3776359109761977244","potions_obtained":[{"floor":1,"key":"Block Potion"},{"floor":7,"key":"SteroidPotion"},{"floor":10,"key":"Fire Potion"},{"floor":11,"key":"TheCursedMod:DregsPotion"},{"floor":19,"key":"GamblersBrew"},{"floor":21,"key":"DistilledChaos"},{"floor":25,"key":"Swift Potion"}],"is_trial":false,"path_per_floor":["M","M","?","M","$","R","M","R","T","M","M","M","R","E","R","B",null,"M","M","?","M","?","E","R","E","T","E"],"character_chosen":"THE_CURSED","items_purchased":["TheCursedMod:ReleasedStrength","TheCursedMod:Torture"],"campfire_rested":2,"item_purchase_floors":[5,5],"current_hp_per_floor":[74,72,82,81,81,81,81,81,81,77,62,59,59,1,25,18,66,58,36,36,13,13,12,36,3,3,0,0],"gold":773,"neow_bonus":"TEN_PERCENT_HP_BONUS","is_daily":false,"chose_seed":false,"campfire_upgraded":3,"win_rate":0.0,"timestamp":1608540073,"path_taken":["M","M","?","M","$","R","M","R","T","M","M","M","R","E","R","BOSS","M","M","?","?","?","E","R","E","T","E"],"items_purchased_type":["Card","Card"],"build_version":"2020-12-13","purchased_purges":0,"victory":false,"max_hp_per_floor":[82,82,82,82,82,82,82,82,82,82,82,82,82,82,82,82,82,82,82,82,82,82,82,82,82,82,82,82],"relic_stats":{"counters":[15,58],"Black Star":2,"MawBank":48,"Boot":[0],"obtain_stats":[{"TheCursedMod:BlackMagic101":0,"Lantern":25,"CaptainsWheel":26,"Incense Burner":9,"Black Star":17,"MawBank":23,"Boot":25,"Mercury Hourglass":14,"Old Coin":23},{"TheCursedMod:BlackMagic101":0,"Lantern":14,"CaptainsWheel":14,"Incense Burner":4,"Black Star":9,"MawBank":13,"Boot":14,"Mercury Hourglass":8,"Old Coin":13},{"TheCursedMod:BlackMagic101":0,"Lantern":57,"CaptainsWheel":57,"Incense Burner":12,"Black Star":33,"MawBank":53,"Boot":57,"Mercury Hourglass":27,"Old Coin":53}],"Mercury Hourglass":[115]},"card_choices":[{"not_picked":["TheCursedMod:FuryStrike","TheCursedMod:CircleOfCorruption"],"picked":"TheCursedMod:CursedMace","floor":1},{"not_picked":["TheCursedMod:Stigma","TheCursedMod:Torture"],"picked":"TheCursedMod:CursedSpellbook","floor":2},{"not_picked":["TheCursedMod:CircleOfBlood","TheCursedMod:TroublousMinions"],"picked":"TheCursedMod:SaltUponWound","floor":4},{"not_picked":["TheCursedMod:HellsGateOpen","TheCursedMod:SpitefulStrike"],"picked":"TheCursedMod:CursedShiv","floor":7},{"not_picked":["TheCursedMod:PrepareRite","TheCursedMod:CircleOfFocus"],"picked":"TheCursedMod:OutForBlood","floor":10},{"not_picked":["TheCursedMod:BloodBarrier","TheCursedMod:CursedMace","TheCursedMod:EmpowerCircles"],"picked":"SKIP","floor":11},{"not_picked":["TheCursedMod:Stretching","TheCursedMod:RavingStaff"],"picked":"TheCursedMod:BlessingInDisguise","floor":12},{"not_picked":["TheCursedMod:Mangle","TheCursedMod:CircleOfFocus"],"picked":"TheCursedMod:CollectTribute","floor":14},{"not_picked":["TheCursedMod:CursedRelics","TheCursedMod:StunningStrike"],"picked":"TheCursedMod:Neurasthenia","floor":16},{"not_picked":["TheCursedMod:DoubleShield","TheCursedMod:Stretching+1"],"picked":"TheCursedMod:SoulCrush","floor":18},{"not_picked":["TheCursedMod:RavingStaff","TheCursedMod:CursedMace+1"],"picked":"TheCursedMod:AbyssShockwave","floor":19},{"not_picked":["TheCursedMod:Mangle+1","TheCursedMod:EmpowerCircles"],"picked":"TheCursedMod:LuckyCharm","floor":21},{"not_picked":["TheCursedMod:HellsGateOpen+1","TheCursedMod:Torture"],"picked":"TheCursedMod:RapidMovement+1","floor":23},{"not_picked":["TheCursedMod:CursedBlade","TheCursedMod:WearCloak","TheCursedMod:CircleOfWindfury"],"picked":"SKIP","floor":25}],"player_experience":443273,"relics_obtained":[{"floor":9,"key":"Incense Burner"},{"floor":14,"key":"Mercury Hourglass"},{"floor":23,"key":"MawBank"},{"floor":23,"key":"Old Coin"},{"floor":25,"key":"Lantern"},{"floor":25,"key":"Boot"},{"floor":26,"key":"CaptainsWheel"}],"event_choices":[{"damage_healed":20,"gold_gain":0,"player_choice":"Healed","damage_taken":0,"max_hp_gain":0,"max_hp_loss":0,"event_name":"The Cleric","floor":3,"gold_loss":35},{"damage_healed":0,"gold_gain":0,"player_choice":"Upgraded","damage_taken":0,"max_hp_gain":0,"max_hp_loss":0,"event_name":"Upgrade Shrine","floor":20,"gold_loss":0,"cards_upgraded":["TheCursedMod:Torture"]},{"damage_healed":0,"gold_gain":99,"player_choice":"Stole From Cult","damage_taken":0,"max_hp_gain":0,"max_hp_loss":0,"event_name":"Nest","floor":22,"gold_loss":0}],"is_beta":false,"boss_relics":[{"not_picked":["Empty Cage","Coffee Dripper"],"picked":"Black Star"}],"items_purged_floors":[],"is_endless":false,"potions_floor_spawned":[1,7,10,11,19,21,25],"killed_by":"Slavers","ascension_level":5}}