{"host":"867cnhxguf2bzj4x","time":1608566655,"event":{"mods":["BaseMod","GifTheSpireLib","Minty Spire (QoL Compilation)","StSLib","The Bug Knight","The Cursed","The Hierophant","The Servant 0.9.4"],"gold_per_floor":[112,112,132,145,157,157,157],"floor_reached":6,"playtime":269,"items_purged":[],"score":38,"play_id":"9c0a9c43-dc66-4a5d-8463-5c0580b081db","local_time":"20201221170415","is_ascension_mode":false,"campfire_choices":[],"circlet_count":0,"master_deck":["HollowMod:NailStrikeStart","HollowMod:NailStrikeStart","HollowMod:NailStrikeStart","HollowMod:QuickDashStart","HollowMod:QuickDashStart","HollowMod:QuickDashStart","HollowMod:QuickDashStart","HollowMod:FocusHealStart","HollowMod:PogoStrike","HollowMod:TaintedHusks","HollowMod:DungDefenderAura","HollowMod:HuntersJournal"],"relics":["HollowMod:VesselMask","NeowsBlessing"],"acts_visited":["Exordium"],"potions_floor_usage":[],"damage_taken":[{"damage":0,"enemies":"2 Louse","floor":1,"turns":1},{"damage":0,"enemies":"Small Slimes","floor":3,"turns":1},{"damage":0,"enemies":"Jaw Worm","floor":4,"turns":1},{"damage":33,"enemies":"Gremlin Gang","floor":5,"turns":7},{"damage":42,"enemies":"Lagavulin","floor":6,"turns":6}],"seed_played":"-1222619218527470441","potions_obtained":[{"floor":1,"key":"Swift Potion"}],"is_trial":false,"path_per_floor":["M","?","M","M","M","E"],"character_chosen":"THE_BUGKNIGHT","items_purchased":[],"campfire_rested":0,"item_purchase_floors":[],"current_hp_per_floor":[75,68,68,68,41,0,0],"gold":157,"neow_bonus":"THREE_ENEMY_KILL","is_daily":false,"chose_seed":false,"campfire_upgraded":0,"win_rate":0.0,"timestamp":1608566655,"path_taken":["M","?","M","M","M","E"],"items_purchased_type":[],"build_version":"2020-12-13","purchased_purges":0,"victory":false,"max_hp_per_floor":[75,75,75,75,75,75,75],"card_choices":[{"not_picked":["HollowMod:QuirrelsAssistance","HollowMod:DescendingDark"],"picked":"HollowMod:TaintedHusks","floor":1},{"not_picked":["HollowMod:SoulStrike","HollowMod:MonomonsArchive"],"picked":"HollowMod:DungDefenderAura","floor":3},{"not_picked":["HollowMod:SoulStrike","HollowMod:SharpenedNail","HollowMod:RecoilStrike"],"picked":"SKIP","floor":4},{"not_picked":["HollowMod:DashSlash","HollowMod:MonomonsArchive"],"picked":"HollowMod:HuntersJournal","floor":5}],"player_experience":81286,"relics_obtained":[],"event_choices":[{"cards_removed":["HollowMod:NailStrikeStart"],"damage_healed":0,"gold_gain":0,"player_choice":"Card Removal","damage_taken":7,"max_hp_gain":0,"max_hp_loss":0,"event_name":"Golden Wing","floor":2,"gold_loss":0}],"is_beta":false,"boss_relics":[],"items_purged_floors":[],"is_endless":false,"potions_floor_spawned":[1],"killed_by":"Lagavulin","ascension_level":0}}