{"host":"baymyijz6sxaqj5s","time":1608553955,"event":{"mods":["AchievementEnabler","BaseMod","Colored Map","Colored Powertips","DeckTracker","KOR Keyword Fix","Keyboard Shortcuts","Minty Spire (QoL Compilation)","StSLib","SuperFastMode"],"gold_per_floor":[112,112,122,197,214,214,230,4,31,41,41,54,79,99,99,199,199,209,220,247,265,265,265],"floor_reached":22,"playtime":686,"items_purged":["Strike_R"],"score":205,"play_id":"f9a43d52-14e3-4d94-a834-848f898a1339","local_time":"20201221213235","is_ascension_mode":false,"campfire_choices":[{"data":"Flame Barrier","floor":6,"key":"SMITH"},{"data":"Double Tap","floor":15,"key":"SMITH"}],"circlet_count":0,"master_deck":["Strike_R","Strike_R","Strike_R","Strike_R","Defend_R","Defend_R","Defend_R","Defend_R","Bash","Sword Boomerang","Flame Barrier+1","Double Tap+1","Headbutt","Heavy Blade","Armaments"],"relics":["Burning Blood","Regal Pillow","Lantern","Strawberry","Red Skull","SlaversCollar","Red Mask"],"acts_visited":["Exordium","TheCity"],"potions_floor_usage":[16,16,16,20,22],"damage_taken":[{"damage":3,"enemies":"Small Slimes","floor":1,"turns":3},{"damage":3,"enemies":"2 Louse","floor":3,"turns":4},{"damage":6,"enemies":"Cultist","floor":5,"turns":3},{"damage":3,"enemies":"2 Fungi Beasts","floor":7,"turns":4},{"damage":1,"enemies":"3 Louse","floor":10,"turns":2},{"damage":6,"enemies":"Lots of Slimes","floor":12,"turns":5},{"damage":7,"enemies":"Large Slime","floor":14,"turns":8},{"damage":83,"enemies":"The Guardian","floor":16,"turns":16},{"damage":24,"enemies":"Chosen","floor":18,"turns":7},{"damage":3,"enemies":"3 Byrds","floor":19,"turns":7},{"damage":37,"enemies":"Masked Bandits","floor":20,"turns":5},{"damage":47,"enemies":"Snecko","floor":21,"turns":6},{"damage":23,"enemies":"Cultist and Chosen","floor":22,"turns":4}],"seed_played":"6742852115121328853","potions_obtained":[{"floor":1,"key":"FearPotion"},{"floor":3,"key":"Block Potion"},{"floor":5,"key":"Weak Potion"},{"floor":18,"key":"Strength Potion"},{"floor":21,"key":"SteroidPotion"}],"is_trial":false,"path_per_floor":["M","?","M","?","M","R","M","$","T","M","?","M","T","M","R","B",null,"M","M","?","M","M"],"character_chosen":"IRONCLAD","items_purchased":["Regal Pillow"],"campfire_rested":0,"item_purchase_floors":[8],"current_hp_per_floor":[88,88,88,77,77,77,80,80,80,85,92,92,92,91,91,14,95,77,80,49,8,0,0],"gold":265,"neow_bonus":"TEN_PERCENT_HP_BONUS","is_daily":false,"chose_seed":false,"campfire_upgraded":2,"win_rate":0.0,"timestamp":1608553955,"path_taken":["M","?","M","?","M","R","M","$","T","M","?","M","?","M","R","BOSS","M","M","?","M","M"],"items_purchased_type":["Relic"],"build_version":"2020-12-13","purchased_purges":1,"victory":false,"max_hp_per_floor":[88,88,88,88,88,88,88,88,88,88,95,95,95,95,95,95,95,95,95,95,95,95,95],"card_choices":[{"not_picked":["Burning Pact","Clash"],"picked":"Sword Boomerang","floor":1},{"not_picked":["Seeing Red","Iron Wave"],"picked":"Flame Barrier","floor":3},{"not_picked":["Clash","True Grit","Pommel Strike"],"picked":"SKIP","floor":5},{"not_picked":["Anger","Whirlwind","Flex"],"picked":"SKIP","floor":7},{"not_picked":["Twin Strike","Iron Wave","Clothesline"],"picked":"SKIP","floor":10},{"not_picked":["Rupture","Sever Soul","Intimidate"],"picked":"SKIP","floor":12},{"not_picked":["Dark Embrace","Fire Breathing"],"picked":"Double Tap","floor":14},{"not_picked":["Hemokinesis","Clash"],"picked":"Headbutt","floor":18},{"not_picked":["Headbutt","Metallicize"],"picked":"Heavy Blade","floor":19},{"not_picked":["True Grit+1","Sentinel"],"picked":"Armaments","floor":20},{"not_picked":["Evolve","Cleave","Clash"],"picked":"SKIP","floor":21}],"player_experience":168119,"relics_obtained":[{"floor":9,"key":"Lantern"},{"floor":13,"key":"Red Skull"},{"floor":20,"key":"Red Mask"}],"event_choices":[{"damage_healed":0,"gold_gain":0,"player_choice":"Ignored","damage_taken":0,"max_hp_gain":0,"max_hp_loss":0,"event_name":"Golden Idol","floor":2,"gold_loss":0},{"damage_healed":0,"gold_gain":75,"player_choice":"Gather Gold","damage_taken":11,"max_hp_gain":0,"max_hp_loss":0,"event_name":"World of Goop","floor":4,"gold_loss":0},{"damage_healed":0,"gold_gain":0,"player_choice":"Searched \u00271\u0027 times","damage_taken":0,"relics_obtained":["Strawberry"],"max_hp_gain":0,"max_hp_loss":0,"event_name":"Dead Adventurer","floor":11,"gold_loss":0},{"damage_healed":0,"gold_gain":0,"player_choice":"Fought Bandits","damage_taken":0,"max_hp_gain":0,"max_hp_loss":0,"event_name":"Masked Bandits","floor":20,"gold_loss":0}],"is_beta":false,"boss_relics":[{"not_picked":["Philosopher\u0027s Stone","Astrolabe"],"picked":"SlaversCollar"}],"items_purged_floors":[8],"is_endless":false,"potions_floor_spawned":[1,3,5,7,18,21],"killed_by":"Cultist and Chosen","ascension_level":0}}