{"host":"e4wnmsyty9uvvtwf","time":1608558712,"event":{"mods":["Aspiration","BaseMod","Colored Map","Colored Powertips","Marisa£®ÏF”Í°°ƒß¿Ì…≥£©","Minty Spire (QoL Compilation)","Rare Cards Sparkle","Replay The Spire","StSLib"],"gold_per_floor":[112,131,146,15,15,15,50,50,50,61,61,79,95,109,109,181,181,197,211,211,221,221,221],"floor_reached":22,"playtime":792,"items_purged":["Strike_G"],"score":352,"play_id":"48580040-f7fa-4847-ba44-566b1f5af6d2","local_time":"20201221215152","is_ascension_mode":true,"campfire_choices":[{"data":"Sucker Punch","floor":6,"key":"SMITH"},{"data":"Neutralize","floor":11,"key":"SMITH"},{"data":"Bane","floor":15,"key":"SMITH"}],"circlet_count":0,"master_deck":["AscendersBane","Strike_G","Strike_G","Strike_G","Defend_G","Defend_G","Defend_G","Defend_G","Defend_G","Survivor","Neutralize+1","Slice","Sucker Punch+1","Dagger Spray","Deadly Poison","All Out Attack","Bane+1","Deflect","Burst","Toxin Wave","Blade Dance","Writhe","Deflect"],"relics":["Ring of the Snake","aspiration:Nostalgia","Sizzling Blood","Shovel","aspiration:ChemicalBlood","Dream Catcher","Coffee Dripper","Incense Burner"],"acts_visited":["Exordium","TheCity"],"potions_floor_usage":[16,16,18,18,21],"damage_taken":[{"damage":3,"enemies":"Cultist","floor":1,"turns":5},{"damage":1,"enemies":"Small Slimes","floor":2,"turns":3},{"damage":4,"enemies":"Jaw Worm","floor":3,"turns":4},{"damage":11,"enemies":"Replay:BlueRogue","floor":7,"turns":8},{"damage":1,"enemies":"Looter","floor":10,"turns":4},{"damage":1,"enemies":"Exordium Wildlife","floor":12,"turns":3},{"damage":9,"enemies":"Gremlin Gang","floor":13,"turns":5},{"damage":3,"enemies":"Looter","floor":14,"turns":3},{"damage":30,"enemies":"Slime Boss","floor":16,"turns":10},{"damage":17,"enemies":"Spheric Guardian","floor":18,"turns":6},{"damage":21,"enemies":"3 Byrds","floor":19,"turns":6},{"damage":23,"enemies":"Snake Plant","floor":21,"turns":5},{"damage":0,"enemies":"Centurion and Healer","floor":22,"turns":1}],"seed_played":"3739561001673918323","potions_obtained":[{"floor":1,"key":"DistilledChaos"},{"floor":10,"key":"Fire Potion"},{"floor":12,"key":"SkillPotion"},{"floor":16,"key":"BlessingOfTheForge"},{"floor":18,"key":"BlessingOfTheForge"}],"is_trial":false,"path_per_floor":["M","M","M","$","?","R","E","T","T","M","R","M","M","M","R","B",null,"M","M","?","M","M"],"character_chosen":"THE_SILENT","items_purchased":["Deadly Poison"],"campfire_rested":0,"item_purchase_floors":[4],"current_hp_per_floor":[64,67,67,67,67,67,60,60,60,63,63,66,61,62,62,36,62,49,32,32,13,13,13],"gold":221,"neow_bonus":"NOSTALGIA","is_daily":false,"chose_seed":false,"campfire_upgraded":3,"win_rate":0.0,"timestamp":1608558712,"path_taken":["M","M","M","?","?","R","E","?","T","M","R","M","M","M","R","BOSS","M","M","?","?","?"],"items_purchased_type":["Card"],"build_version":"2020-12-13","purchased_purges":1,"victory":false,"max_hp_per_floor":[70,70,70,70,70,70,70,70,70,70,70,70,70,70,70,70,70,70,70,70,70,70,70],"card_choices":[{"not_picked":["ReplayTheSpireMod:Exploit Weakness","Caltrops"],"picked":"Slice","floor":1},{"not_picked":["Bane","Poisoned Stab"],"picked":"Sucker Punch","floor":2},{"not_picked":["Outmaneuver","Caltrops"],"picked":"Dagger Spray","floor":3},{"not_picked":["Reflex","Prepared","PiercingWail"],"picked":"SKIP","floor":7},{"not_picked":["Slice","Infinite Blades"],"picked":"All Out Attack","floor":10},{"not_picked":["PiercingWail","ReplayTheSpireMod:Shiv Toss"],"picked":"Bane","floor":12},{"not_picked":["aspiration:Lunge","ReplayTheSpireMod:Scrap Shanks","Calculated Gamble"],"picked":"SKIP","floor":13},{"not_picked":["All Out Attack","Sneak Up"],"picked":"Deflect","floor":14},{"not_picked":["Doppelganger","Bullet Time"],"picked":"Burst","floor":16},{"not_picked":["Sucker Punch","Dagger Spray+1"],"picked":"Toxin Wave","floor":18},{"not_picked":["Outmaneuver","Slice"],"picked":"Blade Dance","floor":19},{"not_picked":["Cloak And Dagger","Dagger Spray"],"picked":"Deflect","floor":21}],"player_experience":631018,"relics_obtained":[{"floor":7,"key":"Shovel"},{"floor":8,"key":"aspiration:ChemicalBlood"},{"floor":9,"key":"Dream Catcher"}],"event_choices":[{"damage_healed":0,"gold_gain":0,"player_choice":"Opened","damage_taken":0,"relics_obtained":["Incense Burner"],"max_hp_gain":0,"max_hp_loss":0,"event_name":"The Mausoleum","floor":20,"gold_loss":0,"cards_obtained":["Writhe"]}],"is_beta":false,"boss_relics":[{"not_picked":["ReplayTheSpireMod:DimensionalGlitch","Snecko Eye"],"picked":"Coffee Dripper"}],"items_purged_floors":[4],"is_endless":false,"potions_floor_spawned":[1,10,12,16],"killed_by":"Centurion and Healer","ascension_level":17}}