{"host":"uclt3t1usqzz4m5p","time":1608518546,"event":{"mods":["AchievementEnabler","BaseMod","Bestiary","Better Altar","Better Match","Better Sensory Stone","Better Skull","Better Third Choice","Booster Modes","Card Forge","Colored Powertips","Displayed Cursed Tome","Downfall","GifTheSpireLib","Gremlin Skip","Minty Spire (QoL Compilation)","Permanent Neow","Quick Restart","StSLib","SuperFastMode","The Marked"],"gold_per_floor":[118,136,151,169,182,207,219,250,262,274,299,331,343,355,367,476,488,518,543,32,50,70,97,97,23,48,48,64,83,33,33,33,33,33],"floor_reached":33,"playtime":2338,"items_purged":["theMarked:Strike"],"score":283,"play_id":"64e25bc7-b758-4e5c-a588-1c39c1b7ef31","local_time":"20201220184226","is_ascension_mode":false,"campfire_choices":[{"data":"theMarked:EternalStudent","floor":10,"key":"SMITH"},{"data":"theMarked:Challenge","floor":13,"key":"SMITH"},{"data":"theMarked:Generate","floor":15,"key":"SMITH"},{"data":"theMarked:Generate","floor":24,"key":"SMITH"},{"floor":27,"key":"REST"},{"floor":32,"key":"REST"}],"circlet_count":0,"master_deck":["theMarked:Strike","theMarked:Defend","theMarked:Defend","theMarked:Defend","theMarked:Defend","theMarked:SoldierOfQuellstein+1","theMarked:ChainLightning","theMarked:Electrocute","theMarked:ElectricStrings","theMarked:Challenge+1","theMarked:Improvise","theMarked:MagicAdept","theMarked:Generate+1","theMarked:EternalStudent+1","theMarked:RepellingDischarge","theMarked:ResourceFulStrike","theMarked:Generate+1","theMarked:BindingBlade","theMarked:HeritageOfTheMarked+1","theMarked:BanishingStrike","theMarked:Defy","theMarked:EnhancedHearing","theMarked:EnhancedHearing","theMarked:TwofoldDefense","theMarked:LightningStrikesTwice","theMarked:UnarmedFury"],"relics":["theMarked:BronzeBlade","Hammer of Thor","Seething Fire","Anvil of the Gods","Girya","MawBank","Mango","Sundial","ClockworkSouvenir","Smiling Mask","Tiny Chest"],"acts_visited":["Exordium","TheCity"],"potions_floor_usage":[5,12,19,19,22,33],"damage_taken":[{"damage":0,"enemies":"Cultist","floor":1,"turns":3},{"damage":1,"enemies":"Jaw Worm","floor":2,"turns":2},{"damage":0,"enemies":"Small Slimes","floor":3,"turns":2},{"damage":5,"enemies":"Looter","floor":4,"turns":3},{"damage":0,"enemies":"Gremlin Gang","floor":5,"turns":3},{"damage":30,"enemies":"Lagavulin","floor":6,"turns":6},{"damage":7,"enemies":"Blue Slaver","floor":7,"turns":5},{"damage":8,"enemies":"Gremlin Nob","floor":8,"turns":4},{"damage":0,"enemies":"Large Slime","floor":11,"turns":5},{"damage":12,"enemies":"Exordium Thugs","floor":12,"turns":6},{"damage":11,"enemies":"Hexaghost","floor":16,"turns":10},{"damage":3,"enemies":"Chosen","floor":18,"turns":4},{"damage":21,"enemies":"2 Thieves","floor":19,"turns":4},{"damage":18,"enemies":"Snake Plant","floor":21,"turns":4},{"damage":13,"enemies":"Cultist and Chosen","floor":22,"turns":7},{"damage":15,"enemies":"Gremlin Leader","floor":23,"turns":6},{"damage":8,"enemies":"3 Cultists","floor":28,"turns":4},{"damage":17,"enemies":"Sentry and Sphere","floor":29,"turns":4},{"damage":52,"enemies":"Automaton","floor":33,"turns":6}],"seed_played":"9129534083914563812","potions_obtained":[{"floor":3,"key":"SteroidPotion"},{"floor":4,"key":"Swift Potion"},{"floor":6,"key":"PowerPotion"},{"floor":7,"key":"SkillPotion"},{"floor":16,"key":"DistilledChaos"},{"floor":19,"key":"sneckomod:MuddlingPotion"},{"floor":22,"key":"CultistPotion"},{"floor":28,"key":"Swift Potion"}],"is_trial":false,"path_per_floor":["M","M","M","M","M","E","M","E","T","R","M","M","R","?","R","B",null,"M","M","$","M","M","E","R","$","T","R","M","M","$","?","R","B"],"character_chosen":"THE_DEFAULT","items_purchased":["Sundial","ClockworkSouvenir","theMarked:Defy","theMarked:EnhancedHearing","theMarked:EnhancedHearing"],"campfire_rested":2,"item_purchase_floors":[20,20,20,20,25],"current_hp_per_floor":[70,69,69,64,64,34,27,19,33,33,33,21,21,21,21,10,84,81,60,60,42,29,14,14,14,14,39,31,14,14,14,39,0,0],"gold":33,"neow_bonus":"UPGRADE_CARD","is_daily":false,"chose_seed":false,"campfire_upgraded":4,"win_rate":0.0,"timestamp":1608518546,"path_taken":["M","M","M","M","M","E","M","E","T","R","?","M","R","?","R","BOSS","M","M","$","M","?","E","R","$","T","R","M","M","?","?","R","BOSS"],"items_purchased_type":["Relic","Relic","Card","Card","Card"],"build_version":"2020-12-13","purchased_purges":1,"victory":false,"max_hp_per_floor":[70,70,70,70,70,70,70,70,84,84,84,84,84,84,84,84,84,84,84,84,84,84,84,84,84,84,84,84,84,84,84,84,84,84],"card_choices":[{"not_picked":["theMarked:Convert","theMarked:Improvise"],"picked":"theMarked:ChainLightning","floor":1},{"not_picked":["theMarked:Seal","theMarked:Indomitable"],"picked":"theMarked:Electrocute","floor":2},{"not_picked":["theMarked:Improvise","theMarked:Electrocute"],"picked":"theMarked:ElectricStrings","floor":3},{"not_picked":["theMarked:LightningStrikesTwice","theMarked:Convert"],"picked":"theMarked:Challenge","floor":4},{"not_picked":["theMarked:ShockingTouch","theMarked:WastefulAttack"],"picked":"theMarked:Improvise","floor":5},{"not_picked":["theMarked:Electrocute","theMarked:ChannelForce"],"picked":"theMarked:MagicAdept","floor":6},{"not_picked":["theMarked:Parkour","theMarked:ChainLightning"],"picked":"theMarked:Generate","floor":7},{"not_picked":["theMarked:Overcharge","theMarked:BanishingStrike"],"picked":"theMarked:EternalStudent","floor":8},{"not_picked":["theMarked:Frustration","theMarked:EmpowerWeapon"],"picked":"theMarked:RepellingDischarge","floor":11},{"not_picked":["theMarked:TunnelVision","theMarked:SwordAndMagic"],"picked":"theMarked:ResourceFulStrike","floor":12},{"not_picked":["theMarked:Levitate","theMarked:SummonStrength"],"picked":"theMarked:BindingBlade","floor":16},{"not_picked":["theMarked:Frustration","theMarked:Aftermath"],"picked":"theMarked:HeritageOfTheMarked+1","floor":18},{"not_picked":["theMarked:ShockingTouch","theMarked:WastefulAttack"],"picked":"theMarked:BanishingStrike","floor":19},{"not_picked":["theMarked:EnhanceMovement","theMarked:ChainLightning","theMarked:Electrocute"],"picked":"SKIP","floor":21},{"not_picked":["theMarked:WardOff","theMarked:Electrocute","theMarked:BanishingStrike"],"picked":"SKIP","floor":22},{"not_picked":["theMarked:TunnelVision","theMarked:CreepingChasm","theMarked:Overthink"],"picked":"SKIP","floor":23},{"not_picked":["theMarked:ContemptForTheProud+1","theMarked:ElectricStrings","theMarked:PowerFlow"],"picked":"SKIP","floor":28},{"not_picked":["theMarked:SwordAndMagic","theMarked:Parkour"],"picked":"theMarked:TwofoldDefense","floor":29}],"player_experience":647512,"relics_obtained":[{"floor":6,"key":"Girya"},{"floor":8,"key":"MawBank"},{"floor":9,"key":"Mango"},{"floor":23,"key":"Smiling Mask"},{"floor":26,"key":"Tiny Chest"}],"event_choices":[{"damage_healed":0,"gold_gain":0,"cards_transformed":["theMarked:Strike"],"player_choice":"Transformed","damage_taken":0,"max_hp_gain":0,"max_hp_loss":0,"event_name":"Transmorgrifier","floor":14,"gold_loss":0,"cards_obtained":["theMarked:Generate"]},{"damage_healed":0,"gold_gain":0,"cards_transformed":["theMarked:Strike","theMarked:Strike"],"player_choice":"Became Test Subject","damage_taken":0,"max_hp_gain":0,"max_hp_loss":0,"event_name":"Drug Dealer","floor":31,"gold_loss":0,"cards_obtained":["theMarked:LightningStrikesTwice","theMarked:UnarmedFury"]}],"is_beta":false,"boss_relics":[{"not_picked":["SacredBark","Cursed Key"],"picked":"theMarked:BronzeBlade"}],"items_purged_floors":[30],"is_endless":false,"potions_floor_spawned":[3,4,6,7,16,18,19,22,28],"killed_by":"Automaton","ascension_level":0}}