{"host":"fne7yx97fnz7kq05","time":1608570249,"event":{"mods":["BaseMod","Colored Map","Colored Powertips","Highlight Path","Minty Spire (QoL Compilation)","Relic Stats"],"gold_per_floor":[112,125,125,140,154,187,187,218,241,268,268,268,288,301,301,301,301],"floor_reached":16,"playtime":594,"items_purged":[],"score":238,"play_id":"0e61a3a0-5a94-4408-9c92-1917d0914aac","local_time":"20201221110409","is_ascension_mode":true,"campfire_choices":[{"floor":7,"key":"REST"},{"floor":11,"key":"REST"},{"data":"Bludgeon","floor":15,"key":"SMITH"}],"circlet_count":0,"master_deck":["AscendersBane","Strike_R","Strike_R","Strike_R","Strike_R","Strike_R","Defend_R","Defend_R","Defend_R","Bash","Twin Strike","Perfected Strike","Bludgeon+1","Pommel Strike","Whirlwind","Feed","Shrug It Off"],"relics":["Burning Blood","Strawberry","Girya","Bag of Preparation","Lantern","Dream Catcher"],"acts_visited":["Exordium"],"potions_floor_usage":[6,8,16,16],"damage_taken":[{"damage":6,"enemies":"Cultist","floor":1,"turns":3},{"damage":9,"enemies":"Jaw Worm","floor":2,"turns":3},{"damage":5,"enemies":"Small Slimes","floor":4,"turns":3},{"damage":35,"enemies":"Exordium Thugs","floor":5,"turns":5},{"damage":35,"enemies":"3 Sentries","floor":6,"turns":7},{"damage":6,"enemies":"Gremlin Nob","floor":8,"turns":3},{"damage":30,"enemies":"Lagavulin","floor":10,"turns":6},{"damage":8,"enemies":"2 Fungi Beasts","floor":13,"turns":3},{"damage":10,"enemies":"Red Slaver","floor":14,"turns":3},{"damage":43,"enemies":"Hexaghost","floor":16,"turns":7}],"seed_played":"2765620495570537629","potions_obtained":[{"floor":2,"key":"ColorlessPotion"},{"floor":6,"key":"AttackPotion"},{"floor":12,"key":"Block Potion"},{"floor":12,"key":"FearPotion"}],"is_trial":false,"path_per_floor":["M","M","?","M","M","E","R","E","T","E","R","?","M","M","R","B"],"character_chosen":"IRONCLAD","items_purchased":[],"campfire_rested":2,"item_purchase_floors":[],"current_hp_per_floor":[75,72,72,73,44,15,39,39,39,15,39,39,40,36,36,0,0],"gold":301,"neow_bonus":"RANDOM_COMMON_RELIC","is_daily":false,"chose_seed":false,"campfire_upgraded":1,"win_rate":0.0,"timestamp":1608570249,"path_taken":["M","M","?","M","?","E","R","E","T","E","R","?","M","M","R","BOSS"],"items_purchased_type":[],"build_version":"2020-12-13","purchased_purges":0,"victory":false,"max_hp_per_floor":[82,82,82,82,82,82,82,82,82,82,82,82,85,85,85,85,85],"relic_stats":{"Dream Catcher":1,"counters":[10,43],"Bag of Preparation":[8],"obtain_stats":[{"Girya":6,"Lantern":9,"Dream Catcher":10,"Strawberry":0,"Bag of Preparation":8,"Burning Blood":0},{"Girya":5,"Lantern":6,"Dream Catcher":7,"Strawberry":0,"Bag of Preparation":6,"Burning Blood":0},{"Girya":21,"Lantern":24,"Dream Catcher":30,"Strawberry":0,"Bag of Preparation":24,"Burning Blood":0}],"Burning Blood":54},"card_choices":[{"not_picked":["Dark Embrace","Flex"],"picked":"Twin Strike","floor":1},{"not_picked":["Havoc","Second Wind"],"picked":"Perfected Strike","floor":2},{"not_picked":["Pommel Strike","Seeing Red"],"picked":"Bludgeon","floor":4},{"not_picked":["Flex","Wild Strike"],"picked":"Pommel Strike","floor":5},{"not_picked":["Second Wind","Iron Wave"],"picked":"Whirlwind","floor":6},{"not_picked":["Armaments","Dark Embrace"],"picked":"Feed","floor":8},{"not_picked":["Intimidate","Flame Barrier","Infernal Blade"],"picked":"SKIP","floor":10},{"not_picked":["Heavy Blade","Iron Wave"],"picked":"Shrug It Off","floor":11},{"not_picked":["Spot Weakness","Intimidate","Sword Boomerang"],"picked":"SKIP","floor":13},{"not_picked":["Body Slam","Whirlwind","Rage"],"picked":"SKIP","floor":14}],"player_experience":120302,"relics_obtained":[{"floor":6,"key":"Girya"},{"floor":8,"key":"Bag of Preparation"},{"floor":9,"key":"Lantern"},{"floor":10,"key":"Dream Catcher"}],"event_choices":[{"cards_removed":["Defend_R"],"damage_healed":0,"gold_gain":0,"player_choice":"Offered Basic","damage_taken":0,"max_hp_gain":0,"max_hp_loss":0,"event_name":"Bonfire Elementals","floor":3,"gold_loss":0},{"damage_healed":0,"gold_gain":0,"player_choice":"Got Potions","damage_taken":0,"max_hp_gain":0,"max_hp_loss":0,"event_name":"Lab","floor":12,"gold_loss":0}],"is_beta":false,"boss_relics":[],"items_purged_floors":[],"is_endless":false,"potions_floor_spawned":[2,6,13,14],"killed_by":"Hexaghost","ascension_level":19}}