{"host":"dcj2yvrgcvh5dl2s","time":1608530927,"event":{"mods":["BaseMod","Better Note","Block Reminder","Colored Powertips","DeckTracker","Minty Spire (QoL Compilation)","Quick Restart","Rare Cards Sparkle","Relic Stats","StSLib"],"gold_per_floor":[111,124,134,151,151,151,184,184,184,218,238,254,254,254,254,254,254],"floor_reached":16,"playtime":526,"items_purged":[],"score":179,"play_id":"d592a937-47ad-4ce4-a40e-0fd9333888a6","local_time":"20201221160847","is_ascension_mode":true,"campfire_choices":[{"data":"True Grit","floor":6,"key":"SMITH"},{"data":"Flex","floor":8,"key":"SMITH"},{"floor":13,"key":"REST"},{"floor":15,"key":"REST"}],"circlet_count":0,"master_deck":["AscendersBane","Strike_R","Strike_R","Strike_R","Strike_R","Strike_R","Defend_R","Defend_R","Defend_R","Defend_R","Bash","True Grit+1","Sword Boomerang","Pommel Strike","Sword Boomerang+1","Flex+1","Whirlwind+1","Intimidate"],"relics":["Burning Blood","NeowsBlessing","Centennial Puzzle","Thread and Needle","White Beast Statue","Shuriken"],"acts_visited":["Exordium"],"potions_floor_usage":[7,11,12,16],"damage_taken":[{"damage":0,"enemies":"Cultist","floor":1,"turns":1},{"damage":0,"enemies":"Jaw Worm","floor":2,"turns":1},{"damage":0,"enemies":"2 Louse","floor":3,"turns":2},{"damage":27,"enemies":"Exordium Wildlife","floor":4,"turns":6},{"damage":31,"enemies":"Lagavulin","floor":7,"turns":7},{"damage":25,"enemies":"Gremlin Nob","floor":10,"turns":4},{"damage":2,"enemies":"Red Slaver","floor":11,"turns":2},{"damage":7,"enemies":"Looter","floor":12,"turns":3},{"damage":73,"enemies":"Hexaghost","floor":16,"turns":9}],"seed_played":"-8472202733213955469","potions_obtained":[{"floor":1,"key":"BloodPotion"},{"floor":2,"key":"DistilledChaos"},{"floor":7,"key":"EssenceOfSteel"},{"floor":10,"key":"PowerPotion"},{"floor":11,"key":"GamblersBrew"},{"floor":12,"key":"Fruit Juice"}],"is_trial":false,"path_per_floor":["M","M","M","M","?","R","E","R","T","E","M","M","R","?","R","B"],"character_chosen":"IRONCLAD","items_purchased":[],"campfire_rested":2,"item_purchase_floors":[],"current_hp_per_floor":[78,80,80,59,59,59,50,50,50,31,35,39,64,47,72,0,0],"gold":254,"neow_bonus":"THREE_ENEMY_KILL","is_daily":false,"chose_seed":false,"campfire_upgraded":2,"win_rate":0.0,"timestamp":1608530927,"path_taken":["M","?","M","M","?","R","E","R","T","E","M","?","R","?","R","BOSS"],"items_purchased_type":[],"build_version":"2020-12-13","purchased_purges":0,"victory":false,"max_hp_per_floor":[80,80,80,80,80,80,80,80,80,80,80,85,85,85,85,85,85],"relic_stats":{"Centennial Puzzle":[15],"counters":[9,35],"Shuriken":[1],"obtain_stats":[{"Centennial Puzzle":5,"NeowsBlessing":0,"Shuriken":10,"Thread and Needle":7,"Burning Blood":0,"White Beast Statue":9},{"Centennial Puzzle":4,"NeowsBlessing":0,"Shuriken":6,"Thread and Needle":5,"Burning Blood":0,"White Beast Statue":5},{"Centennial Puzzle":10,"NeowsBlessing":0,"Shuriken":21,"Thread and Needle":17,"Burning Blood":0,"White Beast Statue":17}],"Burning Blood":38},"card_choices":[{"not_picked":["Fire Breathing","Twin Strike"],"picked":"True Grit","floor":1},{"not_picked":["Dropkick","Perfected Strike"],"picked":"Sword Boomerang","floor":2},{"not_picked":["Clash","Wild Strike"],"picked":"Pommel Strike","floor":3},{"not_picked":["Fire Breathing","True Grit"],"picked":"Sword Boomerang","floor":4},{"not_picked":["Clothesline","Wild Strike"],"picked":"Flex","floor":7},{"not_picked":["Havoc","Rupture"],"picked":"Whirlwind","floor":10},{"not_picked":["Bloodletting","Sever Soul"],"picked":"Intimidate","floor":11},{"not_picked":["Wild Strike","Entrench","Pommel Strike"],"picked":"SKIP","floor":12}],"player_experience":1996782,"relics_obtained":[{"floor":7,"key":"Thread and Needle"},{"floor":9,"key":"White Beast Statue"},{"floor":10,"key":"Shuriken"}],"event_choices":[{"damage_healed":0,"gold_gain":0,"player_choice":"Gave Potion","damage_taken":0,"relics_obtained":["Centennial Puzzle"],"max_hp_gain":0,"max_hp_loss":0,"event_name":"WeMeetAgain","floor":5,"gold_loss":0},{"damage_healed":0,"gold_gain":0,"player_choice":"Entered Light","damage_taken":17,"max_hp_gain":0,"max_hp_loss":0,"event_name":"Shining Light","floor":14,"gold_loss":0,"cards_upgraded":["Whirlwind","Sword Boomerang"]}],"is_beta":false,"boss_relics":[],"items_purged_floors":[],"is_endless":false,"potions_floor_spawned":[1,2,7,10,11,12],"killed_by":"Hexaghost","ascension_level":12}}