{"host":"61ejhfsushs0xmcl","time":1608538830,"event":{"mods":["ATMod(阿瑾Mod)","Act Like it!","BaseMod","Colored Map","Gold Saver","Minty Spire (QoL Compilation)","MostiFishMod","Spicy Shops","StSLib","TestMod","Waifu the Spire","【功能Mod】聪明的最终Boss","篝火指南"],"gold_per_floor":[-1288,-1276,-1276,-1263,-1248,-1223,-1207,-1177,-1177,-1152,-1140,-1140,-1127,-1100,-1100,-1027,-1027,20,53,67,79,79,79,109,109,160,160,186,202,212,243,243,317,317,337,559,959,458,458,492,504,544,602,614,642,270,324,366,34,59,184,184,184,24,109,134],"floor_reached":57,"playtime":2168,"items_purged":["Strike_B","Defend_B","Defend_B","Dualcast","MostiFishMod:Nova","Zap"],"score":3865,"play_id":"d87dfd69-7eaa-44ec-b5f8-577b3bbd3284","local_time":"20201221162030","is_ascension_mode":true,"campfire_choices":[{"data":"AT_StudyProgram","floor":12.0,"key":"SMITH"},{"data":"Heatsinks","floor":15.0,"key":"SMITH"},{"data":"Fission","floor":23.0,"key":"SMITH"},{"data":"Coolheaded","floor":32.0,"key":"SMITH"},{"floor":41.0,"key":"RECALL"},{"data":"Machine Learning","floor":53.0,"key":"SMITH"}],"circlet_count":0,"master_deck":["AscendersBane","Defend_B","Defend_B","AT_StudyProgram+1","Skim+1","Ball Lightning+1","Fusion+1","AT_HeatAcrobatics+1","AT_EMC2+1","Heatsinks+1","MostiFishMod:ActiveDefenseSystem+1","Fission+1","Ghostly","Ghostly","Ghostly","Turbo+1","Machine Learning+1","Coolheaded+1","MostiFishMod:InterfaceCompatibility+1","AT_ThunderBolt+1"],"relics":["testmod-TestBox","AT_ATBox","SynthV:MejaisSoulstealer","testmod-TurbochargingSystem","OneHitWonderSystem","Question Card","Sundial","AT_SilverBalance","Meat on the Bone","Akabeko","ImportantClient","FeatherPendant","Red Mask","SacredBark","AT_SilvercatRing","AT_BellDemon","Toy Ornithopter","Singing Bowl","AT_RedTearstoneRing","Lantern","Orichalcum","AT_BellowingDragoncrestRing","SynthV:C4","HereWithMe","Letter Opener","Runic Capacitor","Orrery","MawBank","Frozen Egg 2","Symbiotic Virus","Centennial Puzzle","Pen Nib","Vajra","AT_MibuBalloonWealth","Juzu Bracelet","testmod-AssaultLearning","Bag of Preparation","Anchor","AT_GoldPhoenixTree"],"acts_visited":["Exordium","TheCity","TheBeyond","TheEnding"],"potions_floor_usage":[56,56,56],"damage_taken":[{"damage":0.0,"enemies":"Cultist","floor":1.0,"turns":3.0},{"damage":0.0,"enemies":"Small Slimes","floor":2.0,"turns":2.0},{"damage":0.0,"enemies":"2 Louse","floor":4.0,"turns":2.0},{"damage":0.0,"enemies":"Blue Slaver","floor":5.0,"turns":2.0},{"damage":0.0,"enemies":"3 Sentries","floor":6.0,"turns":4.0},{"damage":0.0,"enemies":"2 Fungi Beasts","floor":7.0,"turns":2.0},{"damage":0.0,"enemies":"Gremlin Nob","floor":8.0,"turns":3.0},{"damage":0.0,"enemies":"3 Sentries","floor":10.0,"turns":4.0},{"damage":0.0,"enemies":"Exordium Thugs","floor":11.0,"turns":3.0},{"damage":0.0,"enemies":"Exordium Wildlife","floor":13.0,"turns":2.0},{"damage":0.0,"enemies":"Slime Boss","floor":16.0,"turns":5.0},{"damage":0.0,"enemies":"2 Thieves","floor":18.0,"turns":3.0},{"damage":0.0,"enemies":"Masked Bandits","floor":19.0,"turns":2.0},{"damage":0.0,"enemies":"3 Byrds","floor":20.0,"turns":3.0},{"damage":0.0,"enemies":"Snecko","floor":21.0,"turns":3.0},{"damage":0.0,"enemies":"Gremlin Leader","floor":24.0,"turns":2.0},{"damage":0.0,"enemies":"Slavers","floor":28.0,"turns":3.0},{"damage":0.0,"enemies":"Cultist and Chosen","floor":29.0,"turns":2.0},{"damage":0.0,"enemies":"Centurion and Healer","floor":30.0,"turns":3.0},{"damage":0.0,"enemies":"Book of Stabbing","floor":31.0,"turns":3.0},{"damage":0.0,"enemies":"Champ","floor":33.0,"turns":2.0},{"damage":0.0,"enemies":"Orb Walker","floor":35.0,"turns":3.0},{"damage":0.0,"enemies":"Reptomancer","floor":40.0,"turns":3.0},{"damage":0.0,"enemies":"Giant Head","floor":42.0,"turns":2.0},{"damage":0.0,"enemies":"3 Darklings","floor":45.0,"turns":1.0},{"damage":0.0,"enemies":"Nemesis","floor":47.0,"turns":3.0},{"damage":0.0,"enemies":"Writhing Mass","floor":48.0,"turns":1.0},{"damage":0.0,"enemies":"Time Eater","floor":50.0,"turns":6.0},{"damage":0.0,"enemies":"Awakened One","floor":51.0,"turns":2.0},{"damage":0,"enemies":"Shield and Spear","floor":55,"turns":1},{"damage":0,"enemies":"The Heart","floor":56,"turns":4}],"seed_played":"-6789401158009333832","potions_obtained":[{"floor":1.0,"key":"Strength Potion"},{"floor":2.0,"key":"PowerPotion"},{"floor":7.0,"key":"testmod-SpacePotion"},{"floor":16.0,"key":"SpeedPotion"},{"floor":18.0,"key":"Dexterity Potion"},{"floor":20.0,"key":"EntropicBrew"},{"floor":29.0,"key":"DistilledChaos"},{"floor":44.0,"key":"testmod-EscapePotion"}],"is_trial":false,"path_per_floor":["M","M","?","M","M","E","M","E","T","E","M","R","M","T","R","B",null,"M","?","M","M","?","R","E","?","T","?","E","M","M","E","R","B",null,"M","?","?","$","?","E","R","E","T","?","M","$","E","M","R","B","B",null,"R","$","E","B",null],"character_chosen":"DEFECT","items_purchased":["Runic Capacitor","Orrery","AT_ThunderBolt","AT_MibuBalloonWealth","Bag of Preparation"],"campfire_rested":0,"item_purchase_floors":[38,38,38,46,49],"current_hp_per_floor":[1,1,1,1,1,1,1,1,1,1,1,1,1,1,1,1,1,1,1,1,1,1,1,1,1,1,1,3,1,3,1,1,1,1,3,1,1,11,1,3,1,3,1,1,3,1,3,3,1,1,1,1,1,1,3,1],"gold":134,"neow_bonus":"BOSS_RELIC","is_daily":false,"chose_seed":false,"campfire_upgraded":5,"win_rate":0.0,"timestamp":1608538830,"path_taken":["M","?","?","M","M","E","M","E","T","E","?","R","M","?","R","BOSS","M","?","M","M","?","R","E","?","T","?","E","M","M","E","R","BOSS","M","?","?","?","?","E","R","E","T","?","?","$","E","M","R","BOSS","BOSS","R","$","E","BOSS"],"items_purchased_type":["Relic","Relic","Card","Relic","Relic"],"build_version":"2020-12-13","purchased_purges":6,"victory":true,"max_hp_per_floor":[1,1,1,1,1,1,1,1,1,1,1,1,1,1,1,1,1,1,1,1,1,1,1,1,1,1,1,3,1,3,1,1,1,1,3,1,1,11,1,3,1,3,1,1,3,1,3,3,1,1,1,1,1,1,3,1],"card_choices":[{"not_picked":["Darkness","AT_HeatAcrobatics"],"picked":"Skim","floor":1.0},{"not_picked":["Darkness","Undo","Static Discharge","Chaos"],"picked":"SKIP","floor":2.0},{"not_picked":["Steam Power","Barrage","Conserve Battery","Aggregate"],"picked":"SKIP","floor":4.0},{"not_picked":["Leap","Conserve Battery","White Noise"],"picked":"Ball Lightning","floor":5.0},{"not_picked":["Double Energy","Streamline","Static Discharge"],"picked":"Fusion","floor":6.0},{"not_picked":["Rebound","Go for the Eyes","BootSequence"],"picked":"AT_HeatAcrobatics","floor":7.0},{"not_picked":["Static Discharge","Streamline","Rip and Tear"],"picked":"AT_EMC2","floor":8.0},{"not_picked":["Rebound","Go for the Eyes","Beam Cell"],"picked":"MostiFishMod:Nova","floor":10.0},{"not_picked":["Tempest","Conserve Battery","Barrage","Hologram"],"picked":"SKIP","floor":11.0},{"not_picked":["Redo","Gash","Thunder Strike"],"picked":"Heatsinks","floor":13.0},{"not_picked":["Reboot","MostiFishMod:IntelligentEquipment","MostiFishMod:Tomorrow"],"picked":"MostiFishMod:ActiveDefenseSystem","floor":16.0},{"not_picked":["Stack","Go for the Eyes","Skim","Steam"],"picked":"SKIP","floor":18.0},{"not_picked":["Steam Power","Conserve Battery","Genetic Algorithm"],"picked":"Fission","floor":20.0},{"not_picked":["Beam Cell","AT_EMC2","Steam Power","Compile Driver"],"picked":"SKIP","floor":21.0},{"not_picked":["Consume","AT_HeatAcrobatics","Rebound","Hologram"],"picked":"SKIP","floor":24.0},{"not_picked":["Hologram","Chill","Lockon","Compile Driver"],"picked":"Singing Bowl","floor":28.0},{"not_picked":["Barrage","FTL","Rebound"],"picked":"Machine Learning","floor":29.0},{"not_picked":["Aggregate+1","Leap","Chill","Conserve Battery"],"picked":"Singing Bowl","floor":30.0},{"not_picked":["Cold Snap","Redo","Beam Cell"],"picked":"Coolheaded","floor":31.0},{"not_picked":["MostiFishMod:Culaccino","Reboot","MostiFishMod:ATRI"],"picked":"MostiFishMod:InterfaceCompatibility","floor":33.0},{"not_picked":["Coolheaded","Static Discharge","Rip and Tear","Go for the Eyes"],"picked":"Singing Bowl","floor":35.0},{"not_picked":["Cold Snap","Steam Power","Redo","Self Repair"],"picked":"Singing Bowl","floor":38.0},{"not_picked":["Doom and Gloom","Skim","Leap","FTL+1"],"picked":"Singing Bowl","floor":38.0},{"not_picked":["Tempest","Stack+1","Genetic Algorithm+1","Hologram"],"picked":"Singing Bowl","floor":38.0},{"not_picked":["Static Discharge","Conserve Battery","Aggregate","Go for the Eyes"],"picked":"Singing Bowl","floor":38.0},{"not_picked":["Compile Driver","Skim","Darkness","Cold Snap"],"picked":"Singing Bowl","floor":38.0},{"not_picked":["Reinforced Body","Rebound","MostiFishMod:ATRI","Redo"],"picked":"Singing Bowl","floor":40.0},{"not_picked":["Streamline","Skim+1","MostiFishMod:ATRI","Rebound+1"],"picked":"Singing Bowl","floor":42.0},{"not_picked":["MostiFishMod:ReprogramOld","AT_HeatAcrobatics","Heatsinks+1","Turbo"],"picked":"Singing Bowl","floor":45.0},{"not_picked":["Hologram","Compile Driver","Streamline","Undo+1"],"picked":"Singing Bowl","floor":47.0},{"not_picked":["Compile Driver","MostiFishMod:Distribution","Ball Lightning","Steam"],"picked":"Singing Bowl","floor":48.0},{"not_picked":["Darkness+1","Rip and Tear","Double Energy","Cold Snap"],"picked":"Singing Bowl","floor":55}],"player_experience":744601,"relics_obtained":[{"floor":1.0,"key":"Question Card"},{"floor":6.0,"key":"Sundial"},{"floor":8.0,"key":"AT_SilverBalance"},{"floor":10.0,"key":"Meat on the Bone"},{"floor":14.0,"key":"Akabeko"},{"floor":16.0,"key":"ImportantClient"},{"floor":19.0,"key":"Red Mask"},{"floor":24.0,"key":"AT_SilvercatRing"},{"floor":26.0,"key":"AT_BellDemon"},{"floor":28.0,"key":"Toy Ornithopter"},{"floor":28.0,"key":"Singing Bowl"},{"floor":29.0,"key":"AT_RedTearstoneRing"},{"floor":30.0,"key":"Lantern"},{"floor":31.0,"key":"Orichalcum"},{"floor":31.0,"key":"AT_BellowingDragoncrestRing"},{"floor":33.0,"key":"SynthV:C4"},{"floor":35.0,"key":"Letter Opener"},{"floor":40.0,"key":"MawBank"},{"floor":40.0,"key":"Frozen Egg 2"},{"floor":42.0,"key":"Symbiotic Virus"},{"floor":42.0,"key":"Centennial Puzzle"},{"floor":43.0,"key":"Pen Nib"},{"floor":45.0,"key":"Vajra"},{"floor":47.0,"key":"Juzu Bracelet"},{"floor":48.0,"key":"testmod-AssaultLearning"},{"floor":55,"key":"Anchor"},{"floor":55,"key":"AT_GoldPhoenixTree"}],"event_choices":[{"cards_removed":["Strike_B"],"damage_healed":0.0,"max_hp_gain":0.0,"max_hp_loss":0.0,"gold_gain":0.0,"event_name":"Wheel of Change","player_choice":"Card Removal","floor":3.0,"gold_loss":0.0,"damage_taken":0.0},{"damage_healed":0.0,"max_hp_gain":0.0,"max_hp_loss":0.0,"gold_gain":0.0,"event_name":"Masked Bandits","player_choice":"Fought Bandits","floor":19.0,"gold_loss":0.0,"damage_taken":0.0},{"damage_healed":0.0,"max_hp_gain":0.0,"max_hp_loss":0.0,"gold_gain":0.0,"event_name":"给自己的盒子","player_choice":"Swap Relic","floor":22.0,"relics_lost":["DaveBox"],"gold_loss":0.0,"damage_taken":0.0,"relics_obtained":["DaveBox"]},{"damage_healed":0.0,"max_hp_gain":0.0,"max_hp_loss":0.0,"gold_gain":0.0,"event_name":"Ghosts","player_choice":"Became a Ghost","floor":25.0,"gold_loss":0.0,"damage_taken":0.0,"cards_obtained":["Ghostly","Ghostly","Ghostly"]},{"damage_healed":0.0,"max_hp_gain":0.0,"max_hp_loss":0.0,"gold_gain":0.0,"cards_transformed":["Strike_B","Strike_B"],"event_name":"Drug Dealer","player_choice":"Became Test Subject","floor":27.0,"gold_loss":0.0,"damage_taken":0.0,"cards_obtained":["Turbo","MostiFishMod:Nova"]},{"damage_healed":0.0,"max_hp_gain":0.0,"max_hp_loss":0.0,"gold_gain":222.0,"event_name":"Tomb of Lord Red Mask","player_choice":"Wore Mask","floor":36.0,"gold_loss":0.0,"damage_taken":0.0},{"damage_healed":0.0,"max_hp_gain":0.0,"max_hp_loss":0.0,"gold_gain":400.0,"event_name":"恩洛斯的盘子","player_choice":"Sell","floor":37.0,"relics_lost":["DaveBox"],"gold_loss":0.0,"damage_taken":0.0},{"cards_removed":["MostiFishMod:Nova"],"damage_healed":0.0,"max_hp_gain":0.0,"max_hp_loss":0.0,"gold_gain":0.0,"event_name":"Falling","player_choice":"Removed Attack","floor":39.0,"gold_loss":0.0,"damage_taken":0.0},{"damage_healed":0.0,"max_hp_gain":0.0,"max_hp_loss":0.0,"gold_gain":0.0,"event_name":"Lab","player_choice":"Got Potions","floor":44.0,"gold_loss":0.0,"damage_taken":0.0}],"is_beta":false,"boss_relics":[{"not_picked":["Snecko Eye","Inserter"],"picked":"FeatherPendant"},{"not_picked":["Runic Dome","ExusiaiGun"],"picked":"HereWithMe"}],"items_purged_floors":[38,38,46,46,49,54],"is_endless":false,"potions_floor_spawned":[1,2,5,7,16,18,20,24,29,30,31,40,47,48],"ascension_level":20}}