{"host":"7o30bgpqouqblh42","time":1608574583,"event":{"mods":["AchievementEnabler","Aspiration","BaseMod","Colored Map","Downfall","Highlight Path","Hubris","Minty Spire (QoL Compilation)","StSLib","SuperFastMode"],"gold_per_floor":[99,99,24,24,35,35,112,112,146,146,146,146,246,259,277,376,376,376,395,414,414,414,93,118,152,169,169,181,281,96,111,129,233,233,233,261,261,271,290,290,314,239,270,270,270,255,255,255,255],"floor_reached":47,"playtime":2877,"items_purged":["Guardian:Defend_Guardian","Guardian:Clone"],"score":497,"play_id":"ea2886ac-1308-4c9f-a536-b4de58fccdcc","local_time":"20201221131623","is_ascension_mode":false,"campfire_choices":[{"floor":1,"key":"RECALL"},{"data":"Guardian:GatlingBeam","floor":3,"key":"SMITH"},{"data":"Guardian:TwinSlam","floor":6,"key":"SMITH"},{"data":"Guardian:EvasiveProtocol","floor":8,"key":"SMITH"},{"data":"Guardian:Preprogram","floor":10,"key":"SMITH"},{"data":"Guardian:GemFinder","floor":18,"key":"SMITH"},{"data":"Guardian:BronzeOrb","floor":21,"key":"SMITH"},{"data":"Guardian:BaubleBeam","floor":27,"key":"SMITH"},{"data":"Guardian:Orbwalk","floor":35,"key":"SMITH"},{"data":"Guardian:FloatingOrbs","floor":42,"key":"SMITH"}],"circlet_count":0,"master_deck":["Guardian:Strike_Guardian","Guardian:Strike_Guardian","Guardian:Defend_Guardian","Guardian:Defend_Guardian","Guardian:Defend_Guardian","Guardian:CurlUp+1","Guardian:TwinSlam+1","Guardian:GatlingBeam+1","Guardian:EvasiveProtocol+1","Guardian:Preprogram+1","Guardian:ChargeCore","Guardian:BronzeOrb+1","Guardian:GemFinder+1","Guardian:WalkerClaw","Guardian:ChargeUp","Guardian:PrismaticBeam","Guardian:Incinerate","Guardian:FloatingOrbs+1","Guardian:BaubleBeam+1","Guardian:CrystalBeam+1","Guardian:BaubleBeam","Guardian:Orbwalk+1","Guardian:MultiBeam","Guardian:Aged","Guardian:Reroute","Guardian:Gem_Red","Guardian:Orbwalk","expansioncontent:DefensiveStance","expansioncontent:Chronoboost","expansioncontent:CaCaw","Guardian:Planning+1"],"relics":["Guardian:ModeShifter","hubris:TenFootPole","downfall:HeartBlessingRed","Eternal Feather","Anchor","hubris:ScarierMask","Boot","hubris:BottledRain","Black Star","Orichalcum","Shuriken","Guardian:StasisEgg","downfall:HeartBlessingBlue","hubris:FunFungus","Dream Catcher"],"acts_visited":["Exordium","TheCity","TheBeyond"],"potions_floor_usage":[16,16,25,33,36,36],"damage_taken":[{"damage":6,"enemies":"Jaw Worm","floor":5,"turns":2},{"damage":9,"enemies":"Gremlin Nob","floor":9,"turns":5},{"damage":0,"enemies":"2 Louse","floor":14,"turns":2},{"damage":0,"enemies":"Small Slimes","floor":15,"turns":3},{"damage":7,"enemies":"downfall:Watcher","floor":16,"turns":9},{"damage":0,"enemies":"Spheric Guardian","floor":19,"turns":3},{"damage":9,"enemies":"Shell Parasite","floor":20,"turns":4},{"damage":0,"enemies":"downfall:FleeingMerchant","floor":23,"turns":4},{"damage":7,"enemies":"Gremlin Leader","floor":25,"turns":5},{"damage":4,"enemies":"Snake Plant","floor":26,"turns":4},{"damage":13,"enemies":"Shelled Parasite and Fungi","floor":28,"turns":4},{"damage":10,"enemies":"downfall:FleeingMerchant","floor":30,"turns":4},{"damage":0,"enemies":"Centurion and Healer","floor":31,"turns":2},{"damage":0,"enemies":"3 Cultists","floor":32,"turns":3},{"damage":11,"enemies":"downfall:Silent","floor":33,"turns":5},{"damage":30,"enemies":"Giant Head","floor":36,"turns":7},{"damage":7,"enemies":"3 Darklings","floor":38,"turns":4},{"damage":1,"enemies":"Orb Walker","floor":39,"turns":3},{"damage":44,"enemies":"Reptomancer","floor":43,"turns":4},{"damage":14,"enemies":"downfall:FleeingMerchant","floor":46,"turns":4},{"damage":5,"enemies":"Sphere and 2 Shapes","floor":47,"turns":3}],"seed_played":"-6710842661145057156","potions_obtained":[{"floor":14,"key":"Explosive Potion"},{"floor":15,"key":"BlessingOfTheForge"},{"floor":16,"key":"BlessingOfTheForge"},{"floor":20,"key":"Block Potion"},{"floor":25,"key":"Ancient Potion"},{"floor":28,"key":"SneckoOil"},{"floor":32,"key":"ColorlessPotion"},{"floor":33,"key":"hexamod:EctoCoolerPotion"},{"floor":38,"key":"FearPotion"}],"is_trial":false,"path_per_floor":["R","?","R","?","M","R","T","R","E","R","?","?","?","M","M","B",null,"R","M","M","R","?","$","T","E","M","R","M","?","$","M","M","B",null,"R","E","?","M","M","?","T","R","E","?","?","$","M"],"character_chosen":"GUARDIAN","items_purchased":["Guardian:ChargeUp","Guardian:PrismaticBeam","Guardian:Incinerate","Guardian:FloatingOrbs","Guardian:Gem_Yellow"],"campfire_rested":0,"item_purchase_floors":[23,23,23,23,30],"current_hp_per_floor":[56,49,49,49,43,43,43,49,40,46,46,46,46,46,46,39,80,80,80,71,80,80,80,80,73,69,80,67,67,57,57,57,46,80,80,50,50,43,42,42,42,67,23,18,18,4,0,0,0],"gold":255,"neow_bonus":"THREE_RARE_CARDS","is_daily":false,"chose_seed":false,"campfire_upgraded":9,"win_rate":0.0,"timestamp":1608574583,"path_taken":["R","?","R","?","M","R","T","R","E","R","?","?","?","M","M","BOSS","R","M","M","R","?","?","T","E","M","R","?","?","$","?","M","BOSS","R","E","?","M","M","?","T","R","E","?","?","$","M"],"items_purchased_type":["Card","Card","Card","Card","Card"],"build_version":"2020-12-13","purchased_purges":2,"victory":false,"max_hp_per_floor":[80,80,80,80,80,80,80,80,80,80,80,80,80,80,80,80,80,80,80,80,80,80,80,80,80,80,80,80,80,80,80,80,80,80,80,80,80,80,80,80,80,90,90,90,90,90,90,90,90],"card_choices":[{"not_picked":["Guardian:TimeSifter","Guardian:RevengeProtocol"],"picked":"Guardian:GatlingBeam","floor":0},{"not_picked":["Guardian:TimeCapacitor","Guardian:TimeBomb"],"picked":"Guardian:EvasiveProtocol","floor":5},{"not_picked":["Guardian:PiercingHide","Guardian:VentSteam"],"picked":"Guardian:Preprogram","floor":9},{"not_picked":["Guardian:PrismaticBeam","Guardian:FloatingOrbs"],"picked":"Guardian:ChargeCore","floor":14},{"not_picked":["Guardian:Orbwalk","Guardian:TemporalStrike"],"picked":"Guardian:BronzeOrb","floor":15},{"not_picked":["Guardian:FierceBash","Guardian:Gem_Synthetic"],"picked":"Guardian:GemFinder","floor":16},{"not_picked":["Guardian:Gem_Lightblue","Guardian:Gem_Green"],"picked":"Guardian:Gem_Red","floor":19},{"not_picked":["Guardian:Gem_Crimson","Guardian:PiercingHide"],"picked":"Guardian:Clone","floor":19},{"not_picked":["Guardian:Gem_Green","Guardian:Gem_Lightblue"],"picked":"Guardian:Gem_Red","floor":20},{"not_picked":["Guardian:Incinerate","Guardian:PrimingBeam"],"picked":"Guardian:WalkerClaw","floor":20},{"not_picked":["Guardian:Clone","Guardian:ShieldSpikes"],"picked":"Guardian:Gem_Yellow","floor":23},{"not_picked":["Guardian:Gem_Green","Guardian:Gem_Cyan"],"picked":"Guardian:Gem_Lightblue","floor":25},{"not_picked":["Guardian:Reroute","Guardian:RollAttack"],"picked":"Guardian:BaubleBeam","floor":25},{"not_picked":["Guardian:Gem_Green","Guardian:Gem_Cyan"],"picked":"Guardian:Gem_Red","floor":26},{"not_picked":["Guardian:TemporalShield","Guardian:Reroute+1","Guardian:MultiBeam"],"picked":"SKIP","floor":26},{"not_picked":["Guardian:Gem_Cyan","Guardian:Gem_Green"],"picked":"Guardian:Gem_Red","floor":28},{"not_picked":["Guardian:StasisStrike","Guardian:ShieldCharger+1"],"picked":"Guardian:CrystalBeam+1","floor":28},{"not_picked":["Guardian:BronzeArmor","Guardian:SpikerProtocol"],"picked":"Guardian:BaubleBeam","floor":30},{"not_picked":["Guardian:PrimingBeam","Guardian:PolyBeam","Guardian:EvasiveProtocol"],"picked":"SKIP","floor":31},{"not_picked":["Guardian:Gem_Cyan","Guardian:Gem_Green"],"picked":"Guardian:Gem_Lightblue","floor":32},{"not_picked":["Guardian:WalkerClaw","Guardian:RollAttack+1"],"picked":"Guardian:Orbwalk","floor":32},{"not_picked":["Guardian:Gem_Lightblue","Guardian:Gem_Cyan"],"picked":"Guardian:Gem_Red","floor":33},{"not_picked":["Guardian:HyperBeam_Guardian","Guardian:StasisStrike"],"picked":"Guardian:Gem_Orange","floor":33},{"not_picked":["Guardian:Gem_Lightblue","Guardian:Gem_Cyan"],"picked":"Guardian:Gem_Red","floor":36},{"not_picked":["Guardian:HyperBeam_Guardian","Guardian:PiercingHide"],"picked":"Guardian:MultiBeam","floor":36},{"not_picked":["Guardian:Incinerate","Guardian:Harden+1","Guardian:PiercingHide"],"picked":"SKIP","floor":38},{"not_picked":["Guardian:Gem_Red","Guardian:Gem_Cyan"],"picked":"Guardian:Gem_Green","floor":39},{"not_picked":["Guardian:Repulse","Guardian:Gem_Blue"],"picked":"Guardian:Reroute","floor":39},{"not_picked":["Guardian:Gem_Green","Guardian:Gem_Cyan"],"picked":"Guardian:Gem_Red","floor":43},{"not_picked":["Guardian:WalkerClaw+1","Guardian:CrystalBeam"],"picked":"Guardian:Orbwalk","floor":43},{"not_picked":["expansioncontent:Chronoboost","expansioncontent:PrepareCrush"],"picked":"expansioncontent:DefensiveStance","floor":44},{"not_picked":["expansioncontent:GoopSpray","expansioncontent:ManipulateTime"],"picked":"expansioncontent:Chronoboost","floor":44},{"not_picked":["expansioncontent:PolyBeam","expansioncontent:SlimeTackle"],"picked":"expansioncontent:CaCaw","floor":44},{"not_picked":["Guardian:Gem_Red","Guardian:ChargeCore"],"picked":"Guardian:Planning+1","floor":46}],"player_experience":78624,"relics_obtained":[{"floor":7,"key":"Eternal Feather"},{"floor":9,"key":"Anchor"},{"floor":24,"key":"Boot"},{"floor":25,"key":"hubris:BottledRain"},{"floor":36,"key":"Orichalcum"},{"floor":36,"key":"Shuriken"},{"floor":43,"key":"hubris:FunFungus"},{"floor":43,"key":"Dream Catcher"}],"event_choices":[{"damage_healed":0,"gold_gain":0,"player_choice":"Success","damage_taken":7,"relics_obtained":["hubris:TenFootPole"],"max_hp_gain":0,"max_hp_loss":0,"event_name":"Scrap Ooze","floor":2,"gold_loss":0},{"damage_healed":0,"gold_gain":0,"player_choice":"Grow","damage_taken":0,"max_hp_gain":0,"max_hp_loss":0,"event_name":"Living Wall","floor":11,"gold_loss":0,"cards_upgraded":["Guardian:CurlUp"]},{"cards_removed":["Guardian:Strike_Guardian"],"damage_healed":0,"gold_gain":0,"player_choice":"Removed Attack","damage_taken":0,"max_hp_gain":0,"max_hp_loss":0,"event_name":"Falling","floor":45,"gold_loss":0}],"is_beta":false,"boss_relics":[{"not_picked":["Fusion Hammer","Ectoplasm"],"picked":"hubris:ScarierMask"},{"not_picked":["Busted Crown","aspiration:DefectSkillbook"],"picked":"Black Star"}],"items_purged_floors":[23,30],"is_endless":false,"potions_floor_spawned":[14,15,16,20,25,28,32,33,38],"killed_by":"Sphere and 2 Shapes","ascension_level":0}}