{"host":"qwv9nni2x0umspiu","time":1608512586,"event":{"mods":["BaseMod","Downfall","Minty Spire (QoL Compilation)","Replay The Spire","StSLib","The Hierophant","Wandering Minibosses"],"gold_per_floor":[114,39,39,39,57,83,83,78,102,115,109,110,110,122,122,177,177,195,192,92,92,92],"floor_reached":21,"playtime":624,"items_purged":["hierophant:Strike_Hierophant","hierophant:Defend_Hierophant"],"score":332,"play_id":"48998946-fec3-4001-b59a-cb61340b98bd","local_time":"20201220170306","is_ascension_mode":true,"campfire_choices":[{"data":"hierophant:Punish","floor":15,"key":"SMITH"}],"circlet_count":0,"master_deck":["AscendersBane","hierophant:Strike_Hierophant","hierophant:Strike_Hierophant","hierophant:Strike_Hierophant","hierophant:Punish+1","hierophant:Defend_Hierophant","hierophant:Defend_Hierophant","hierophant:Defend_Hierophant","hierophant:ChurchCoffers","hierophant:Zeal","hierophant:Upheaval","hierophant:Shelter","hierophant:Smite"],"relics":["hierophant:PropheticMaskRelic","NeowsBlessing","Bag of Preparation","Blue Candle","Anchor","SlaversCollar"],"acts_visited":["Exordium","TheCity"],"potions_floor_usage":[8,11,16,16,19],"damage_taken":[{"damage":0,"enemies":"2 Louse","floor":1,"turns":1},{"damage":0,"enemies":"Small Slimes","floor":5,"turns":1},{"damage":0,"enemies":"Gremlin Nob","floor":6,"turns":1},{"damage":5,"enemies":"3 Sentries","floor":8,"turns":7},{"damage":1,"enemies":"Cultist","floor":10,"turns":3},{"damage":0,"enemies":"Red Slaver","floor":11,"turns":2},{"damage":0,"enemies":"Exordium Wildlife","floor":12,"turns":3},{"damage":2,"enemies":"Lots of Slimes","floor":14,"turns":3},{"damage":18,"enemies":"Slime Boss","floor":16,"turns":6},{"damage":0,"enemies":"Spheric Guardian","floor":18,"turns":1},{"damage":6,"enemies":"3 Byrds","floor":19,"turns":3},{"damage":0,"enemies":"Cultist and Chosen","floor":21,"turns":1}],"seed_played":"4037385371171357358","potions_obtained":[{"floor":1,"key":"Fire Potion"},{"floor":6,"key":"SmokeBomb"},{"floor":10,"key":"DuplicationPotion"},{"floor":13,"key":"Energy Potion"},{"floor":13,"key":"ColorlessPotion"},{"floor":18,"key":"DuplicationPotion"},{"floor":19,"key":"Elixir"}],"is_trial":false,"path_per_floor":["M","$","?","?","M","E","?","E","T","M","M","M","?","M","R","B",null,"M","M","$","M"],"character_chosen":"HIEROPHANT","items_purchased":[],"campfire_rested":0,"item_purchase_floors":[],"current_hp_per_floor":[68,68,68,68,68,68,73,68,68,67,67,67,67,65,65,47,72,72,66,66,66,66],"gold":92,"neow_bonus":"THREE_ENEMY_KILL","is_daily":false,"chose_seed":false,"campfire_upgraded":1,"win_rate":0.0,"timestamp":1608512586,"path_taken":["M","$","?","?","M","E","?","E","T","M","M","M","?","?","R","BOSS","M","M","$","M"],"items_purchased_type":[],"build_version":"2020-12-13","purchased_purges":2,"victory":false,"max_hp_per_floor":[75,75,75,75,75,75,80,80,80,80,80,80,80,80,80,80,80,80,80,80,80,80],"card_choices":[{"not_picked":["hierophant:Glossolalia","hierophant:PristineSoul","hierophant:OrnateJavelin"],"picked":"SKIP","floor":1},{"not_picked":["hierophant:Doubloon","hierophant:HolyVerse","hierophant:Rebuild"],"picked":"SKIP","floor":5},{"not_picked":["hierophant:RustyCrate","hierophant:Shelter"],"picked":"hierophant:Zeal","floor":6},{"not_picked":["hierophant:Remorse","hierophant:PristineSoul","hierophant:MorningPrayer"],"picked":"SKIP","floor":8},{"not_picked":["hierophant:Endure","hierophant:Dazzle"],"picked":"hierophant:Upheaval","floor":10},{"not_picked":["hierophant:Empathy","hierophant:ThreeLashes"],"picked":"hierophant:Shelter","floor":11},{"not_picked":["hierophant:Blessing","hierophant:DivineIntervention"],"picked":"hierophant:Smite","floor":12},{"not_picked":["hierophant:Smite","hierophant:RecallFunds","hierophant:AuricBeam"],"picked":"SKIP","floor":14},{"not_picked":["hierophant:RustyCrate","hierophant:Sermon","hierophant:Zeal"],"picked":"SKIP","floor":18},{"not_picked":["hierophant:Smite","hierophant:Remorse","hierophant:Dazzle"],"picked":"SKIP","floor":19}],"player_experience":1287322,"relics_obtained":[{"floor":6,"key":"Bag of Preparation"},{"floor":8,"key":"Blue Candle"},{"floor":9,"key":"Anchor"}],"event_choices":[{"damage_healed":0,"gold_gain":0,"player_choice":"Ignored","damage_taken":0,"max_hp_gain":0,"max_hp_loss":0,"event_name":"Liars Game","floor":3,"gold_loss":0},{"damage_healed":0,"gold_gain":0,"player_choice":"Donut","damage_taken":0,"max_hp_gain":5,"max_hp_loss":0,"event_name":"Big Fish","floor":7,"gold_loss":0},{"damage_healed":0,"gold_gain":0,"player_choice":"Got Potions","damage_taken":0,"max_hp_gain":0,"max_hp_loss":0,"event_name":"Lab","floor":13,"gold_loss":0}],"is_beta":false,"boss_relics":[{"not_picked":["Runic Dome","Runic Pyramid"],"picked":"SlaversCollar"}],"items_purged_floors":[2,20],"is_endless":false,"potions_floor_spawned":[1,6,10,14,18,19],"killed_by":"Cultist and Chosen","ascension_level":20}}