{"host":"zh06ha8197vgjo02","time":1608532074,"event":{"mods":["AchievementEnabler","Arknights The Spire","BaseMod","Better Skull","CapriCore","DeckTracker","GifTheSpireLib","Hermit","Koishi","Marisa£¨Ùöéë¡¡Øª×âÞÞ£©","Minty Spire (QoL Compilation)","Reimu£¨ÚÏ???£©","StSLib","SuperFastMode","Td1madao Mod","The Cursed","The Immortal","TheBandit","WarShipGirlsR/??á´Ò³R mod"],"gold_per_floor":[109,69,69,69,83,83,118,118,118,118,118,118,143,168,168,288,288,312,312,312,312,411,411,411,411],"floor_reached":24,"playtime":1776,"items_purged":[],"score":213,"play_id":"694f8750-eab2-4b03-80e9-dc396fddba24","local_time":"20201221152754","is_ascension_mode":false,"campfire_choices":[{"data":"ats:Emotion Absorption","floor":8.0,"key":"SMITH"},{"data":"ats:Emotion Absorption","floor":11.0,"key":"SMITH"},{"data":"ats:Armor Crushing Shot","floor":15.0,"key":"SMITH"}],"circlet_count":0,"master_deck":["ats:Powerful Strike","ats:Armor Crushing Shot+1","ats:Defend Up","ats:Defend Up","ats:Defend Up","ats:Defend Up","ats:Emotion Absorption+1","ats:Emotion Absorption+1","ats:Neurotoxin","ats:Encircling Forest+1","ats:Defend Order","ats:Shell Defense","ats:Shadow Assault","ats:Mental Burst","ats:Poison Spread","ats:Magnetic Hammer"],"relics":["ats:Sanity","NeowsBlessing","Bloody Idol","ats:Originium","Happy Flower","Matryoshka","Odd Mushroom","Black Star","ats:Originium"],"acts_visited":["Exordium","TheCity"],"potions_floor_usage":[24],"damage_taken":[{"damage":0.0,"enemies":"Jaw Worm","floor":1.0,"turns":1.0},{"damage":0.0,"enemies":"Small Slimes","floor":5.0,"turns":1.0},{"damage":0.0,"enemies":"Gremlin Nob","floor":7.0,"turns":1.0},{"damage":21.0,"enemies":"The Mushroom Lair","floor":13.0,"turns":6.0},{"damage":11.0,"enemies":"2 Louse","floor":14.0,"turns":3.0},{"damage":37.0,"enemies":"The Guardian","floor":16.0,"turns":19.0},{"damage":12.0,"enemies":"Spheric Guardian","floor":18.0,"turns":12.0},{"damage":78,"enemies":"Gremlin Leader","floor":24,"turns":8}],"seed_played":"-6800011193437021695","potions_obtained":[{"floor":5.0,"key":"Dexterity Potion"},{"floor":13.0,"key":"LiquidMemories"},{"floor":16.0,"key":"GrandPatriotsElixir:ReiMu"}],"is_trial":false,"path_per_floor":["M","$","?","?","M","R","E","R","T","?","R","?","?","M","R","B",null,"M","?","?","?","?","R","E"],"character_chosen":"DOCTOR_CLASS","items_purchased":["ats:Neurotoxin"],"campfire_rested":0,"item_purchase_floors":[2],"current_hp_per_floor":[72,72,65,47,47,47,47,47,47,71,71,71,50,39,39,2,72,60,60,60,60,65,65,0,0],"gold":411,"neow_bonus":"THREE_ENEMY_KILL","is_daily":false,"chose_seed":false,"campfire_upgraded":3,"win_rate":0.0,"timestamp":1608532074,"path_taken":["M","$","?","?","M","R","E","R","T","?","R","?","?","M","R","BOSS","M","?","?","?","?","R","E"],"items_purchased_type":["Card"],"build_version":"2020-12-13","purchased_purges":0,"victory":false,"max_hp_per_floor":[72,72,72,72,72,72,72,72,72,72,72,72,72,72,72,72,72,72,72,72,72,72,72,72,72],"card_choices":[{"not_picked":["ats:Poison Spread","ats:Curse Doll"],"picked":"ats:Explosion Area Strengthen","floor":1.0},{"not_picked":["ats:Curse Doll","ats:Spore Proliferation","ats:Explosion Area Strengthen"],"picked":"SKIP","floor":5.0},{"not_picked":["ats:Just Like an Apocalypse","ats:Volcano"],"picked":"ats:Encircling Forest","floor":7.0},{"not_picked":["ats:Cat Scratch","ats:Spore Proliferation"],"picked":"ats:Defend Order","floor":13.0},{"not_picked":["ats:Flexible Camouflage","ats:Consecutive Shot: Auto"],"picked":"ats:Shell Defense","floor":14.0},{"not_picked":["ats:Soul Rend","ats:Beaten Up"],"picked":"ats:Shadow Assault","floor":16.0},{"not_picked":["ats:Composite Medical Shells+1","ats:Shell Defense+1"],"picked":"ats:Mental Burst","floor":18.0}],"player_experience":716975,"relics_obtained":[{"floor":6.0,"key":"ats:Originium"},{"floor":7.0,"key":"Happy Flower"},{"floor":9.0,"key":"Matryoshka"},{"floor":13.0,"key":"Odd Mushroom"},{"floor":23.0,"key":"ats:Originium"}],"event_choices":[{"cards_removed":["ats:Powerful Strike"],"damage_healed":0.0,"max_hp_gain":0.0,"max_hp_loss":0.0,"gold_gain":0.0,"event_name":"Golden Wing","player_choice":"Card Removal","floor":3.0,"gold_loss":0.0,"damage_taken":7.0},{"damage_healed":0.0,"max_hp_gain":0.0,"max_hp_loss":0.0,"gold_gain":0.0,"event_name":"Golden Idol","player_choice":"Take Damage","floor":4.0,"gold_loss":0.0,"damage_taken":18.0,"relics_obtained":["Golden Idol"]},{"damage_healed":24.0,"max_hp_gain":0.0,"max_hp_loss":0.0,"gold_gain":0.0,"event_name":"Big Fish","player_choice":"Banana","floor":10.0,"gold_loss":0.0,"damage_taken":0.0},{"damage_healed":0.0,"max_hp_gain":0.0,"max_hp_loss":0.0,"gold_gain":0.0,"event_name":"Living Wall","player_choice":"Grow","floor":12.0,"gold_loss":0.0,"damage_taken":0.0,"cards_upgraded":["ats:Encircling Forest"]},{"damage_healed":0.0,"max_hp_gain":0.0,"max_hp_loss":0.0,"gold_gain":0.0,"event_name":"Mushrooms","player_choice":"Fought Mushrooms","floor":13.0,"gold_loss":0.0,"damage_taken":0.0},{"damage_healed":0.0,"max_hp_gain":0.0,"max_hp_loss":0.0,"gold_gain":0.0,"event_name":"Forgotten Altar","player_choice":"Gave Idol","floor":19.0,"relics_lost":["Golden Idol"],"gold_loss":0.0,"damage_taken":0.0,"relics_obtained":["Bloody Idol"]},{"damage_healed":0.0,"max_hp_gain":0.0,"max_hp_loss":0.0,"gold_gain":0.0,"event_name":"Back to Basics","player_choice":"Simplicity","floor":20.0,"gold_loss":0.0,"damage_taken":0.0,"cards_upgraded":[]},{"damage_healed":0.0,"max_hp_gain":0.0,"max_hp_loss":0.0,"gold_gain":0.0,"cards_transformed":["ats:Explosion Area Strengthen","ats:Powerful Strike"],"event_name":"Drug Dealer","player_choice":"Became Test Subject","floor":21.0,"gold_loss":0.0,"damage_taken":0.0,"cards_obtained":["ats:Poison Spread","ats:Magnetic Hammer"]},{"damage_healed":0.0,"max_hp_gain":0.0,"max_hp_loss":0.0,"gold_gain":99.0,"event_name":"Nest","player_choice":"Stole From Cult","floor":22.0,"gold_loss":0.0,"damage_taken":0.0}],"is_beta":false,"boss_relics":[{"not_picked":["Fusion Hammer","Coffee Dripper"],"picked":"Black Star"}],"items_purged_floors":[],"is_endless":false,"potions_floor_spawned":[5,13,16],"killed_by":"Gremlin Leader","ascension_level":0}}