{"host":"69rply1jf2d1wbmp","time":1608520491,"event":{"mods":["BaseMod","Minty Spire (QoL Compilation)","Quick Restart"],"gold_per_floor":[116,135,149,162,112,142,142,169,169,169,244,254,266,276,276,378,378,394,394,412,412,412],"floor_reached":21,"playtime":632,"items_purged":[],"score":193,"play_id":"84350154-ee5c-4616-8bac-41afa58ca035","local_time":"20201220221451","is_ascension_mode":false,"campfire_choices":[{"floor":7,"key":"REST"},{"data":"Apotheosis","floor":10,"key":"SMITH"},{"floor":15,"key":"REST"}],"circlet_count":0,"master_deck":["Strike_R","Strike_R","Strike_R","Strike_R","Defend_R","Defend_R","Defend_R","Defend_R","Bash","Apotheosis+1","Perfected Strike","Inflame","Twin Strike","Anger","Limit Break","Double Tap"],"relics":["Burning Blood","Sundial","Singing Bowl","Black Star"],"acts_visited":["Exordium","TheCity"],"potions_floor_usage":[6,8,20],"damage_taken":[{"damage":0,"enemies":"Cultist","floor":1,"turns":3},{"damage":3,"enemies":"2 Louse","floor":2,"turns":3},{"damage":3,"enemies":"Jaw Worm","floor":3,"turns":3},{"damage":13,"enemies":"Exordium Thugs","floor":4,"turns":5},{"damage":28,"enemies":"Gremlin Nob","floor":6,"turns":4},{"damage":20,"enemies":"Lagavulin","floor":8,"turns":5},{"damage":0,"enemies":"Looter","floor":12,"turns":4},{"damage":23,"enemies":"Exordium Wildlife","floor":13,"turns":6},{"damage":0,"enemies":"2 Fungi Beasts","floor":14,"turns":2},{"damage":30,"enemies":"The Guardian","floor":16,"turns":7},{"damage":24,"enemies":"2 Thieves","floor":18,"turns":4},{"damage":25,"enemies":"3 Byrds","floor":20,"turns":6},{"damage":28,"enemies":"3 Cultists","floor":21,"turns":4}],"seed_played":"2103873646803807277","potions_obtained":[{"floor":1,"key":"ColorlessPotion"},{"floor":6,"key":"FearPotion"},{"floor":8,"key":"SpeedPotion"},{"floor":14,"key":"Dexterity Potion"},{"floor":16,"key":"DistilledChaos"}],"is_trial":false,"path_per_floor":["M","M","M","M","?","E","R","E","T","R","?","M","M","M","R","B",null,"M","?","M","M"],"character_chosen":"IRONCLAD","items_purchased":[],"campfire_rested":2,"item_purchase_floors":[],"current_hp_per_floor":[72,72,72,65,65,43,64,52,52,52,41,47,30,36,58,34,74,58,44,27,0,0],"gold":412,"neow_bonus":"RANDOM_COLORLESS_2","is_daily":false,"chose_seed":false,"campfire_upgraded":1,"win_rate":0.0,"timestamp":1608520491,"path_taken":["M","?","M","?","?","E","R","E","T","R","?","?","M","M","R","BOSS","M","?","M","M"],"items_purchased_type":[],"build_version":"2020-12-13","purchased_purges":0,"victory":false,"max_hp_per_floor":[72,72,72,72,72,72,72,74,74,74,74,74,74,74,74,74,74,76,81,83,83,83],"card_choices":[{"not_picked":["Mayhem","Magnetism"],"picked":"Apotheosis","floor":0},{"not_picked":["Armaments","Headbutt"],"picked":"Perfected Strike","floor":1},{"not_picked":["Clothesline","Intimidate"],"picked":"Inflame","floor":2},{"not_picked":["Sword Boomerang","Fire Breathing","Feel No Pain"],"picked":"SKIP","floor":3},{"not_picked":["Ghostly Armor","Power Through","Iron Wave"],"picked":"SKIP","floor":4},{"not_picked":["Armaments","Wild Strike","Sword Boomerang"],"picked":"SKIP","floor":6},{"not_picked":["Clash","Havoc","Bloodletting"],"picked":"Singing Bowl","floor":8},{"not_picked":["Headbutt","Havoc"],"picked":"Twin Strike","floor":12},{"not_picked":["Body Slam","Sever Soul"],"picked":"Anger","floor":13},{"not_picked":["Armaments","Sword Boomerang"],"picked":"Limit Break","floor":14},{"not_picked":["Barricade","Bludgeon"],"picked":"Double Tap","floor":16},{"not_picked":["Evolve","Headbutt","Armaments"],"picked":"Singing Bowl","floor":18},{"not_picked":["Shockwave","Twin Strike+1","Heavy Blade"],"picked":"Singing Bowl","floor":20}],"player_experience":373300,"relics_obtained":[{"floor":6,"key":"Sundial"},{"floor":8,"key":"Singing Bowl"}],"event_choices":[{"cards_removed":["Strike_R"],"damage_healed":0,"gold_gain":0,"player_choice":"Card Removal","damage_taken":0,"max_hp_gain":0,"max_hp_loss":0,"event_name":"The Cleric","floor":5,"gold_loss":50},{"damage_healed":0,"gold_gain":75,"player_choice":"Gather Gold","damage_taken":11,"max_hp_gain":0,"max_hp_loss":0,"event_name":"World of Goop","floor":11,"gold_loss":0},{"damage_healed":0,"gold_gain":0,"player_choice":"Shed Blood","damage_taken":19,"max_hp_gain":5,"max_hp_loss":0,"event_name":"Forgotten Altar","floor":19,"gold_loss":0}],"is_beta":false,"boss_relics":[{"not_picked":["Sozu","Cursed Key"],"picked":"Black Star"}],"items_purged_floors":[],"is_endless":false,"potions_floor_spawned":[1,6,8,14,16],"killed_by":"3 Cultists","ascension_level":0}}