{"host":"llpusn9usp8rznkj","time":1608521058,"event":{"mods":["2.2 Compatiblity","BaseMod","Colored Map","Colored Powertips","Conspire","Downfall","Hubris","Minty Spire (QoL Compilation)","Rare Cards Sparkle","Replay The Spire","StSLib","The Cursed"],"gold_per_floor":[115,115,129,146,146,146,146,146,146,146,146,146,146,146,0,27,27,203,253,272,312,312,312],"floor_reached":22,"playtime":801,"items_purged":[],"score":376,"play_id":"a4c31282-b7d7-4bfa-82f9-b4156221c37f","local_time":"20201220222418","is_ascension_mode":true,"campfire_choices":[{"data":"Blade Dance","floor":7.0,"key":"SMITH"},{"data":"Neutralize","floor":14.0,"key":"SMITH"},{"data":"Strike_G","floor":17.0,"key":"PURGE"}],"circlet_count":0,"master_deck":["AscendersBane","Strike_G+1","Strike_G","Strike_G","Strike_G","Defend_G","Defend_G","Defend_G","Defend_G","Defend_G","Survivor","Neutralize+1","ReplayTheSpireMod:Shiv Toss","Outmaneuver","Calculated Gamble+1","Blade Dance+1","Infinite Blades","Phantasmal Killer"],"relics":["Ring of the Snake","NeowsBlessing","hubris:Icosahedron","ReplayTheSpireMod:Ring of Addiction","Potion Belt","SacredBark","Ring of Misfortune","hubris:MysteriousPyramids","Art of War","Tiny House","hubris:TenFootPole"],"acts_visited":["Exordium","TheCity"],"potions_floor_usage":[],"damage_taken":[{"damage":0.0,"enemies":"Cultist","floor":1.0,"turns":1.0},{"damage":0.0,"enemies":"Small Slimes","floor":3.0,"turns":1.0},{"damage":0.0,"enemies":"2 Louse","floor":4.0,"turns":1.0},{"damage":17.0,"enemies":"3 Sentries","floor":6.0,"turns":4.0},{"damage":8.0,"enemies":"Gremlin Nob","floor":16.0,"turns":4.0},{"damage":25.0,"enemies":"Slime Boss","floor":18.0,"turns":10.0},{"damage":16.0,"enemies":"Spheric Guardian","floor":20.0,"turns":5.0},{"damage":0.0,"enemies":"conspire:MimicChest","floor":21.0,"turns":6.0},{"damage":0,"enemies":"Shell Parasite","floor":22,"turns":1}],"seed_played":"2081610114828206523","potions_obtained":[{"floor":4.0,"key":"Regen Potion"},{"floor":8.0,"key":"LiquidBronze"},{"floor":8.0,"key":"ColorlessPotion"},{"floor":8.0,"key":"Doom Potion"},{"floor":19.0,"key":"EntropicBrew"}],"is_trial":false,"path_per_floor":["M","?","M","M","?","E","R","?","T","PTL","PTL","?","?","R","$","E","R_BF","B",null,"M","?","M"],"character_chosen":"THE_SILENT","items_purchased":["Infinite Blades","Dexterity Potion"],"campfire_rested":0,"item_purchase_floors":[15,15],"current_hp_per_floor":[59,59,59,59,59,51,51,51,51,51,51,51,51,51,51,43,43,18,56,40,40,40,40],"gold":312,"neow_bonus":"THREE_ENEMY_KILL","is_daily":false,"chose_seed":false,"campfire_upgraded":2,"win_rate":0.0,"timestamp":1608521058,"path_taken":["M","?","?","M","?","E","R","?","T","PTL","PTL","?","?","R","$","E","R_BF","BOSS","M","?","M"],"items_purchased_type":["Card","Potion"],"build_version":"2020-12-13","purchased_purges":0,"victory":false,"max_hp_per_floor":[66,66,66,66,66,66,66,66,66,66,66,64,64,64,62,62,62,62,67,67,67,67,67],"card_choices":[{"not_picked":["Bane","PiercingWail"],"picked":"ReplayTheSpireMod:Shiv Toss","floor":1.0},{"not_picked":["Quick Slash","Cloak And Dagger"],"picked":"Calculated Gamble","floor":3.0},{"not_picked":["Dash","Replay:Poison Smokescreen"],"picked":"Blade Dance","floor":4.0},{"not_picked":["Tactician","Flechettes","Outmaneuver"],"picked":"SKIP","floor":16.0},{"not_picked":["Wraith Form v2","ReplayTheSpireMod:Necrosis"],"picked":"Phantasmal Killer","floor":18.0},{"not_picked":["Quick Slash","Crippling Poison+1","Slice"],"picked":"SKIP","floor":20.0}],"player_experience":1097945,"relics_obtained":[{"floor":8.0,"key":"ReplayTheSpireMod:Ring of Addiction"},{"floor":8.0,"key":"Potion Belt"},{"floor":8.0,"key":"SacredBark"},{"floor":8.0,"key":"Ring of Misfortune"},{"floor":9.0,"key":"hubris:MysteriousPyramids"},{"floor":16.0,"key":"Art of War"},{"floor":21.0,"key":"hubris:TenFootPole"}],"event_choices":[{"damage_healed":0.0,"max_hp_gain":0.0,"max_hp_loss":0.0,"gold_gain":0.0,"event_name":"Match and Keep!","player_choice":"1 cards matched","floor":2.0,"gold_loss":0.0,"damage_taken":0.0,"cards_obtained":["Outmaneuver"]},{"cards_removed":["Looming Evil"],"damage_healed":0.0,"max_hp_gain":0.0,"max_hp_loss":0.0,"gold_gain":0.0,"event_name":"Purifier","player_choice":"Purged","floor":13.0,"gold_loss":0.0,"damage_taken":0.0}],"is_beta":false,"boss_relics":[{"not_picked":["Fusion Hammer","Honey Jar"],"picked":"Tiny House"}],"items_purged_floors":[],"is_endless":false,"potions_floor_spawned":[4,6,20],"killed_by":"Shell Parasite","ascension_level":20}}