{"host":"1pcwcurc8qazgtt6","time":1608587875,"event":{"mods":["AchievementEnabler","BaseMod","BetterRewards","Colored Map","Curses Come First","Hubris","Minty Spire (QoL Compilation)","StSLib","The Animator","The Blue Laboratory"],"gold_per_floor":[110,110,123,144,65,65,65],"floor_reached":6,"playtime":306,"items_purged":[],"score":36,"play_id":"fe44c210-36a5-4724-b930-5e317f3cd2d4","local_time":"20201221155755","is_ascension_mode":false,"campfire_choices":[],"circlet_count":0,"master_deck":["animator:Strike_Overlord","animator:Defend_Overlord","animator:Strike","animator:Strike","animator:Strike","animator:Defend","animator:Defend","animator:Defend","animator:Cocytus","animator:Demiurge","animator:Witch","animator:Witch","animator:CowGirl","animator:HighElfArcher"],"relics":["animator:LivingPicture","animator:TheMissingPiece","animator:PurgingStone","NeowsBlessing","Golden Idol"],"acts_visited":["Exordium"],"potions_floor_usage":[6],"damage_taken":[{"damage":0,"enemies":"2 Louse","floor":1,"turns":1},{"damage":0,"enemies":"Small Slimes","floor":3,"turns":1},{"damage":0,"enemies":"Cultist","floor":4,"turns":1},{"damage":11,"enemies":"3 Sentries","floor":6,"turns":5}],"seed_played":"2342382427299736893","potions_obtained":[{"floor":3,"key":"blueLaboratory:LouseDecoction"}],"is_trial":false,"path_per_floor":["M","?","M","M","$","E"],"character_chosen":"THE_ANIMATOR","items_purchased":["animator:HighElfArcher"],"campfire_rested":0,"item_purchase_floors":[5],"current_hp_per_floor":[66,50,50,50,50,39,39],"gold":65,"neow_bonus":"THREE_ENEMY_KILL","is_daily":false,"chose_seed":false,"campfire_upgraded":0,"win_rate":0.0,"timestamp":1608587875,"path_taken":["M","?","M","M","$","E"],"items_purchased_type":["Card"],"build_version":"2020-12-13","purchased_purges":0,"victory":false,"max_hp_per_floor":[66,66,66,66,66,66,66],"card_choices":[{"not_picked":["animator:Benimaru","animator:Mitsurugi"],"picked":"animator:Witch","floor":1},{"not_picked":["animator:Verdia","animator:Benimaru"],"picked":"animator:Witch","floor":3},{"not_picked":["animator:HiiragiShinya","animator:DolaRiku"],"picked":"animator:CowGirl","floor":4}],"player_experience":174979,"relics_obtained":[],"event_choices":[{"damage_healed":0,"gold_gain":0,"player_choice":"Take Damage","damage_taken":16,"relics_obtained":["Golden Idol"],"max_hp_gain":0,"max_hp_loss":0,"event_name":"Golden Idol","floor":2,"gold_loss":0}],"is_beta":false,"boss_relics":[],"items_purged_floors":[],"is_endless":false,"potions_floor_spawned":[3],"killed_by":"3 Sentries","ascension_level":0}}