{"host":"sav7uxregyirlf69","time":1608563796,"event":{"mods":["AchievementEnabler","BaseMod","Colored Map","DeckTracker","Keyboard Shortcuts","Minty Spire (QoL Compilation)","READ ME - Guardian Mod","StSLib","SuperFastMode"],"gold_per_floor":[118,118,128,128,147,147,174,186,186,186,186,204,204,224,224,324,324,339,349,273,273,293,319,319,353,428,528,182,182,182,182,182,287,287,299,178,189,189,206,231,231,256,280,314,337,19,19,19,19,19,19,19,19,45,45],"floor_reached":56,"playtime":1217,"items_purged":["Strike_P","Strike_P","Strike_P+1","LessonLearned+1"],"score":2057,"play_id":"0b85f98c-4617-4547-9694-dc7037ffd0ec","local_time":"20201222001636","is_ascension_mode":true,"campfire_choices":[{"data":"Eruption","floor":6.0,"key":"SMITH"},{"floor":10.0,"key":"REST"},{"data":"Prostrate","floor":13.0,"key":"SMITH"},{"data":"Adaptation","floor":15.0,"key":"SMITH"},{"floor":24.0,"key":"REST"},{"data":"Scrawl","floor":29,"key":"SMITH"},{"data":"Prostrate","floor":32,"key":"SMITH"},{"floor":41,"key":"RECALL"},{"data":"Devotion","floor":49,"key":"SMITH"},{"floor":52,"key":"REST"}],"circlet_count":0,"master_deck":["AscendersBane","Strike_P+1","Defend_P+1","Defend_P+1","Defend_P+1","Eruption+1","Vigilance+1","CarveReality+1","Prostrate+1","Adaptation+1","Brilliance+1","Prostrate+1","FearNoEvil+1","Crescendo+1","Scrawl+1","InnerPeace+1","Devotion+1"],"relics":["PureWater","Damaru","Du-Vu Doll","Smiling Mask","MealTicket","Bag of Preparation","Orichalcum","Runic Pyramid","Kunai","Shuriken","WingedGreaves","Yang","OrangePellets","Omamori","Bottled Tornado","SlaversCollar","Pen Nib","CeramicFish","MawBank","Lee\u0027s Waffle","Gambling Chip"],"acts_visited":["Exordium","TheCity","TheBeyond","TheEnding"],"potions_floor_usage":[27,33,50,55],"damage_taken":[{"damage":2.0,"enemies":"Jaw Worm","floor":1.0,"turns":5.0},{"damage":2.0,"enemies":"Small Slimes","floor":3.0,"turns":3.0},{"damage":0.0,"enemies":"Cultist","floor":5.0,"turns":2.0},{"damage":19.0,"enemies":"Lagavulin","floor":7.0,"turns":7.0},{"damage":13.0,"enemies":"3 Louse","floor":8.0,"turns":4.0},{"damage":0.0,"enemies":"2 Fungi Beasts","floor":12.0,"turns":2.0},{"damage":0.0,"enemies":"Looter","floor":14.0,"turns":1.0},{"damage":0.0,"enemies":"Slime Boss","floor":16.0,"turns":5.0},{"damage":22.0,"enemies":"2 Thieves","floor":18.0,"turns":3.0},{"damage":0.0,"enemies":"Spheric Guardian","floor":19.0,"turns":2.0},{"damage":7.0,"enemies":"Centurion and Healer","floor":22.0,"turns":3.0},{"damage":14.0,"enemies":"Slavers","floor":23.0,"turns":4.0},{"damage":0.0,"enemies":"Gremlin Leader","floor":25.0,"turns":3.0},{"damage":15,"enemies":"Colosseum Slavers","floor":27,"turns":2},{"damage":0,"enemies":"Colosseum Nobs","floor":27,"turns":3},{"damage":6,"enemies":"Collector","floor":33,"turns":4},{"damage":0,"enemies":"3 Darklings","floor":35,"turns":2},{"damage":0,"enemies":"3 Shapes","floor":37,"turns":2},{"damage":1,"enemies":"Spire Growth","floor":39,"turns":2},{"damage":0,"enemies":"Nemesis","floor":40,"turns":3},{"damage":0,"enemies":"Reptomancer","floor":42,"turns":2},{"damage":11,"enemies":"Nemesis","floor":44,"turns":3},{"damage":0,"enemies":"Sphere and 2 Shapes","floor":45,"turns":2},{"damage":0,"enemies":"Donu and Deca","floor":50,"turns":3},{"damage":0,"enemies":"Shield and Spear","floor":54,"turns":2},{"damage":62,"enemies":"The Heart","floor":55,"turns":6}],"seed_played":"-5513796995034667115","potions_obtained":[{"floor":1.0,"key":"Swift Potion"},{"floor":5.0,"key":"Strength Potion"},{"floor":8.0,"key":"Swift Potion"},{"floor":14.0,"key":"Fire Potion"},{"floor":16.0,"key":"BlessingOfTheForge"},{"floor":27,"key":"BottledMiracle"},{"floor":33,"key":"Weak Potion"},{"floor":35,"key":"DistilledChaos"},{"floor":54,"key":"Energy Potion"}],"is_trial":false,"path_per_floor":["M","?","M","T","M","R","E","M","T","R","?","M","R","M","R","B",null,"M","M","$","?","M","E","R","E","T","?","$","R","?","T","R","B",null,"M","$","M","?","M","E","R","E","T","E","M","$","$","?","R","B",null,"R","$","E","B",null],"character_chosen":"WATCHER","items_purchased":["Prostrate","OrangePellets","Omamori","InnerPeace","Devotion","Lee\u0027s Waffle"],"campfire_rested":3,"item_purchase_floors":[20,28,28,36,46,46],"current_hp_per_floor":[63,45,43,43,43,43,24,11,11,32,32,32,32,32,32,32,62,40,40,55,55,48,34,55,55,55,40,55,55,55,55,55,49,66,66,72,72,72,71,71,71,71,71,60,60,79,79,79,79,79,79,79,79,79,17],"gold":45,"neow_bonus":"RANDOM_COMMON_RELIC","is_daily":false,"chose_seed":false,"campfire_upgraded":6,"win_rate":0.0,"timestamp":1608563796,"path_taken":["M","?","M","?","M","R","E","M","T","R","?","M","R","?","R","BOSS","M","M","$","?","M","E","R","E","T","?","$","R","?","?","R","BOSS","M","?","M","?","M","E","R","E","T","E","?","$","$","?","R","BOSS","R","$","E","BOSS"],"items_purchased_type":["Card","Relic","Relic","Card","Card","Relic"],"build_version":"2020-12-13","purchased_purges":4,"victory":true,"max_hp_per_floor":[72,72,72,72,72,72,72,72,72,72,72,72,72,72,72,72,72,72,72,72,72,72,72,72,72,72,72,72,72,72,72,72,72,72,72,72,72,72,72,72,72,72,72,72,72,79,79,79,79,79,79,79,79,79,79],"card_choices":[{"not_picked":["WindmillStrike","WaveOfTheHand"],"picked":"CarveReality","floor":1.0},{"not_picked":["Protect","SignatureMove","EmptyFist"],"picked":"SKIP","floor":3.0},{"not_picked":["DeceiveReality","EmptyFist","Perseverance"],"picked":"SKIP","floor":5.0},{"not_picked":["Vengeance","SashWhip","Consecrate"],"picked":"SKIP","floor":7.0},{"not_picked":["Evaluate","FlurryOfBlows"],"picked":"Prostrate","floor":8.0},{"not_picked":["FollowUp","FlurryOfBlows"],"picked":"LessonLearned","floor":12.0},{"not_picked":["Crescendo","FollowUp"],"picked":"Adaptation","floor":14.0},{"not_picked":["Ragnarok","Judgement"],"picked":"Brilliance","floor":16.0},{"not_picked":["BowlingBash+1","FlyingSleeves+1","CutThroughFate"],"picked":"SKIP","floor":18.0},{"not_picked":["Evaluate","Collect","BattleHymn+1"],"picked":"SKIP","floor":19.0},{"not_picked":["ThirdEye+1","Fasting2"],"picked":"FearNoEvil+1","floor":22.0},{"not_picked":["WreathOfFlame+1","EmptyBody+1","BowlingBash+1"],"picked":"SKIP","floor":23.0},{"not_picked":["Weave","Swivel"],"picked":"Crescendo+1","floor":25.0},{"not_picked":["FlurryOfBlows","Consecrate+1"],"picked":"Scrawl","floor":27},{"not_picked":["CutThroughFate+1","FearNoEvil+1","ForeignInfluence+1"],"picked":"SKIP","floor":35},{"not_picked":["Halt+1","CutThroughFate+1","BowlingBash+1"],"picked":"SKIP","floor":37},{"not_picked":["Crescendo+1","Halt+1","BowlingBash+1"],"picked":"SKIP","floor":39},{"not_picked":["CrushJoints+1","Crescendo+1","EmptyBody"],"picked":"SKIP","floor":40},{"not_picked":["EmptyFist+1","EmptyBody","Evaluate+1"],"picked":"SKIP","floor":42},{"not_picked":["BattleHymn","Crescendo+1","Halt"],"picked":"SKIP","floor":44},{"not_picked":["Halt","Consecrate+1","SashWhip"],"picked":"SKIP","floor":45},{"not_picked":["FearNoEvil+1","Crescendo","FollowUp+1"],"picked":"SKIP","floor":54}],"player_experience":986074,"relics_obtained":[{"floor":4.0,"key":"Smiling Mask"},{"floor":7.0,"key":"MealTicket"},{"floor":9.0,"key":"Bag of Preparation"},{"floor":11.0,"key":"Orichalcum"},{"floor":23.0,"key":"Kunai"},{"floor":26.0,"key":"Shuriken"},{"floor":27,"key":"WingedGreaves"},{"floor":27,"key":"Yang"},{"floor":31,"key":"Bottled Tornado"},{"floor":40,"key":"Pen Nib"},{"floor":42,"key":"CeramicFish"},{"floor":44,"key":"MawBank"},{"floor":54,"key":"Gambling Chip"}],"event_choices":[{"damage_healed":0.0,"max_hp_gain":0.0,"max_hp_loss":0.0,"gold_gain":0.0,"event_name":"Scrap Ooze","player_choice":"Success","floor":2.0,"gold_loss":0.0,"damage_taken":18.0,"relics_obtained":["Du-Vu Doll"]},{"damage_healed":0.0,"max_hp_gain":0.0,"max_hp_loss":0.0,"gold_gain":0.0,"event_name":"Wheel of Change","player_choice":"Relic","floor":11.0,"gold_loss":0.0,"damage_taken":0.0},{"damage_healed":0.0,"max_hp_gain":0.0,"max_hp_loss":0.0,"gold_gain":0.0,"event_name":"The Mausoleum","player_choice":"Ignored","floor":21.0,"gold_loss":0.0,"damage_taken":0.0},{"damage_healed":0,"gold_gain":0,"player_choice":"Fight","damage_taken":0,"max_hp_gain":0,"max_hp_loss":0,"event_name":"Colosseum","floor":27,"gold_loss":0},{"damage_healed":0,"gold_gain":0,"player_choice":"Fought Nobs","damage_taken":0,"max_hp_gain":0,"max_hp_loss":0,"event_name":"Colosseum","floor":27,"gold_loss":0},{"damage_healed":0,"gold_gain":0,"player_choice":"Ignored","damage_taken":0,"max_hp_gain":0,"max_hp_loss":0,"event_name":"Vampires","floor":30,"gold_loss":0},{"damage_healed":0,"gold_gain":0,"player_choice":"0 cards matched","damage_taken":0,"max_hp_gain":0,"max_hp_loss":0,"event_name":"Match and Keep!","floor":38,"gold_loss":0,"cards_obtained":[]},{"cards_removed":["Defend_P"],"damage_healed":0,"gold_gain":0,"player_choice":"Purged","damage_taken":0,"max_hp_gain":0,"max_hp_loss":0,"event_name":"Purifier","floor":48,"gold_loss":0}],"is_beta":false,"boss_relics":[{"not_picked":["Snecko Eye","Calling Bell"],"picked":"Runic Pyramid"},{"not_picked":["HolyWater","Coffee Dripper"],"picked":"SlaversCollar"}],"items_purged_floors":[20,28,36,46],"is_endless":false,"potions_floor_spawned":[1,5,8,14,16,18,22,23,27,33,35,40,44,54],"ascension_level":10}}