{"host":"yq1ysfrpl36s3s9s","time":1608565668,"event":{"mods":["AchievementEnabler","BaseMod","BetterRewards","Colored Powertips","DNKmod","Friendly Minions","Minty Spire (QoL Compilation)","Quick Restart","Shop Mod","StSLib","The Animator","The Servant 0.9.4","Youmu¡]»î¾z§¯?¡^"],"gold_per_floor":[1510,1510,1526,1092,1110,1150,1175,1175,1200,1150,873,873,911,924,924,1054,1054,1078,1097,1097,1097,1061,1061,1094,963,1009,1034,1068,1068,1107,1127,1127,1251,1251,1264,1277,1277,1296,1316,1357,1357,1390,1390,1430,1430,1294,1318,1338,1338,1338,1338,1338,329,360,360,360],"floor_reached":55,"playtime":2770,"items_purged":["Sunder","Sweeping Beam+1"],"score":1305,"play_id":"f9b43336-1425-4fd9-b323-1d4a2d1673c4","local_time":"20201221234748","is_ascension_mode":true,"campfire_choices":[{"floor":8.0,"key":"REST"},{"floor":12.0,"key":"REST"},{"floor":15.0,"key":"REST"},{"floor":23.0,"key":"RECALL"},{"floor":32.0,"key":"REST"},{"floor":41.0,"key":"REST"},{"floor":49.0,"key":"REST"},{"floor":52.0,"key":"REST"}],"circlet_count":0,"master_deck":["Defend_B","Defend_B","Defend_B+1","Zap","Dualcast","Apotheosis","Darkness","Genetic Algorithm","Consume","Undo","Chaos","Skim","Leap","Darkness","Redo","Rainbow","Darkness+1","Fission","Hologram","Darkness","Writhe","Bite","Bite","Bite","Bite","Bite","Loop","White Noise","White Noise","Redo","Darkness","Conserve Battery","Buffer","Hologram+1","Seek","CurseOfTheBell","Leap","Hologram+1","Electrodynamics","Capacitor+1","Chill","Redo+1","Glacier+1","Aggregate+1","Redo","Static Discharge+1","Transmutation","Transmutation"],"relics":["Dream Catcher","Golden Idol","Sling","Shuriken","Regal Pillow","MerchantsRug","Fusion Hammer","Singing Bowl","Boot","DataDisk","Mummified Hand","Ice Cream","Bag of Preparation","Vajra","Meat on the Bone","Akabeko","Frozen Egg 2","Gremlin Horn","Letter Opener","DollysMirror","Mango"],"acts_visited":["Exordium","TheCity","TheBeyond","TheEnding"],"potions_floor_usage":[55,55,55,55],"damage_taken":[{"damage":0.0,"enemies":"Small Slimes","floor":1.0,"turns":3.0},{"damage":0.0,"enemies":"2 Louse","floor":3.0,"turns":2.0},{"damage":2.0,"enemies":"Jaw Worm","floor":5.0,"turns":3.0},{"damage":14.0,"enemies":"Gremlin Nob","floor":6.0,"turns":3.0},{"damage":3.0,"enemies":"Looter","floor":7.0,"turns":2.0},{"damage":9.0,"enemies":"3 Sentries","floor":13.0,"turns":6.0},{"damage":9.0,"enemies":"Lots of Slimes","floor":14.0,"turns":4.0},{"damage":5.0,"enemies":"The Guardian","floor":16.0,"turns":7.0},{"damage":13.0,"enemies":"Spheric Guardian","floor":18.0,"turns":4.0},{"damage":9.0,"enemies":"3 Byrds","floor":19.0,"turns":4.0},{"damage":24.0,"enemies":"Book of Stabbing","floor":24.0,"turns":6.0},{"damage":0.0,"enemies":"Centurion and Healer","floor":27.0,"turns":5.0},{"damage":19.0,"enemies":"Slavers","floor":28.0,"turns":4.0},{"damage":29.0,"enemies":"Book of Stabbing","floor":30.0,"turns":6.0},{"damage":11.0,"enemies":"Cultist and Chosen","floor":31.0,"turns":6.0},{"damage":0.0,"enemies":"Champ","floor":33.0,"turns":6.0},{"damage":1.0,"enemies":"3 Shapes","floor":35.0,"turns":5.0},{"damage":13.0,"enemies":"Orb Walker","floor":36.0,"turns":3.0},{"damage":0.0,"enemies":"Writhing Mass","floor":38.0,"turns":2.0},{"damage":38.0,"enemies":"Jaw Worm Horde","floor":39.0,"turns":3.0},{"damage":21.0,"enemies":"Nemesis","floor":40.0,"turns":5.0},{"damage":7.0,"enemies":"Giant Head","floor":42.0,"turns":6.0},{"damage":34.0,"enemies":"Reptomancer","floor":44.0,"turns":6.0},{"damage":27.0,"enemies":"4 Shapes","floor":47.0,"turns":3.0},{"damage":27.0,"enemies":"Transient","floor":48.0,"turns":5.0},{"damage":57.0,"enemies":"Awakened One","floor":50.0,"turns":8.0},{"damage":76.0,"enemies":"Shield and Spear","floor":54.0,"turns":5.0},{"damage":56,"enemies":"The Heart","floor":55,"turns":2}],"seed_played":"-1395206723682984714","potions_obtained":[{"floor":1.0,"key":"SteroidPotion"},{"floor":7.0,"key":"Swift Potion"},{"floor":13.0,"key":"DuplicationPotion"},{"floor":19.0,"key":"SpeedPotion"},{"floor":24.0,"key":"PowerPotion"},{"floor":30.0,"key":"Dexterity Potion"},{"floor":38.0,"key":"ColorlessPotion"},{"floor":39.0,"key":"Block Potion"},{"floor":42.0,"key":"CultistPotion"},{"floor":44.0,"key":"AttackPotion"},{"floor":54.0,"key":"BlessingOfTheForge"}],"is_trial":false,"path_per_floor":["M","?","M","$","M","E","M","R","T","?","$","R","E","M","R","B",null,"M","M","?","?","$","R","E","$","T","M","E","?","E","M","R","B",null,"M","M","?","M","M","E","R","E","T","E","?","$","M","M","R","B",null,"R","$","E","B"],"character_chosen":"DEFECT","items_purchased":["Apotheosis","Dream Catcher","Potion Belt","Sweeping Beam","Sling","Shuriken","Skim","MerchantsRug","Leap","Loop","White Noise","Redo","Frozen Egg 2","Static Discharge+1","Transmutation","Gremlin Horn","Letter Opener","DollysMirror"],"campfire_rested":7,"item_purchase_floors":[0,0,0,4,4,4,11,11,11,22,25,25,46,53,53,53,53,53],"current_hp_per_floor":[40,40,40,40,38,24,21,63,63,63,63,92,83,74,92,87,92,79,70,70,64,64,64,50,50,57,67,54,54,33,32,68,71,71,72,60,60,65,33,15,52,60,60,45,45,45,34,31,70,45,77,77,77,29,0,0],"gold":360,"neow_bonus":"","is_daily":false,"chose_seed":false,"campfire_upgraded":0,"win_rate":0.0,"timestamp":1608565668,"path_taken":["M","?","M","$","M","E","M","R","T","?","$","R","E","M","R","BOSS","M","M","?","?","$","R","E","$","T","?","E","?","E","?","R","BOSS","M","M","?","?","M","E","R","E","T","E","?","$","M","M","R","BOSS","R","$","E","BOSS"],"items_purchased_type":["Card","Relic","Relic","Card","Relic","Relic","Card","Relic","Card","Card","Card","Card","Relic","Card","Card","Relic","Relic","Relic"],"build_version":"2020-12-13","purchased_purges":2,"victory":false,"max_hp_per_floor":[100,92,92,92,92,92,92,92,92,92,92,92,92,92,92,92,92,92,92,92,64,64,64,64,64,71,71,71,71,71,71,71,71,71,73,73,73,75,75,75,75,75,75,75,75,75,75,75,77,77,77,77,77,93,93,93],"card_choices":[{"not_picked":["Barrage","Conserve Battery"],"picked":"Darkness","floor":1.0},{"not_picked":["Turbo","Barrage"],"picked":"Genetic Algorithm","floor":3.0},{"not_picked":["Hologram","Beam Cell"],"picked":"Consume","floor":5.0},{"not_picked":["Genetic Algorithm","Gash","Barrage"],"picked":"SKIP","floor":6.0},{"not_picked":["Sweeping Beam","Rip and Tear"],"picked":"Undo","floor":7.0},{"not_picked":["Steam","Beam Cell"],"picked":"Chaos","floor":8.0},{"not_picked":["Hologram","Stack"],"picked":"Darkness","floor":12.0},{"not_picked":["Sweeping Beam","Turbo"],"picked":"Redo","floor":13.0},{"not_picked":["Recycle","Cold Snap"],"picked":"Rainbow","floor":14.0},{"not_picked":["Sweeping Beam","Barrage"],"picked":"Darkness","floor":15.0},{"not_picked":["Reboot","Core Surge"],"picked":"Fission","floor":16.0},{"not_picked":["Gash","Static Discharge"],"picked":"Hologram","floor":18.0},{"not_picked":["Gash","Barrage"],"picked":"Darkness","floor":19.0},{"not_picked":["BootSequence+1","Ball Lightning+1"],"picked":"White Noise","floor":24.0},{"not_picked":["Gash","Barrage"],"picked":"Sunder","floor":27.0},{"not_picked":["Hologram","Rebound+1"],"picked":"Darkness","floor":28.0},{"not_picked":["Heatsinks","Streamline"],"picked":"Buffer","floor":30.0},{"not_picked":["Scrape","Stack"],"picked":"Hologram+1","floor":31.0},{"not_picked":["Thunder Strike","Meteor Strike"],"picked":"Seek","floor":33.0},{"not_picked":["Conserve Battery+1","Turbo+1","Cold Snap"],"picked":"Singing Bowl","floor":35.0},{"not_picked":["Compile Driver+1","Stack"],"picked":"Leap","floor":36.0},{"not_picked":["Reinforced Body+1","Glacier","Beam Cell"],"picked":"Singing Bowl","floor":38.0},{"not_picked":["Compile Driver+1","Cold Snap+1"],"picked":"Hologram+1","floor":39.0},{"not_picked":["BootSequence","Stack"],"picked":"Electrodynamics","floor":40.0},{"not_picked":["Rebound+1","Cold Snap+1"],"picked":"Capacitor+1","floor":41.0},{"not_picked":["Fission","Gash+1"],"picked":"Chill","floor":42.0},{"not_picked":["Rebound+1","Stack"],"picked":"Redo+1","floor":44.0},{"not_picked":["Compile Driver","Gash+1"],"picked":"Glacier+1","floor":47.0},{"not_picked":["Rebound","Gash+1"],"picked":"Aggregate+1","floor":48.0},{"not_picked":["Go for the Eyes","Gash","Hello World+1"],"picked":"Singing Bowl","floor":49.0},{"not_picked":["Rip and Tear","Streamline"],"picked":"Redo","floor":52.0},{"not_picked":["Loop+1","Genetic Algorithm","Steam Power+1"],"picked":"Singing Bowl","floor":54.0}],"player_experience":150652,"relics_obtained":[{"floor":6.0,"key":"Regal Pillow"},{"floor":13.0,"key":"Whetstone"},{"floor":24.0,"key":"Pen Nib"},{"floor":26.0,"key":"Strawberry"},{"floor":28.0,"key":"Boot"},{"floor":30.0,"key":"War Paint"},{"floor":34.0,"key":"DataDisk"},{"floor":34.0,"key":"Mummified Hand"},{"floor":34.0,"key":"Ice Cream"},{"floor":40.0,"key":"Vajra"},{"floor":42.0,"key":"Meat on the Bone"},{"floor":43.0,"key":"Bottled Flame"},{"floor":44.0,"key":"Akabeko"},{"floor":54.0,"key":"Mango"}],"event_choices":[{"damage_healed":0.0,"max_hp_gain":0.0,"max_hp_loss":8.0,"gold_gain":0.0,"event_name":"Golden Idol","player_choice":"Lose Max HP","floor":2.0,"gold_loss":0.0,"damage_taken":0.0,"relics_obtained":["Golden Idol"]},{"cards_removed":["Strike_B"],"damage_healed":0.0,"max_hp_gain":0.0,"max_hp_loss":0.0,"gold_gain":0.0,"event_name":"The Cleric","player_choice":"Card Removal","floor":10.0,"gold_loss":50.0,"damage_taken":0.0},{"damage_healed":0.0,"max_hp_gain":0.0,"max_hp_loss":0.0,"gold_gain":0.0,"event_name":"The Mausoleum","player_choice":"Opened","floor":20.0,"gold_loss":0.0,"damage_taken":0.0,"relics_obtained":["Singing Bowl"],"cards_obtained":["Writhe"]},{"damage_healed":0.0,"max_hp_gain":0.0,"max_hp_loss":28.0,"gold_gain":0.0,"event_name":"Vampires","player_choice":"Became a vampire","floor":21.0,"gold_loss":0.0,"damage_taken":0.0,"cards_obtained":["Bite","Bite","Bite","Bite","Bite"]},{"damage_healed":0.0,"max_hp_gain":0.0,"max_hp_loss":0.0,"gold_gain":0.0,"cards_transformed":["Defend_B"],"event_name":"Transmorgrifier","player_choice":"Transformed","floor":29.0,"gold_loss":0.0,"damage_taken":0.0,"cards_obtained":["Conserve Battery"]},{"damage_healed":0.0,"max_hp_gain":0.0,"max_hp_loss":0.0,"gold_gain":0.0,"event_name":"WeMeetAgain","player_choice":"Gave Potion","floor":37.0,"gold_loss":0.0,"damage_taken":0.0,"relics_obtained":["Bag of Preparation"]},{"damage_healed":0.0,"max_hp_gain":0.0,"max_hp_loss":0.0,"gold_gain":0.0,"event_name":"Tomb of Lord Red Mask","player_choice":"Ignored","floor":45.0,"gold_loss":0.0,"damage_taken":0.0}],"is_beta":false,"boss_relics":[{"not_picked":["Empty Cage","Coffee Dripper"],"picked":"Fusion Hammer"},{"not_picked":["Philosopher\u0027s Stone","Cursed Key"],"picked":"Calling Bell"}],"items_purged_floors":[46,53],"is_endless":false,"potions_floor_spawned":[1,7,13,19,24,30,38,39,42,44,54],"killed_by":"The Heart","ascension_level":2}}