{"host":"nwjx7hbomubpmo86","time":1608579811,"event":{"mods":["AchievementEnabler","BaseMod","Better Note","Better Third Choice","Downfall","Hermit","Hubris","Minty Spire (QoL Compilation)","Replay The Spire","StSLib","The Blackbeard","The Necromancer","slay the spire mod where everything is the same but ironclad has a cowboy hat"],"gold_per_floor":[113,52,18,18,33,79,79,126,126,126,156,23,73,108,108,255,255,265,278,278,278,321,400,400,464,491,511,511,511],"floor_reached":27,"playtime":1146,"items_purged":[],"score":291,"play_id":"ad47dc1a-7adc-4a27-8a2b-54dc1e723ddc","local_time":"20201221204331","is_ascension_mode":false,"campfire_choices":[{"data":"blackbeard:CaptainsCabin","floor":7,"key":"SMITH"},{"data":"blackbeard:BuriedTreasure","floor":10,"key":"SMITH"},{"data":"blackbeard:BlackbeardStrike","floor":15,"key":"PURGE"}],"circlet_count":0,"master_deck":["blackbeard:IntimidatingStrike","blackbeard:Cutlass","blackbeard:CaptainsCabin+1","blackbeard:GoldenStrike","blackbeard:GoldenStrike","blackbeard:BuriedTreasure+1","blackbeard:PirateHook","Pot Of Greed","Pot Of Greed","blackbeard:FieryDefense","blackbeard:BrownPants+1","blackbeard:CannonballSupply","blackbeard:ArmorUp","blackbeard:Bandana","blackbeard:FinalBarrage","blackbeard:JollyRoger","blackbeard:FieryDefense","blackbeard:PowderKeg","blackbeard:CatONineTails","blackbeard:Anchor","blackbeard:BlindAttacks","blackbeard:CannonballSupply","blackbeard:BeatUp+1","blackbeard:GoldenDefense+1","blackbeard:Anchor","blackbeard:Murder"],"relics":["blackbeard:LoadTheCannons","Oddly Smooth Stone","Toy Ornithopter","Replay:Bottled Snecko","Grinning Jar","MealTicket","Kunai","Pandora\u0027s Box","NlothsMask","Replay:Wax Seal"],"acts_visited":["Exordium","TheCity"],"potions_floor_usage":[6,6,13,13,16,27],"damage_taken":[{"damage":3,"enemies":"2 Louse","floor":1,"turns":3},{"damage":0,"enemies":"Cultist","floor":5,"turns":4},{"damage":0,"enemies":"Gremlin Nob","floor":6,"turns":1},{"damage":2,"enemies":"Jaw Worm","floor":11,"turns":3},{"damage":8,"enemies":"Lagavulin","floor":13,"turns":9},{"damage":11,"enemies":"Looter","floor":14,"turns":3},{"damage":60,"enemies":"The Guardian","floor":16,"turns":16},{"damage":10,"enemies":"Spheric Guardian","floor":18,"turns":3},{"damage":0,"enemies":"Chosen","floor":19,"turns":2},{"damage":0,"enemies":"Snecko","floor":22,"turns":4},{"damage":35,"enemies":"Slavers","floor":23,"turns":6},{"damage":8,"enemies":"Cultist and Chosen","floor":25,"turns":7},{"damage":30,"enemies":"Snake Plant","floor":27,"turns":3}],"seed_played":"4277924598849853735","potions_obtained":[{"floor":5,"key":"EntropicBrew"},{"floor":6,"key":"Regen Potion"},{"floor":14,"key":"SteroidPotion"},{"floor":16,"key":"BlessingOfTheForge"},{"floor":25,"key":"champ:CounterPotion"}],"is_trial":false,"path_per_floor":["M","?","$","?","M","E","R","T","T","R","M","$","E","M","R","B",null,"M","M","?","?","M","E","?","M","T","M"],"character_chosen":"BLACKBEARD_CLASS","items_purchased":["blackbeard:GoldenStrike","blackbeard:BrownPants+1","blackbeard:CannonballSupply"],"campfire_rested":0,"item_purchase_floors":[3,12,12],"current_hp_per_floor":[72,72,72,65,65,75,75,75,75,75,73,75,74,63,63,8,75,65,65,65,65,65,30,30,22,22,0,0,0],"gold":511,"neow_bonus":"RANDOM_COMMON_RELIC","is_daily":false,"chose_seed":false,"campfire_upgraded":2,"win_rate":0.0,"timestamp":1608579811,"path_taken":["M","?","?","?","M","E","R","?","T","R","?","?","E","M","R","BOSS","M","M","?","?","?","E","?","?","T","M"],"items_purchased_type":["Card","Card","Card"],"build_version":"2020-12-13","purchased_purges":0,"victory":false,"max_hp_per_floor":[75,75,75,75,75,75,75,75,75,75,75,75,75,75,75,75,75,75,75,75,75,75,75,75,75,75,75,75,75],"card_choices":[{"not_picked":["blackbeard:RearmingStrike","blackbeard:DeadlyArsenal"],"picked":"blackbeard:CaptainsCabin","floor":1},{"not_picked":["blackbeard:FieryDefense","blackbeard:DeadlyArsenal"],"picked":"blackbeard:BuriedTreasure","floor":5},{"not_picked":["blackbeard:DeadlyArsenal","blackbeard:Spear"],"picked":"blackbeard:PirateHook","floor":6},{"not_picked":["blackbeard:Lifeboat","blackbeard:CatONineTails"],"picked":"blackbeard:FieryDefense","floor":11},{"not_picked":["blackbeard:Toast","blackbeard:TerrorOfTheSeas"],"picked":"blackbeard:ArmorUp","floor":13},{"not_picked":["blackbeard:Spear","blackbeard:BlindAttacks"],"picked":"blackbeard:Bandana","floor":14},{"not_picked":["blackbeard:MegaUpgrade","blackbeard:Intoxication"],"picked":"blackbeard:FinalBarrage","floor":16},{"not_picked":["blackbeard:JollyRoger","blackbeard:TacticalRetreat"],"picked":"blackbeard:CannonballSupply","floor":18},{"not_picked":["blackbeard:SwordDance","blackbeard:CaptainsCabin"],"picked":"blackbeard:BeatUp+1","floor":19},{"not_picked":["blackbeard:Fencing+1","blackbeard:DeadlyArsenal+1"],"picked":"blackbeard:GoldenDefense+1","floor":22},{"not_picked":["blackbeard:WiseDefense","blackbeard:DelayedPain"],"picked":"blackbeard:Anchor","floor":23},{"not_picked":["blackbeard:GoldenStrike","blackbeard:Recklessness+1"],"picked":"blackbeard:Murder","floor":25}],"player_experience":576169,"relics_obtained":[{"floor":6,"key":"Replay:Bottled Snecko"},{"floor":8,"key":"Grinning Jar"},{"floor":9,"key":"MealTicket"},{"floor":13,"key":"Kunai"},{"floor":23,"key":"Replay:Wax Seal"}],"event_choices":[{"damage_healed":0,"gold_gain":0,"player_choice":"Paid Gold","damage_taken":0,"relics_obtained":["Toy Ornithopter"],"max_hp_gain":0,"max_hp_loss":0,"event_name":"WeMeetAgain","floor":2,"gold_loss":61},{"cards_removed":["blackbeard:BlackbeardStrike"],"damage_healed":0,"gold_gain":0,"player_choice":"Card Removal","damage_taken":7,"max_hp_gain":0,"max_hp_loss":0,"event_name":"Golden Wing","floor":4,"gold_loss":0},{"damage_healed":0,"gold_gain":0,"player_choice":"Trade","damage_taken":0,"relics_obtained":["NlothsMask"],"max_hp_gain":0,"max_hp_loss":0,"event_name":"FaceTrader","floor":20,"gold_loss":0},{"damage_healed":0,"gold_gain":0,"player_choice":"Ignored","damage_taken":0,"max_hp_gain":0,"max_hp_loss":0,"event_name":"betterNote:BetterNote","floor":21,"gold_loss":0,"cards_obtained":["Strike_B"]},{"cards_removed":["Pot Of Greed"],"damage_healed":0,"gold_gain":0,"player_choice":"Purged","damage_taken":0,"max_hp_gain":0,"max_hp_loss":0,"event_name":"Purifier","floor":24,"gold_loss":0}],"is_beta":false,"boss_relics":[{"not_picked":["hubris:GrandSneckoEye","Kintsugi"],"picked":"Pandora\u0027s Box"}],"items_purged_floors":[],"is_endless":false,"potions_floor_spawned":[5,6,14,16,25],"killed_by":"Snake Plant","ascension_level":0}}