{"host":"6affnl2vk6en9o4b","time":1608575317,"event":{"mods":["2.2 Compatiblity","AchievementEnabler","Aspiration","BaseMod","BetterRewards","Colored Powertips","Conspire","Downfall","Friendly Minions","Googly Eyes","Highlight Path","Hubris","Minty Spire (QoL Compilation)","Replay The Spire","StSLib","Trackpad","Unceasing Turn Reminder","vexMod"],"gold_per_floor":[115,131,131,150,180,192,192,177,102,50,83,83,83,111,36,139,805,820,838,853,688,269,244,269,269,280,296,221,235,253,122,122,221,221,240,252,302,313,313,313,392,392,422,422,422,437,437,450,450,450,450,450,450,450],"floor_reached":52,"playtime":3959,"items_purged":[],"score":717,"play_id":"9e329e66-f3de-4709-af27-f2a126dae13e","local_time":"20201221182837","is_ascension_mode":false,"campfire_choices":[{"floor":9.0,"key":"RECALL"},{"data":"Slimebound:SlimeBarrage","floor":15,"key":"SMITH"},{"data":"ReplayUltimateDefense","floor":28,"key":"SMITH"},{"floor":32,"key":"REST"},{"floor":39,"key":"REST"},{"data":"Slimebound:LevelUp","floor":45,"key":"SMITH"},{"data":"expansioncontent:AwakenDeath","floor":49,"key":"SMITH"}],"circlet_count":0,"master_deck":["Slimebound:Strike_Slimebound","Slimebound:Strike_Slimebound","Slimebound:Strike_Slimebound","Slimebound:Tackle","Slimebound:Defend_Slimebound","Slimebound:Defend_Slimebound","Slimebound:Defend_Slimebound+1","Slimebound:Defend_Slimebound","Slimebound:Split","Slimebound:CorrosiveSpit","Slimebound:RejuvenatingLick","Slimebound:DisruptingSlam","Slimebound:SlimeBarrage+1","Slimebound:GoopSpray","Slimebound:LevelUp+1","Slimebound:SplitAcid","Slimebound:ItLooksTasty","Slimebound:Repurpose","Slimebound:LivingWall","Slimebound:RallyTheTroops","Slimebound:LeechingTouch+1","Slimebound:MassRepurpose","Slimebound:SplitBruiser","Slimebound:SplitBruiser","Slimebound:MegaLick","Slimebound:RejuvenatingLick","Slimebound:MassFeed","Slimebound:MegaLick+1","Slimebound:RollThrough","Slimebound:AcidTongue+1","Slimebound:LevelUp+1","ReplayUltimateDefense+1","Slimebound:SlimeSpikes","Slimebound:ForwardTackle+1","Slimebound:SplitLeeching","Slimebound:MinionMaster","Slimebound:PressTheAttack+1","Slimebound:SpikyOuterGoop","Slimebound:SpikyOuterGoop","Slimebound:OozeBath","Slimebound:GrowthPunch+1","Slimebound:SplitMire+1","Slimebound:OneTwoCombo+1","Slimebound:LeadByExample","expansioncontent:GuardianWhirl","expansioncontent:DefensiveStance","expansioncontent:AwakenDeath+1","Slimebound:PressTheAttack+1","Slimebound:LivingWall","Slimebound:SplitBruiser+1","Slimebound:SplitLeeching","Slimebound:Schlurp"],"relics":["Slimebound:AbsorbEndCombatUpgraded","aspiration:BabyByrd","trackpad:WondrousWand","downfall:HeartBlessingBlue","Blue Doll","downfall:HeartBlessingRed","vexMod:RockOfEvil","Orrery","hubris:EmptyBottle","Potion Belt","hubris:Potato","downfall:HeartBlessingGreen","Darkstone Periapt","Gremlin Food","Calipers","trackpad:RapidFire","Prayer Wheel"],"acts_visited":["Exordium","TheCity","TheBeyond","TheEnding"],"potions_floor_usage":[16,16,26,26,30,30,35,36,36,36,43,46],"damage_taken":[{"damage":3.0,"enemies":"2 Louse","floor":1.0,"turns":3.0},{"damage":11.0,"enemies":"Small Slimes","floor":2.0,"turns":3.0},{"damage":7.0,"enemies":"Cultist","floor":4.0,"turns":4.0},{"damage":4.0,"enemies":"3 Louse","floor":6.0,"turns":3.0},{"damage":20.0,"enemies":"downfall:FleeingMerchant","floor":8.0,"turns":4.0},{"damage":14.0,"enemies":"downfall:FleeingMerchant","floor":10.0,"turns":4.0},{"damage":37.0,"enemies":"3 Sentries","floor":11.0,"turns":5.0},{"damage":35.0,"enemies":"Lagavulin","floor":14.0,"turns":4.0},{"damage":56,"enemies":"downfall:Ironclad","floor":16,"turns":8},{"damage":17,"enemies":"Chosen","floor":18,"turns":4},{"damage":13,"enemies":"3 Byrds","floor":19,"turns":3},{"damage":50,"enemies":"Sentry and Sphere","floor":20,"turns":6},{"damage":16,"enemies":"downfall:FleeingMerchant","floor":21,"turns":4},{"damage":18,"enemies":"downfall:FleeingMerchant","floor":22,"turns":4},{"damage":11,"enemies":"Centurion and Healer","floor":26,"turns":5},{"damage":15,"enemies":"Cultist and Chosen","floor":27,"turns":5},{"damage":9,"enemies":"conspire:HollyBat","floor":29,"turns":9},{"damage":19,"enemies":"Snake Plant","floor":30,"turns":4},{"damage":0,"enemies":"downfall:FleeingMerchant","floor":31,"turns":1},{"damage":18,"enemies":"downfall:Defect","floor":33,"turns":8},{"damage":0,"enemies":"3 Shapes","floor":35,"turns":3},{"damage":30,"enemies":"3 Darklings","floor":36,"turns":6},{"damage":5,"enemies":"Mind Bloom Boss Battle","floor":37,"turns":6},{"damage":11,"enemies":"Sphere and 2 Shapes","floor":38,"turns":6},{"damage":8,"enemies":"Giant Head","floor":43,"turns":7},{"damage":25,"enemies":"Maw","floor":46,"turns":4},{"damage":0,"enemies":"Jaw Worm Horde","floor":48,"turns":2},{"damage":52,"enemies":"downfall:Watcher","floor":50,"turns":9},{"damage":104,"enemies":"downfall:CharBossMerchant","floor":52,"turns":7}],"seed_played":"4029713128375029749","potions_obtained":[{"floor":1.0,"key":"Elixir"},{"floor":2.0,"key":"LiquidBronze"},{"floor":14,"key":"LiquidMemories"},{"floor":19,"key":"Elixir"},{"floor":29,"key":"ColorlessPotion"},{"floor":30,"key":"AttackPotion"},{"floor":33,"key":"PowerPotion"},{"floor":37,"key":"Venom Potion"},{"floor":38,"key":"PowerPotion"}],"is_trial":false,"path_per_floor":["M","M","?","M","?","M","T","$","R","$","E","?","?","E","R","B",null,"M","M","M","$","$","?","T","T","M","M","R","M","M","$","R","B",null,"M","M","?","M","R","?","T","?","E","?","R","M","?","M","R","B",null,"E"],"character_chosen":"SLIMEBOUND","items_purchased":["Slimebound:ItLooksTasty","Orrery","Slimebound:LevelUp","hubris:EmptyBottle","Strength Potion","ReplayUltimateDefense","Darkstone Periapt","Slimebound:PressTheAttack+1","Gremlin Food","Slimebound:SpikyOuterGoop"],"campfire_rested":2,"item_purchase_floors":[10,21,22,22,22,22,31,31,31,31],"current_hp_per_floor":[66,65,65,66,66,66,66,61,71,70,47,47,55,44,44,20,38,38,37,12,26,38,38,38,38,38,26,26,36,32,35,44,47,47,53,50,48,48,53,53,53,43,52,52,52,53,53,53,53,36,53,0,0,0],"gold":450,"neow_bonus":"TEN_PERCENT_HP_BONUS","is_daily":false,"chose_seed":false,"campfire_upgraded":4,"win_rate":0.0,"timestamp":1608575317,"path_taken":["M","M","?","M","?","?","T","$","R","$","E","?","?","E","R","BOSS","M","M","M","$","$","?","T","?","M","?","R","M","M","$","R","BOSS","M","M","?","M","R","?","T","?","E","?","R","?","?","M","R","BOSS","E"],"items_purchased_type":["Card","Relic","Card","Relic","Potion","Card","Relic","Card","Relic","Card"],"build_version":"2020-12-13","purchased_purges":0,"victory":false,"max_hp_per_floor":[66,66,66,66,66,66,66,66,76,76,76,76,76,76,76,76,38,38,38,38,38,38,38,38,38,38,38,38,41,41,44,44,47,47,53,53,53,53,53,53,53,53,53,53,53,53,53,53,53,53,53,53,53,53],"card_choices":[{"not_picked":["Slimebound:LeechingTouch","Slimebound:Equalize"],"picked":"Slimebound:RejuvenatingLick","floor":1.0},{"not_picked":["Slimebound:FirmFortitude","Slimebound:FinishingTackle"],"picked":"Slimebound:DisruptingSlam","floor":2.0},{"not_picked":["Slimebound:GrowthPunch","Slimebound:LeechingTouch"],"picked":"Slimebound:SlimeBarrage","floor":4.0},{"not_picked":["Slimebound:LivingWall","Slimebound:SlimeTap"],"picked":"Slimebound:GoopSpray","floor":6.0},{"not_picked":["Slimebound:OozeBath","Slimebound:FinishingTackle"],"picked":"Slimebound:LevelUp","floor":8.0},{"not_picked":["Slimebound:SlimeSpikes","Slimebound:SplitMire"],"picked":"Slimebound:SplitAcid","floor":10.0},{"not_picked":["Slimebound:ComboTackle","Slimebound:GrowthPunch"],"picked":"Slimebound:Repurpose","floor":11.0},{"not_picked":["Slimebound:GoopSpray","Slimebound:ComboTackle"],"picked":"Slimebound:LivingWall","floor":14},{"not_picked":["Slimebound:SelfFormingGoo","Slimebound:WasteNot"],"picked":"Slimebound:RallyTheTroops","floor":16},{"not_picked":["Slimebound:SplitAcid","Slimebound:ViciousTackle+1"],"picked":"Slimebound:LeechingTouch+1","floor":18},{"not_picked":["Slimebound:ComboTackle","Slimebound:LeechingTouch"],"picked":"Slimebound:MassRepurpose","floor":19},{"not_picked":["Slimebound:ComboTackle","Slimebound:LeadByExample+1"],"picked":"Slimebound:SplitBruiser","floor":20},{"not_picked":["Slimebound:SplitLeeching","Slimebound:GrowthPunch"],"picked":"Slimebound:SplitBruiser","floor":21},{"not_picked":["Slimebound:SlimeSpikes","Slimebound:ComboTackle"],"picked":"Slimebound:MegaLick","floor":21},{"not_picked":["Slimebound:LivingWall","Slimebound:SplitMire+1"],"picked":"Slimebound:RejuvenatingLick","floor":21},{"not_picked":["Slimebound:GoopSpray","Slimebound:SplitLeeching"],"picked":"Slimebound:MassFeed","floor":21},{"not_picked":["Slimebound:SplitAcid","Slimebound:Grow+1"],"picked":"Slimebound:MegaLick+1","floor":21},{"not_picked":["Slimebound:MassFeed","Slimebound:ViciousTackle"],"picked":"Slimebound:RollThrough","floor":21},{"not_picked":["Slimebound:SplitMire","Slimebound:GoopSpray"],"picked":"Slimebound:AcidTongue+1","floor":22},{"not_picked":["Slimebound:DisruptingSlam+1","Slimebound:GoopSpray"],"picked":"Slimebound:SlimeSpikes","floor":26},{"not_picked":["Slimebound:Dissolve+1","Slimebound:Nibble"],"picked":"Slimebound:ForwardTackle+1","floor":27},{"not_picked":["Slimebound:DisruptingSlam","Slimebound:ViciousTackle+1"],"picked":"Slimebound:SplitLeeching","floor":29},{"not_picked":["Slimebound:LeechEnergy","Slimebound:LeechingTouch"],"picked":"Slimebound:MinionMaster","floor":30},{"not_picked":["Slimebound:Repurpose","Slimebound:ProtectTheBoss"],"picked":"Slimebound:PrepareCrush","floor":31},{"not_picked":["Slimebound:MassRepurpose","Slimebound:DuplicatedForm"],"picked":"Slimebound:OozeBath","floor":33},{"not_picked":["Slimebound:RollThrough+1","Slimebound:FinishingTackle"],"picked":"Slimebound:GrowthPunch+1","floor":35},{"not_picked":["Slimebound:RollThrough+1","Slimebound:GoopSpray+1"],"picked":"Slimebound:SplitMire+1","floor":36},{"not_picked":["Slimebound:Replication","Slimebound:Prepare"],"picked":"Slimebound:OneTwoCombo","floor":37},{"not_picked":["Slimebound:DisruptingSlam","Slimebound:SplitLeeching+1"],"picked":"Slimebound:LeadByExample","floor":38},{"not_picked":["Replay:SS_fish_3","expansioncontent:Torchfire"],"picked":"expansioncontent:GuardianWhirl","floor":42},{"not_picked":["expansioncontent:HyperBeam","expansioncontent:AwakenDeath"],"picked":"expansioncontent:DefensiveStance","floor":42},{"not_picked":["expansioncontent:FaceSlap","expansioncontent:BronzeBeam"],"picked":"expansioncontent:AwakenDeath","floor":42},{"not_picked":["Slimebound:FirmFortitude","Slimebound:Dissolve+1"],"picked":"Slimebound:PressTheAttack+1","floor":43},{"not_picked":["Slimebound:GrowthPunch","Slimebound:Nibble+1"],"picked":"Slimebound:SplitBruiser+1","floor":46},{"not_picked":["Slimebound:Prepare","Slimebound:SplitAcid"],"picked":"Slimebound:SplitLeeching","floor":46},{"not_picked":["Slimebound:DisruptingSlam","Slimebound:FinishingTackle"],"picked":"Slimebound:Schlurp","floor":48},{"not_picked":["Slimebound:SlimeBrawl+1","Slimebound:SlimeSpikes+1","Slimebound:LeechingTouch"],"picked":"SKIP","floor":48}],"player_experience":189498,"relics_obtained":[{"floor":11.0,"key":"Blue Doll"},{"floor":24,"key":"Potion Belt"},{"floor":25,"key":"hubris:Potato"},{"floor":37,"key":"Calipers"},{"floor":41,"key":"trackpad:RapidFire"},{"floor":43,"key":"Prayer Wheel"}],"event_choices":[{"damage_healed":0,"gold_gain":0,"player_choice":"Leave","damage_taken":0,"max_hp_gain":0,"max_hp_loss":0,"event_name":"conspire:Investor","floor":40,"gold_loss":0},{"cards_removed":["Slimebound:PrepareCrush"],"damage_healed":0,"gold_gain":0,"player_choice":"Purged","damage_taken":0,"max_hp_gain":0,"max_hp_loss":0,"event_name":"Purifier","floor":47,"gold_loss":0}],"is_beta":false,"boss_relics":[{"not_picked":["aspiration:FutureDiary","vexMod:MysteryBossChallenge"],"picked":"vexMod:RockOfEvil"},{"not_picked":["aspiration:IroncladSkillbook","conspire:RunicOctahedron"],"picked":"Slimebound:AbsorbEndCombatUpgraded"}],"items_purged_floors":[],"is_endless":false,"potions_floor_spawned":[1,2,14,19,29,30,33,37,38],"killed_by":"downfall:CharBossMerchant","ascension_level":0}}