{"host":"a4s27ghlnr83kbqz","time":1608533402,"event":{"mods":["AchievementEnabler","BaseMod","Colored Map","Minty Spire (QoL Compilation)","Permanent Neow","SuperFastMode"],"gold_per_floor":[14,25,45,56,73,73,106,125,150,166,195,210,222,241,241,320,320,340,340,439,439,312,312,312,312],"floor_reached":24,"playtime":746,"items_purged":["Strike_B"],"score":350,"play_id":"21bd4990-b561-4536-8108-863694c8f45d","local_time":"20201221145002","is_ascension_mode":true,"campfire_choices":[{"data":"Scrape","floor":6,"key":"SMITH"},{"data":"Dualcast","floor":15,"key":"SMITH"},{"data":"Streamline","floor":23,"key":"SMITH"}],"circlet_count":0,"master_deck":["AscendersBane","Strike_B","Strike_B","Strike_B","Defend_B+1","Defend_B","Defend_B","Defend_B","Zap","Dualcast+1","Master of Strategy","FTL","Coolheaded+1","Self Repair","Scrape+1","Ball Lightning","Capacitor","Streamline+1","Conserve Battery","Core Surge","Hologram","Turbo","Reboot"],"relics":["Cracked Core","Blood Vial","War Paint","Darkstone Periapt","Nuclear Battery","Potion Belt"],"acts_visited":["Exordium","TheCity"],"potions_floor_usage":[7,11,24],"damage_taken":[{"damage":1,"enemies":"Cultist","floor":1,"turns":3},{"damage":8,"enemies":"Small Slimes","floor":2,"turns":3},{"damage":2,"enemies":"Jaw Worm","floor":3,"turns":3},{"damage":9,"enemies":"Blue Slaver","floor":4,"turns":4},{"damage":5,"enemies":"2 Fungi Beasts","floor":5,"turns":3},{"damage":15,"enemies":"Lagavulin","floor":7,"turns":5},{"damage":17,"enemies":"Lots of Slimes","floor":8,"turns":5},{"damage":11,"enemies":"Looter","floor":10,"turns":3},{"damage":19,"enemies":"Gremlin Nob","floor":11,"turns":4},{"damage":19,"enemies":"Large Slime","floor":12,"turns":6},{"damage":1,"enemies":"Blue Slaver","floor":13,"turns":3},{"damage":10,"enemies":"Gremlin Gang","floor":14,"turns":5},{"damage":11,"enemies":"The Guardian","floor":16,"turns":12},{"damage":24,"enemies":"Shell Parasite","floor":18,"turns":7},{"damage":54,"enemies":"Slavers","floor":24,"turns":4}],"seed_played":"-1729807836333166336","potions_obtained":[{"floor":4,"key":"SneckoOil"},{"floor":5,"key":"FocusPotion"},{"floor":10,"key":"FocusPotion"},{"floor":11,"key":"Fire Potion"}],"is_trial":false,"path_per_floor":["M","M","M","M","M","R","E","M","T","M","E","M","M","M","R","B",null,"M","?","?","T","$","R","E"],"character_chosen":"DEFECT","items_purchased":["PowerPotion"],"campfire_rested":0,"item_purchase_floors":[22],"current_hp_per_floor":[67,59,57,55,57,57,49,41,41,39,22,12,20,19,19,17,61,46,46,46,46,46,46,0,0],"gold":312,"neow_bonus":"RANDOM_COLORLESS_2","is_daily":false,"chose_seed":false,"campfire_upgraded":3,"win_rate":0.0,"timestamp":1608533402,"path_taken":["M","M","M","M","M","R","E","M","T","M","E","M","?","M","R","BOSS","M","?","?","?","?","R","E"],"items_purchased_type":["Potion"],"build_version":"2020-12-13","purchased_purges":1,"victory":false,"max_hp_per_floor":[75,75,75,75,75,75,75,75,75,75,75,75,75,75,75,75,75,75,75,75,75,75,75,75,75],"card_choices":[{"not_picked":["Panache","Metamorphosis"],"picked":"Master of Strategy","floor":0},{"not_picked":["Stack","Blizzard"],"picked":"FTL","floor":1},{"not_picked":["Conserve Battery","Reprogram"],"picked":"Coolheaded","floor":2},{"not_picked":["Turbo","Loop"],"picked":"Self Repair","floor":3},{"not_picked":["Undo","Aggregate"],"picked":"Scrape","floor":4},{"not_picked":["Go for the Eyes","Stack"],"picked":"Ball Lightning","floor":5},{"not_picked":["Beam Cell","BootSequence"],"picked":"Capacitor","floor":7},{"not_picked":["Ball Lightning","Stack"],"picked":"Streamline","floor":8},{"not_picked":["Cold Snap","Hello World"],"picked":"Conserve Battery","floor":10},{"not_picked":["Steam","Turbo"],"picked":"Core Surge","floor":11},{"not_picked":["Steam","Streamline"],"picked":"Hologram","floor":12},{"not_picked":["BootSequence","Sweeping Beam"],"picked":"Turbo","floor":13},{"not_picked":["Leap","Hologram","Aggregate"],"picked":"SKIP","floor":14},{"not_picked":["Multi-Cast","Thunder Strike"],"picked":"Reboot","floor":16},{"not_picked":["Ball Lightning","Sweeping Beam","Chaos"],"picked":"SKIP","floor":18}],"player_experience":1040159,"relics_obtained":[{"floor":7,"key":"Blood Vial"},{"floor":9,"key":"War Paint"},{"floor":11,"key":"Darkstone Periapt"},{"floor":21,"key":"Potion Belt"}],"event_choices":[{"damage_healed":0,"gold_gain":0,"player_choice":"Ignored","damage_taken":0,"max_hp_gain":0,"max_hp_loss":0,"event_name":"Ghosts","floor":19,"gold_loss":0},{"damage_healed":0,"gold_gain":99,"player_choice":"Stole From Cult","damage_taken":0,"max_hp_gain":0,"max_hp_loss":0,"event_name":"Nest","floor":20,"gold_loss":0}],"is_beta":false,"boss_relics":[{"not_picked":["Runic Pyramid","Philosopher\u0027s Stone"],"picked":"Nuclear Battery"}],"items_purged_floors":[22],"is_endless":false,"potions_floor_spawned":[4,5,10,11,12,13],"killed_by":"Slavers","ascension_level":13}}