{"host":"dbzukadmkvvxpu74","time":1608534767,"event":{"mods":["2.2 Compatiblity","AchievementEnabler","BaseMod","Better Altar","Better Match","Colored Map","Colored Powertips","Downfall","Googly Eyes","Highlight Path","Minty Spire (QoL Compilation)","Permanent Neow","Replay The Spire","StSLib"],"gold_per_floor":[99,119,119,152,164,89,112,112,127,157,176,176,176,188,207,307,307,232,263,275,303,303,57,57,57,67,67,79,79,97,107,118,220,220,220,220,220,220],"floor_reached":36,"playtime":5718,"items_purged":["ReplayTheSpireMod:Splinters"],"score":464,"play_id":"64d3d50e-b0c5-4df5-b44a-7613e9888197","local_time":"20201221001247","is_ascension_mode":false,"campfire_choices":[{"floor":1,"key":"RECALL"},{"data":"hexamod:TimeOfNeed","floor":6,"key":"SMITH"},{"data":"hexamod:HeatMetal","floor":18,"key":"SMITH"},{"floor":22,"key":"REST"},{"floor":25,"key":"REST"},{"data":"hexamod:GhostflameInferno","floor":27,"key":"SMITH"},{"floor":35,"key":"REST"}],"circlet_count":0,"master_deck":["hexamod:Strike","hexamod:Strike+1","hexamod:Strike+1","hexamod:Defend","hexamod:Defend","hexamod:Defend","hexamod:Sear+1","hexamod:Float","hexamod:AdvancingGuard+1","hexamod:TimeOfNeed+1","hexamod:Firestarter+1","hexamod:SixthSeal","hexamod:SearingWound+1","hexamod:InspiringFlames","hexamod:Firestarter","hexamod:HeatMetal+1","BootSequence+1","Consecrate","champ:LastStand","Leap","hexamod:PhantomFireball","hexamod:FirstSeal","Decay","hexamod:StepThrough+1","hexamod:CatchUp","hexamod:GhostflameInferno+1","Guardian:SentryBeam+1","hexamod:GhostflameInferno+1","Flash of Steel","Fluid Movement","Guardian:AncientConstruct","hexamod:ParanormalForm"],"relics":["hexamod:SpiritBrand","Replay:PocketPolymizer","Sundial","downfall:HeartBlessingRed","Centennial Puzzle","PrismaticShard","Runic Pyramid","downfall:HeartBlessingBlue","Replay:WaspNest","Boot","ReplayTheSpireMod:CursedCoin","Mercury Hourglass","Replay:Grab Bag","hexamod:IceCube","Fusion Hammer","Black Star","Ring of Chaos"],"acts_visited":["Exordium","TheCity","TheBeyond"],"potions_floor_usage":[10,14,16,16,16,33,33],"damage_taken":[{"damage":0,"enemies":"Cultist","floor":2,"turns":3},{"damage":19,"enemies":"Lagavulin","floor":4,"turns":8},{"damage":0,"enemies":"Small Slimes","floor":5,"turns":4},{"damage":11,"enemies":"Jaw Worm","floor":9,"turns":3},{"damage":21,"enemies":"Gremlin Nob","floor":10,"turns":4},{"damage":2,"enemies":"3 Louse","floor":11,"turns":4},{"damage":8,"enemies":"Lots of Slimes","floor":14,"turns":5},{"damage":4,"enemies":"Gremlin Gang","floor":15,"turns":5},{"damage":0,"enemies":"downfall:Defect","floor":16,"turns":6},{"damage":56,"enemies":"Gremlin Leader","floor":19,"turns":8},{"damage":7,"enemies":"Shell Parasite","floor":20,"turns":5},{"damage":12,"enemies":"Replay:Snechameleon","floor":21,"turns":5},{"damage":0,"enemies":"downfall:FleeingMerchant","floor":23,"turns":4},{"damage":0,"enemies":"Snake Plant","floor":26,"turns":3},{"damage":4,"enemies":"Centurion and Healer","floor":28,"turns":7},{"damage":11,"enemies":"Sentry and Sphere","floor":30,"turns":4},{"damage":8,"enemies":"Snecko","floor":31,"turns":4},{"damage":0,"enemies":"Snake Plant","floor":32,"turns":3},{"damage":40,"enemies":"downfall:Ironclad","floor":33,"turns":7},{"damage":89,"enemies":"Giant Head","floor":36,"turns":9}],"seed_played":"-9142704135901213682","potions_obtained":[{"floor":4,"key":"SteroidPotion"},{"floor":9,"key":"LiquidMemories"},{"floor":10,"key":"Swift Potion"},{"floor":13,"key":"downfall:CursedFountainPotion"},{"floor":14,"key":"Energy Potion"},{"floor":19,"key":"Doom Potion"},{"floor":26,"key":"Weak Potion"},{"floor":30,"key":"SkillPotion"},{"floor":32,"key":"hexamod:EctoCoolerPotion"},{"floor":33,"key":"FearPotion"}],"is_trial":false,"path_per_floor":["R","M","?","E","M","R","T","?","M","E","M","?","?","M","M","B",null,"R","E","M","E","R","$","T","R","M","R","M","?","M","M","M","B",null,"R","E"],"character_chosen":"THE_SPIRIT","items_purchased":["hexamod:FirstSeal","ReplayTheSpireMod:CursedCoin","hexamod:StepThrough","hexamod:CatchUp","hexamod:GhostflameInferno"],"campfire_rested":3,"item_purchase_floors":[23,23,23,23,23],"current_hp_per_floor":[63,63,68,49,49,49,49,49,38,17,15,15,15,7,3,3,68,78,22,15,3,26,26,26,49,49,49,52,52,48,47,47,14,78,78,0,0,0],"gold":220,"neow_bonus":"ONE_RARE_RELIC","is_daily":false,"chose_seed":false,"campfire_upgraded":3,"win_rate":0.0,"timestamp":1608534767,"path_taken":["R","M","?","E","M","R","T","?","M","E","?","?","?","?","M","BOSS","R","E","M","E","R","$","T","R","?","R","M","?","M","M","M","BOSS","R","E"],"items_purchased_type":["Card","Relic","Card","Card","Card"],"build_version":"2020-12-13","purchased_purges":1,"victory":false,"max_hp_per_floor":[63,63,68,68,68,68,68,68,68,68,68,68,68,68,68,68,68,78,78,78,78,78,78,78,78,78,78,78,78,78,78,78,78,78,78,78,78,78],"card_choices":[{"not_picked":["hexamod:BurningTouch","hexamod:Haunt"],"picked":"hexamod:AdvancingGuard","floor":2},{"not_picked":["hexamod:StepThrough","hexamod:HeatMetal"],"picked":"hexamod:TimeOfNeed","floor":4},{"not_picked":["hexamod:FourthSeal","hexamod:RainOfEmbers"],"picked":"hexamod:Firestarter","floor":5},{"not_picked":["hexamod:Firestarter","hexamod:PhantomFireball"],"picked":"hexamod:InspiringFlames","floor":9},{"not_picked":["hexamod:InspiringFlames","hexamod:NightmareStrike"],"picked":"hexamod:Firestarter","floor":10},{"not_picked":["hexamod:EtherealExpedition","hexamod:PhantomFireball"],"picked":"hexamod:HeatMetal","floor":11},{"not_picked":["Outmaneuver","champ:FalseCounter"],"picked":"BootSequence","floor":14},{"not_picked":["Slimebound:LeechingTouch","hexamod:Firestarter"],"picked":"Consecrate","floor":15},{"not_picked":["Barricade","Demonic Infusion"],"picked":"champ:LastStand","floor":16},{"not_picked":["sneckomod:QuickMove+1","hexamod:RetreatToShadows"],"picked":"Leap","floor":19},{"not_picked":["Dodge and Roll","expansioncontent:Torchfire+1"],"picked":"hexamod:PhantomFireball","floor":20},{"not_picked":["champ:FocusedDefense+1","Leap+1"],"picked":"BasicCrystalCard","floor":21},{"not_picked":["hexamod:RainOfEmbers+1","hexamod:GhostLash+1","sneckomod:QuickMove"],"picked":"SKIP","floor":23},{"not_picked":["Infernal Blade","Headbutt"],"picked":"Guardian:SentryBeam+1","floor":26},{"not_picked":["Perfected Strike","hexamod:GhostOfSpirePresent","Tantrum+1"],"picked":"SKIP","floor":28},{"not_picked":["ReplayTheSpireMod:GoodbyeWorld","hexamod:BurningTouch"],"picked":"Flash of Steel","floor":30},{"not_picked":["Perfected Strike+1","Guardian:WalkerClaw+1","Evaluate"],"picked":"SKIP","floor":31},{"not_picked":["Run Through+1","sneckomod:SoulRoll"],"picked":"Fluid Movement","floor":32},{"not_picked":["Panache","Glass Knife"],"picked":"Guardian:AncientConstruct","floor":33}],"player_experience":39977,"relics_obtained":[{"floor":4,"key":"Sundial"},{"floor":10,"key":"Centennial Puzzle"},{"floor":19,"key":"Replay:WaspNest"},{"floor":21,"key":"Boot"},{"floor":24,"key":"Mercury Hourglass"}],"event_choices":[{"damage_healed":0,"gold_gain":0,"player_choice":"Donut","damage_taken":0,"max_hp_gain":5,"max_hp_loss":0,"event_name":"Big Fish","floor":3,"gold_loss":0},{"damage_healed":0,"gold_gain":0,"cards_transformed":["hexamod:NightmareGuise"],"player_choice":"Transformed","damage_taken":0,"max_hp_gain":0,"max_hp_loss":0,"event_name":"Transmorgrifier","floor":8,"gold_loss":0,"cards_obtained":["hexamod:SearingWound"]},{"damage_healed":0,"gold_gain":0,"player_choice":"Copied","damage_taken":0,"max_hp_gain":0,"max_hp_loss":0,"event_name":"Duplicator","floor":29,"gold_loss":0,"cards_obtained":["hexamod:GhostflameInferno"]}],"is_beta":false,"boss_relics":[{"not_picked":["Replay:Wanted Poster","Sozu"],"picked":"Runic Pyramid"},{"not_picked":["Busted Crown","Astrolabe"],"picked":"Replay:Grab Bag"},{"not_picked":["Coffee Dripper","Philosopher\u0027s Stone"],"picked":"hexamod:IceCube"},{"not_picked":["ChewingGum","Velvet Choker"],"picked":"Fusion Hammer"},{"not_picked":["Empty Cage","Snecko Eye"],"picked":"Black Star"},{"not_picked":["Kintsugi","Calling Bell"],"picked":"Ring of Chaos"}],"items_purged_floors":[23],"is_endless":false,"potions_floor_spawned":[4,9,10,14,19,26,30,32,33],"killed_by":"Giant Head","ascension_level":0}}