{"host":"cxlfijb3ipw68228","time":1608521035,"event":{"mods":["2.2 Compatiblity","AchievementEnabler","Aspiration","BaseMod","Better Altar","Better Match","Better Note","Better Sensory Stone","Better Skull","Better Third Choice","BetterRewards","CCEM","Colored Map","Conspire","Downfall","Halation","Highlight Path","Hubris","Minty Spire (QoL Compilation)","Permanent Neow","Shop Mod","Spicy Shops","StSLib","The Servant 0.9.4"],"gold_per_floor":[99,110,110,110,4477,4497,4171,4214,4139,4250,4279,4301,4330,4355,4463,4463,4463,4463,4463,4485,4419,4454,4454,4470,4503,3880,3895,3895,3909,3922,4038,4038,3888,3930,3321,3349,3380,3380,3380,3419,3458,3458,3483,3065,3098,3130,3154,3157,3157,3192,2671,2671,2684],"floor_reached":56,"playtime":5117,"items_purged":["hexamod:Defend","Parasite","hexamod:Strike","hexamod:Strike","Normality","hexamod:Strike","Injury","hexamod:Defend"],"score":1816,"play_id":"2c7d5ef4-e432-4623-961c-55b6775e5d8b","local_time":"20201220222355","is_ascension_mode":true,"campfire_choices":[{"data":"expansioncontent:CaCaw","floor":1,"key":"SMITH"},{"floor":4,"key":"RECALL"},{"data":"hexamod:NightmareGuise","floor":10,"key":"SMITH"},{"data":"hexamod:SearingWound","floor":18,"key":"SMITH"},{"data":"hexamod:NecessarySacrifice","floor":20,"key":"SMITH"},{"data":"hexamod:EtherealExpedition","floor":35,"key":"SMITH"},{"data":"Good Instincts","floor":44,"key":"SMITH"},{"data":"Slimebound:SplitMire","floor":54,"key":"SMITH"}],"circlet_count":0,"master_deck":["hexamod:Strike","hexamod:Defend","hexamod:Defend","hexamod:Sear","hexamod:Float","expansioncontent:CaCaw+1","hexamod:HauntingEcho","hexamod:ExtraCrispy","hexamod:Hexaguard","Good Instincts+1","hexamod:StepThrough","hexamod:FlamesFromBeyond","hexamod:NightmareGuise+1","hexamod:PhantomFireball","hexamod:NecessarySacrifice+1","hexamod:ThermalTransfer","hexamod:Incineration","hexamod:FirstSeal","hexamod:SearingWound+1","hexamod:CatchUp","Panache+1","hexamod:EtherealExpedition+1","hexamod:WildfireWeapon+1","hexamod:SwordOfDarkness+1","expansioncontent:Flail","hexamod:ApocalypseNow","Guardian:VentSteam","Bane+1","sneckomod:IronFang+1","hexamod:SpectralAdrenaline","BottledTime+1","Moondial+1","Slimebound:SplitMire+1"],"relics":["hexamod:SpiritBrand","CCEMRelics:TechnogenicHelmet","PreservedInsect","aspiration:HummingbirdHeart","hubris:SphereOfDissonance","Question Card","aspiration:ChemicalBlood","Toolbox","Ancient Tea Set","aspiration:FetidBarrel","Thread and Needle","Bag of Marbles","Nunchaku","Happy Flower","hubris:ToyBattleship","Letter Opener","Singing Bowl","CCEMRelics:PorcelainBowl","CCEMRelics:TinyMinotavrHorn","halation:SwordOfLegend","Toy Ornithopter","Mercury Hourglass","Potion Belt","hubris:OldNail","hubris:FruitBowl","hubris:EvacipatedBox","Pear","hubris:Teleporter","Membership Card","halation:IllGainedPizza","aspiration:DSix","hubris:GlazedTorus","CeramicFish","Strawberry","downfall:HeartBlessingRed","White Beast Statue","Oddly Smooth Stone","CCEMRelics:TransientCore","Regal Pillow","CCEMRelics:GrindingGear","hubris:BundleOfHerbs","conspire:Boomerang","hexamod:JarOfFuel","Boot","HornCleat","hubris:Zylophone","CCEMRelics:SpiritsEdge","halation:Prosthetics","downfall:HeartBlessingGreen","downfall:HeartBlessingBlue","Ornamental Fan","conspire:TopHat","Chemical X","Kunai","Prayer Wheel","PrismaticShard","Smiling Mask","Sundial","conspire:BottledYoYo","Gremlin Horn","Blood Vial","halation:Komachan","hubris:BottledRain","Lantern","CCEMRelics:JestersCrown","Torii","CCEMRelics:FestiveHat","hexamod:InflammatoryLetter","halation:Diary","Bottled Flame"],"acts_visited":["Exordium","TheCity","TheBeyond","TheEnding"],"potions_floor_usage":[11,16,31,33,33,55],"damage_taken":[{"damage":0,"enemies":"Cultist","floor":2,"turns":4},{"damage":0,"enemies":"downfall:FleeingMerchant","floor":5,"turns":4},{"damage":0,"enemies":"2 Louse","floor":6,"turns":1},{"damage":0,"enemies":"downfall:FleeingMerchant","floor":8,"turns":4},{"damage":0,"enemies":"3 Sentries","floor":9,"turns":3},{"damage":0,"enemies":"downfall:LadyInBlue","floor":11,"turns":5},{"damage":0,"enemies":"conspire:RoseBush","floor":12,"turns":3},{"damage":0,"enemies":"2 Fungi Beasts","floor":13,"turns":2},{"damage":0,"enemies":"conspire:MimicChest","floor":14,"turns":3},{"damage":0,"enemies":"Exordium Wildlife","floor":15,"turns":2},{"damage":1,"enemies":"downfall:Watcher","floor":16,"turns":4},{"damage":6,"enemies":"Spheric Guardian","floor":21,"turns":2},{"damage":0,"enemies":"conspire:Head Lice","floor":23,"turns":3},{"damage":0,"enemies":"Shell Parasite","floor":25,"turns":3},{"damage":0,"enemies":"Gremlin Leader","floor":27,"turns":3},{"damage":0,"enemies":"3 Cultists","floor":29,"turns":4},{"damage":0,"enemies":"Cultist and Chosen","floor":31,"turns":3},{"damage":0,"enemies":"Centurion and Healer","floor":32,"turns":3},{"damage":0,"enemies":"downfall:Ironclad","floor":33,"turns":5},{"damage":3,"enemies":"Giant Head","floor":36,"turns":6},{"damage":0,"enemies":"3 Darklings","floor":38,"turns":2},{"damage":6,"enemies":"Reptomancer","floor":39,"turns":3},{"damage":0,"enemies":"Nemesis","floor":42,"turns":3},{"damage":0,"enemies":"Orb Walker","floor":43,"turns":2},{"damage":0,"enemies":"Spire Growth","floor":45,"turns":3},{"damage":0,"enemies":"Transient","floor":47,"turns":5},{"damage":6,"enemies":"Jaw Worm Horde","floor":48,"turns":2},{"damage":0,"enemies":"Spire Growth","floor":49,"turns":2},{"damage":0,"enemies":"downfall:Silent","floor":50,"turns":5},{"damage":2,"enemies":"downfall:CharBossMerchant","floor":52,"turns":5},{"damage":2,"enemies":"downfall:NeowBoss","floor":55,"turns":18}],"seed_played":"-7940239420560641943","potions_obtained":[{"floor":9,"key":"GamblersBrew"},{"floor":12,"key":"CultistPotion"},{"floor":13,"key":"Energy Potion"},{"floor":14,"key":"sneckomod:MuddlingPotion"},{"floor":16,"key":"champ:CounterPotion"},{"floor":21,"key":"DuplicationPotion"},{"floor":27,"key":"Slimebound:ThreeZeroPotion"},{"floor":29,"key":"Fruit Juice"},{"floor":31,"key":"Guardian:BlockOnCardUsePotion"},{"floor":32,"key":"hexamod:EctoCoolerPotion"},{"floor":33,"key":"Energy Potion"},{"floor":36,"key":"DuplicationPotion"},{"floor":38,"key":"Fire Potion"},{"floor":39,"key":"Swift Potion"}],"is_trial":false,"path_per_floor":["R","M","$","R","$","M","$","E","R","?","M","M","?","M","B",null,"R","?","R","M","?","E","T","M","E","$","M","?","M","M","B",null,"R","E","$","M","E","?","T","E","M","R","M","$","M","M","M","B",null,"E","$","R","B",null],"character_chosen":"THE_SPIRIT","items_purchased":["CCEMRelics:TechnogenicHelmet","PreservedInsect","aspiration:HummingbirdHeart","hubris:SphereOfDissonance","Question Card","aspiration:ChemicalBlood","Toolbox","Ancient Tea Set","aspiration:FetidBarrel","Thread and Needle","Bag of Marbles","Nunchaku","Happy Flower","hubris:ToyBattleship","Letter Opener","Singing Bowl","CCEMRelics:PorcelainBowl","CCEMRelics:TinyMinotavrHorn","halation:SwordOfLegend","Toy Ornithopter","Mercury Hourglass","Potion Belt","hubris:OldNail","hubris:FruitBowl","hubris:EvacipatedBox","hexamod:Hexaguard","Pear","hubris:Teleporter","Good Instincts","FairyPotion","hexamod:DoubleChargePotion","Membership Card","halation:IllGainedPizza","aspiration:DSix","hubris:GlazedTorus","CeramicFish","hexamod:NightmareGuise","hexamod:JarOfFuel","Boot","HornCleat","hubris:Zylophone","CCEMRelics:SpiritsEdge","hexamod:EtherealExpedition","conspire:TopHat","Chemical X","Kunai","Prayer Wheel","PrismaticShard","expansioncontent:Flail","Gremlin Horn","Blood Vial","halation:Komachan","hubris:BottledRain","Lantern","Torii","CCEMRelics:FestiveHat","hexamod:InflammatoryLetter","halation:Diary","Bottled Flame"],"campfire_rested":0,"item_purchase_floors":[3,3,3,3,3,3,3,3,3,3,3,3,3,3,3,3,3,3,3,3,3,3,3,3,3,5,5,5,5,5,5,8,8,8,8,8,8,28,28,28,28,28,28,37,37,37,37,37,37,46,46,46,46,46,53,53,53,53,53],"current_hp_per_floor":[70,70,70,69,84,84,81,91,91,91,91,91,94,94,94,94,94,55,55,58,58,77,77,96,115,115,134,134,158,168,173,121,136,137,137,149,160,160,160,166,174,174,184,184,191,194,208,215,215,221,221,223,215],"gold":2684,"neow_bonus":"RANDOM_COLORLESS","is_daily":false,"chose_seed":false,"campfire_upgraded":7,"win_rate":0.0,"timestamp":1608521035,"path_taken":["R","M","?","R","$","M","$","E","R","?","?","?","?","M","BOSS","R","?","R","M","?","E","T","M","E","$","M","?","?","M","BOSS","R","E","$","M","E","?","T","E","M","R","M","$","M","M","M","BOSS","E","$","R","BOSS"],"items_purchased_type":["Relic","Relic","Relic","Relic","Relic","Relic","Relic","Relic","Relic","Relic","Relic","Relic","Relic","Relic","Relic","Relic","Relic","Relic","Relic","Relic","Relic","Relic","Relic","Relic","Relic","Card","Relic","Relic","Card","Potion","Potion","Relic","Relic","Relic","Relic","Relic","Card","Relic","Relic","Relic","Relic","Relic","Card","Relic","Relic","Relic","Relic","Relic","Card","Relic","Relic","Relic","Relic","Relic","Relic","Relic","Relic","Relic","Relic"],"build_version":"2020-12-13","purchased_purges":8,"victory":true,"max_hp_per_floor":[70,70,70,70,85,85,81,91,91,91,91,91,94,94,94,94,94,94,94,102,102,112,112,122,132,132,141,141,158,168,173,121,136,140,140,150,160,160,160,166,174,174,184,184,191,199,210,215,215,223,223,223,215],"card_choices":[{"not_picked":["Dark Shackles","Purity"],"picked":"expansioncontent:CaCaw","floor":0},{"not_picked":["hexamod:Haunt","hexamod:ShieldOfDarkness"],"picked":"hexamod:HauntingEcho","floor":2},{"not_picked":["hexamod:FlamesFromBeyond","hexamod:SwordOfDarkness","hexamod:NightmareGuise"],"picked":"hexamod:ExtraCrispy","floor":5},{"not_picked":["hexamod:NightmareStrike","hexamod:Firestarter","hexamod:ThermalTransfer"],"picked":"hexamod:StepThrough","floor":6},{"not_picked":["hexamod:ShieldOfDarkness","hexamod:HauntingEcho","hexamod:HeatShield"],"picked":"hexamod:FlamesFromBeyond","floor":8},{"not_picked":["hexamod:StepThrough","hexamod:BurningTouch","hexamod:HeatShield"],"picked":"hexamod:PhantomFireball","floor":9},{"not_picked":["hexamod:NightmareStrike","hexamod:GhostOfSpireFuture","hexamod:Haunt"],"picked":"hexamod:NecessarySacrifice","floor":11},{"not_picked":["hexamod:GhostShield","hexamod:SpectralSpark","hexamod:InspiringFlames"],"picked":"hexamod:ThermalTransfer","floor":12},{"not_picked":["hexamod:RainOfEmbers","hexamod:StepThrough","hexamod:EmpoweringStance"],"picked":"hexamod:Incineration","floor":13},{"not_picked":["hexamod:RainOfEmbers","hexamod:GhostLash","hexamod:ShieldOfDarkness","hexamod:ChargedBarrage"],"picked":"Singing Bowl","floor":14},{"not_picked":["hexamod:Hexaguard","hexamod:EmpoweredFlame","hexamod:PhantomFireball"],"picked":"hexamod:FirstSeal","floor":15},{"not_picked":["hexamod:ApocalypticArmor","hexamod:CrushingStance","hexamod:UnleashSpirits"],"picked":"hexamod:SearingWound","floor":16},{"not_picked":["hexamod:InspiringFlames","hexamod:BacktrackSmack","hexamod:ThermalTransfer"],"picked":"hexamod:CatchUp","floor":21},{"not_picked":["Magnetism+1","Secret Weapon+1","Master of Strategy+1"],"picked":"Panache+1","floor":22},{"not_picked":["hexamod:GhostShield","hexamod:BurningTouch","hexamod:SkipABeat","hexamod:Again"],"picked":"Singing Bowl","floor":23},{"not_picked":["hexamod:Hexaguard","hexamod:Firestarter+1","hexamod:RadiantFlame","hexamod:NightmareGuise"],"picked":"Singing Bowl","floor":25},{"not_picked":["hexamod:RainOfEmbers","hexamod:RecurringNightmare+1","hexamod:SearingWound","hexamod:BurningTouch"],"picked":"Singing Bowl","floor":27},{"not_picked":["hexamod:HauntingEcho","hexamod:FirstSeal","hexamod:ThermalTransfer","hexamod:ExtraCrispy"],"picked":"Singing Bowl","floor":29},{"not_picked":["hexamod:ThermalTransfer","hexamod:HeatShield","hexamod:SwordOfDarkness+1","hexamod:AdvancingGuard"],"picked":"Singing Bowl","floor":31},{"not_picked":["hexamod:GhostShield","hexamod:Hexaguard","hexamod:RecurringNightmare","hexamod:AdvancingGuard"],"picked":"Singing Bowl","floor":32},{"not_picked":["hexamod:EmpoweringStance","hexamod:FifthSeal","hexamod:TimeWarp"],"picked":"hexamod:WildfireWeapon","floor":33},{"not_picked":["hexamod:Rewind","hexamod:GhostShield+1","hexamod:InspiringFlames"],"picked":"hexamod:SwordOfDarkness+1","floor":36},{"not_picked":["Starlight","Deep Breath+1","Slimebound:ViciousTackle+1","Slimebound:AcidTongue"],"picked":"Singing Bowl","floor":38},{"not_picked":["champ:AdrenalArmor","hexamod:Hexaguard","Guardian:Gem_Red"],"picked":"hexamod:ApocalypseNow","floor":38},{"not_picked":["conspire:Charge","expansioncontent:ChargeUp+1","Calculated Gamble+1","Starlight"],"picked":"Singing Bowl","floor":39},{"not_picked":["hexamod:GhostLash+1","Slimebound:ForwardTackle","FlyingSleeves+1"],"picked":"Guardian:VentSteam","floor":42},{"not_picked":["Desolation","champ:BladeFlurry+1","sneckomod:UnknownClassPURPLE"],"picked":"Bane+1","floor":43},{"not_picked":["hexamod:FastForward","Armaments","hexamod:EmpoweredFlame"],"picked":"Guardian:Gem_Fragmented","floor":43},{"not_picked":["Guardian:WalkerClaw","Twin Strike","True Grit+1"],"picked":"sneckomod:IronFang+1","floor":45},{"not_picked":["Barrage+1","Combust","TimeWarp","Rainbow"],"picked":"Singing Bowl","floor":45},{"not_picked":["sneckomod:DiceBlock+1","sneckomod:IronFang","Quick Slash+1","Guardian:PrimingBeam"],"picked":"Singing Bowl","floor":47},{"not_picked":["expansioncontent:DefensiveMode+1","champ:Encircle+1","hexamod:SkipABeat+1"],"picked":"hexamod:SpectralAdrenaline","floor":47},{"not_picked":["Comet+1","Bloodletting+1","DoubleEdge+1"],"picked":"BottledTime+1","floor":48},{"not_picked":["Slimebound:GoopSpray+1","Crippling Poison","DoubleEdge+1"],"picked":"Moondial+1","floor":48},{"not_picked":["Warcry","hexamod:EmpoweredFlame","FTL","sneckomod:MorePower"],"picked":"Singing Bowl","floor":49},{"not_picked":["Rebound","champ:StanceDance","Guardian:Gem_Lightblue"],"picked":"Slimebound:SplitMire","floor":49},{"not_picked":["hexamod:SecondSeal","Bullet Time","Sword Boomerang","Acrobatics+1"],"picked":"Singing Bowl","floor":52}],"player_experience":545994,"relics_obtained":[{"floor":9,"key":"Strawberry"},{"floor":11,"key":"White Beast Statue"},{"floor":14,"key":"Oddly Smooth Stone"},{"floor":23,"key":"hubris:BundleOfHerbs"},{"floor":27,"key":"conspire:Boomerang"},{"floor":36,"key":"Ornamental Fan"},{"floor":39,"key":"Smiling Mask"},{"floor":41,"key":"Sundial"},{"floor":42,"key":"conspire:BottledYoYo"},{"floor":52,"key":"CCEMRelics:JestersCrown"}],"event_choices":[{"damage_healed":0,"gold_gain":0,"player_choice":"RE RE ","damage_taken":43,"relics_obtained":["Regal Pillow","CCEMRelics:GrindingGear"],"max_hp_gain":0,"max_hp_loss":0,"event_name":"betterSkull:BetterSkull","floor":19,"gold_loss":0,"cards_upgraded":[]},{"damage_healed":0,"gold_gain":0,"player_choice":"2","damage_taken":0,"max_hp_gain":0,"max_hp_loss":0,"event_name":"betterMatch:BetterMatch","floor":22,"gold_loss":0,"cards_obtained":["betterMatch:ColorlessRareCard"]}],"is_beta":false,"boss_relics":[{"not_picked":["halation:LoveArrow","Astrolabe","Tiny House"],"picked":"CCEMRelics:TransientCore"},{"not_picked":["halation:HeavySnake","aspiration:RunicSpoon","aspiration:SilentSkillbook"],"picked":"halation:Prosthetics"}],"items_purged_floors":[5,8,8,28,37,37,46,53],"is_endless":false,"potions_floor_spawned":[9,12,13,14,15,16,21,23,25,27,29,31,32,33,36,38,39,42,43,45,47,48,49,52],"ascension_level":1}}