{"host":"anox4050deqdcqoh","time":1608580419,"event":{"mods":["BaseMod","Colored Map","Minty Spire (QoL Compilation)"],"gold_per_floor":[111,111,131,131,206,234,234,253,276,276,287,287,321,332,332,429,429,447,459,471,471,471],"floor_reached":21,"playtime":841,"items_purged":[],"score":227,"play_id":"e5db52d1-90a7-403f-9e83-8d1a25b53bb7","local_time":"20201221145339","is_ascension_mode":true,"campfire_choices":[{"data":"Zap","floor":7,"key":"SMITH"},{"data":"Streamline","floor":10,"key":"SMITH"},{"floor":12,"key":"RECALL"},{"floor":15,"key":"REST"}],"circlet_count":0,"master_deck":["Strike_B","Strike_B","Strike_B","Defend_B","Defend_B","Defend_B","Zap+1","Conserve Battery","Streamline+1","Conserve Battery","Electrodynamics","Ball Lightning","Capacitor","Barrage","Buffer","Leap","Ball Lightning","Ball Lightning"],"relics":["Cracked Core","NeowsBlessing","Juzu Bracelet","Strawberry","Mercury Hourglass","Empty Cage"],"acts_visited":["Exordium","TheCity"],"potions_floor_usage":[16,21,21],"damage_taken":[{"damage":0,"enemies":"Jaw Worm","floor":1,"turns":1},{"damage":0,"enemies":"Small Slimes","floor":3,"turns":1},{"damage":0,"enemies":"Gremlin Nob","floor":6,"turns":1},{"damage":0,"enemies":"Cultist","floor":8,"turns":3},{"damage":8,"enemies":"Looter","floor":11,"turns":3},{"damage":6,"enemies":"3 Sentries","floor":13,"turns":3},{"damage":0,"enemies":"Large Slime","floor":14,"turns":3},{"damage":20,"enemies":"Hexaghost","floor":16,"turns":9},{"damage":18,"enemies":"2 Thieves","floor":18,"turns":3},{"damage":27,"enemies":"Chosen","floor":19,"turns":5},{"damage":26,"enemies":"Snake Plant","floor":20,"turns":5},{"damage":11,"enemies":"Centurion and Healer","floor":21,"turns":3}],"seed_played":"-6703734250857808085","potions_obtained":[{"floor":3,"key":"Ancient Potion"},{"floor":8,"key":"Strength Potion"},{"floor":13,"key":"Weak Potion"},{"floor":16,"key":"Swift Potion"},{"floor":20,"key":"FocusPotion"}],"is_trial":false,"path_per_floor":["M","?","M","?","?","E","R","M","T","R","M","R","E","M","R","B",null,"M","M","M","M"],"character_chosen":"DEFECT","items_purchased":[],"campfire_rested":1,"item_purchase_floors":[],"current_hp_per_floor":[75,75,75,75,64,64,64,64,71,71,63,63,57,57,81,61,82,64,37,11,0,0],"gold":471,"neow_bonus":"THREE_ENEMY_KILL","is_daily":false,"chose_seed":false,"campfire_upgraded":2,"win_rate":0.0,"timestamp":1608580419,"path_taken":["M","?","M","?","?","E","R","M","T","R","M","R","E","M","R","BOSS","M","M","M","M"],"items_purchased_type":[],"build_version":"2020-12-13","purchased_purges":0,"victory":false,"max_hp_per_floor":[75,75,75,75,75,75,75,75,82,82,82,82,82,82,82,82,82,82,82,82,82,82],"card_choices":[{"not_picked":["Stack","Hologram"],"picked":"Conserve Battery","floor":1},{"not_picked":["Stack","Turbo"],"picked":"Streamline","floor":3},{"not_picked":["Steam","Compile Driver"],"picked":"Conserve Battery","floor":6},{"not_picked":["Undo","Beam Cell"],"picked":"Electrodynamics","floor":8},{"not_picked":["Chaos","Leap"],"picked":"Ball Lightning","floor":11},{"not_picked":["Beam Cell","Turbo"],"picked":"Capacitor","floor":13},{"not_picked":["Sunder","Hologram"],"picked":"Barrage","floor":14},{"not_picked":["Multi-Cast","Hyperbeam"],"picked":"Buffer","floor":16},{"not_picked":["Beam Cell","Rebound"],"picked":"Leap","floor":18},{"not_picked":["Undo","Tempest+1"],"picked":"Ball Lightning","floor":19},{"not_picked":["Cold Snap+1","Rebound+1"],"picked":"Ball Lightning","floor":20}],"player_experience":150309,"relics_obtained":[{"floor":6,"key":"Juzu Bracelet"},{"floor":9,"key":"Strawberry"},{"floor":13,"key":"Mercury Hourglass"}],"event_choices":[{"damage_healed":0,"gold_gain":0,"player_choice":"Ignored","damage_taken":0,"max_hp_gain":0,"max_hp_loss":0,"event_name":"Golden Idol","floor":2,"gold_loss":0},{"cards_removed":["Dualcast"],"damage_healed":0,"gold_gain":0,"player_choice":"Forget","damage_taken":0,"max_hp_gain":0,"max_hp_loss":0,"event_name":"Living Wall","floor":4,"gold_loss":0},{"damage_healed":0,"gold_gain":75,"player_choice":"Gather Gold","damage_taken":11,"max_hp_gain":0,"max_hp_loss":0,"event_name":"World of Goop","floor":5,"gold_loss":0}],"is_beta":false,"boss_relics":[{"not_picked":["Runic Pyramid","Runic Dome"],"picked":"Empty Cage"}],"items_purged_floors":[],"is_endless":false,"potions_floor_spawned":[3,8,13,16,20],"killed_by":"Centurion and Healer","ascension_level":1}}