{"host":"c3kh4y5z2xx8jyu6","time":1608581615,"event":{"mods":["AchievementEnabler","BaseMod","Colored Powertips","Downfall","Hermit","Hubris","Lobotomy","Marisa????????","Minty Spire (QoL Compilation)","READ ME - Guardian Mod","Replay The Spire","Shop Mod","StSLib","Td1madao Mod","The Bug Knight","The Cursed","The Disciple","The Hierophant","The Jungle","The Necromancer","The Runesmith","The Servant 0.9.4"],"gold_per_floor":[119,137,212,222,236,266,266,329,329,9,24,24,35,51,51,152,152,170,185,185,221,233,233,266,266,266,305,381,404,584,604,604,604,604],"floor_reached":33,"playtime":1760,"items_purged":[],"score":289,"play_id":"828b640f-82c4-42f5-bdf4-9e8a7990aa42","local_time":"20201221221335","is_ascension_mode":false,"campfire_choices":[{"floor":12.0,"key":"REST"},{"floor":15.0,"key":"REST"},{"floor":23.0,"key":"REST"},{"data":"Blood_Is_Power","floor":25,"key":"SMITH"},{"floor":32,"key":"REST"}],"circlet_count":0,"master_deck":["Strike_W","Strike_W","Strike_W","Strike_W+1","Defend_W","Defend_W","Defend_W","Defend_W","Negative_Energy_Arrows+1","Bone_Wall","Bone_Armor","Death_Coil","Hellfire","Bones_to_Steel+1","Negative_Energy_Mist+1","Pandemic","Summon_Undead","Consume_Illness","Blood_Is_Power+1","Blood_Shield","Skeleton_Dragon","Negative_Energy_Burst","Epidemic","Consume_Illness+1","Life_Drain","Life_Tap","Blood_for_Blood","Toxic_Smoke_Screen"],"relics":["Vampire_Amulet","Whetstone","Mercury Hourglass","ReplayTheSpireMod:Lightbulb","MawBank","Gremlin Horn","hubris:ScarierMask","hubris:Towel","Pet Ghost","Bag of Preparation","Kunai","CeramicFish","Sundial"],"acts_visited":["Exordium","TheCity"],"potions_floor_usage":[33,33,33],"damage_taken":[{"damage":0.0,"enemies":"Small Slimes","floor":1.0,"turns":3.0},{"damage":0.0,"enemies":"2 Louse","floor":2.0,"turns":2.0},{"damage":3.0,"enemies":"Jaw Worm","floor":4.0,"turns":3.0},{"damage":8.0,"enemies":"Large Slime","floor":5.0,"turns":9.0},{"damage":15.0,"enemies":"3 Sentries","floor":6.0,"turns":6.0},{"damage":13.0,"enemies":"Gremlin Nob","floor":8.0,"turns":3.0},{"damage":1.0,"enemies":"Blue Slaver","floor":11.0,"turns":4.0},{"damage":11.0,"enemies":"Exordium Thugs","floor":13.0,"turns":3.0},{"damage":4.0,"enemies":"Looter","floor":14.0,"turns":3.0},{"damage":68.0,"enemies":"Fading Forest","floor":16.0,"turns":11.0},{"damage":10.0,"enemies":"2 Thieves","floor":18.0,"turns":2.0},{"damage":12.0,"enemies":"Spheric Guardian","floor":19.0,"turns":4.0},{"damage":20.0,"enemies":"Snecko","floor":22.0,"turns":5.0},{"damage":42.0,"enemies":"Gremlin Leader","floor":24.0,"turns":11.0},{"damage":29,"enemies":"HollowMod:Nosk","floor":27,"turns":9},{"damage":8,"enemies":"Shelled Parasite and Fungi","floor":29,"turns":11},{"damage":4,"enemies":"Centurion and Healer","floor":31,"turns":3},{"damage":75,"enemies":"hubris:MusketHawk","floor":33,"turns":8}],"seed_played":"-478447471519316779","potions_obtained":[{"floor":1.0,"key":"Explosive Potion"},{"floor":4.0,"key":"Explosive Potion"},{"floor":5.0,"key":"EssenceOfSteel"},{"floor":13.0,"key":"SkillPotion"},{"floor":18.0,"key":"Block Potion"},{"floor":19.0,"key":"Block Potion"}],"is_trial":false,"path_per_floor":["M","M","?","M","M","E","?","?","T","$","M","R","M","M","R","B",null,"M","M","?","?","M","R","E","R","T","E","T","M","?","M","R","B"],"character_chosen":"NECROMANCER","items_purchased":["Summon_Undead","Gremlin Horn"],"campfire_rested":4,"item_purchase_floors":[10,10],"current_hp_per_floor":[75,75,64,63,59,50,35,24,24,24,25,47,43,41,63,8,75,67,60,60,42,34,56,54,54,54,40,40,46,27,37,59,0,0],"gold":604,"neow_bonus":"RANDOM_COMMON_RELIC","is_daily":false,"chose_seed":false,"campfire_upgraded":1,"win_rate":0.0,"timestamp":1608581615,"path_taken":["M","M","?","M","M","E","?","?","T","?","M","R","M","?","R","BOSS","M","M","?","?","M","R","E","R","T","E","?","M","?","M","R","BOSS"],"items_purchased_type":["Card","Relic"],"build_version":"2020-12-13","purchased_purges":0,"victory":false,"max_hp_per_floor":[75,75,75,75,75,75,75,75,75,75,75,75,75,75,75,75,75,75,75,75,75,75,75,75,75,75,75,75,75,75,75,75,75,75],"card_choices":[{"not_picked":["Negative_Energy_Mist","Uncharnel"],"picked":"Bone_Armor","floor":1.0},{"not_picked":["Death_March_Dance","Shackles_Of_Pain"],"picked":"Death_Coil","floor":2.0},{"not_picked":["Death_March_Dance","Shackles_Of_Pain"],"picked":"Hellfire","floor":4.0},{"not_picked":["Blood_for_Blood","Vampiric_Strike"],"picked":"Bones_to_Steel","floor":5.0},{"not_picked":["Chill_Blood","Spectral_Armor"],"picked":"Negative_Energy_Mist","floor":6.0},{"not_picked":["Acid_Javelin","Scare"],"picked":"Pandemic","floor":8.0},{"not_picked":["Shade_Step","Shackles_Of_Pain"],"picked":"Consume_Illness","floor":11.0},{"not_picked":["Bones_to_Steel","Acid_Javelin"],"picked":"Blood_Is_Power","floor":13.0},{"not_picked":["Bone_Prison","Bone_Bullets"],"picked":"Blood_Shield","floor":14.0},{"not_picked":["Summon_Vampire_Lady","Grasp_Heart"],"picked":"Skeleton_Dragon","floor":16.0},{"not_picked":["Bone_Shift","Scare"],"picked":"Negative_Energy_Burst","floor":18.0},{"not_picked":["Negative_Energy_Shield","Bones_to_Steel"],"picked":"Epidemic","floor":19.0},{"not_picked":["Blood_Curse","Negative_Energy_Mist"],"picked":"Consume_Illness+1","floor":21.0},{"not_picked":["Necrotic_Claws","Scare"],"picked":"Life_Drain","floor":21.0},{"not_picked":["Finger_Of_Death","Blood_Whip","Vampiric_Strike"],"picked":"SKIP","floor":22.0},{"not_picked":["Bones_to_Steel","Chill_Blood+1","Bone_Spikes+1"],"picked":"SKIP","floor":24},{"not_picked":["Negative_Energy_Mist","Bone_Shift"],"picked":"Life_Tap","floor":27},{"not_picked":["Finger_Of_Death","Shade_Step+1"],"picked":"Blood_for_Blood","floor":29},{"not_picked":["Blood_Magic","Blood_Curse+1"],"picked":"Toxic_Smoke_Screen","floor":31}],"player_experience":199311,"relics_obtained":[{"floor":6.0,"key":"Mercury Hourglass"},{"floor":8.0,"key":"ReplayTheSpireMod:Lightbulb"},{"floor":9.0,"key":"MawBank"},{"floor":21.0,"key":"Pet Ghost"},{"floor":24,"key":"Bag of Preparation"},{"floor":26,"key":"Kunai"},{"floor":27,"key":"CeramicFish"},{"floor":28,"key":"Sundial"}],"event_choices":[{"damage_healed":0.0,"max_hp_gain":0.0,"max_hp_loss":0.0,"gold_gain":75.0,"event_name":"World of Goop","player_choice":"Gather Gold","floor":3.0,"gold_loss":0.0,"damage_taken":11.0},{"damage_healed":0.0,"max_hp_gain":0.0,"max_hp_loss":0.0,"gold_gain":0.0,"event_name":"Shining Light","player_choice":"Entered Light","floor":7.0,"gold_loss":0.0,"damage_taken":15.0,"cards_upgraded":["Bones_to_Steel","Negative_Energy_Mist"]},{"damage_healed":0.0,"max_hp_gain":0.0,"max_hp_loss":0.0,"gold_gain":0.0,"event_name":"Dead Adventurer","player_choice":"Searched \u00271\u0027 times","floor":8.0,"gold_loss":0.0,"damage_taken":0.0},{"damage_healed":0,"gold_gain":180,"player_choice":"GOLD GOLD ","damage_taken":19,"max_hp_gain":0,"max_hp_loss":0,"event_name":"Knowing Skull","floor":30,"potions_obtained":[],"gold_loss":0,"cards_obtained":[]}],"is_beta":false,"boss_relics":[{"not_picked":["Runic Pyramid","Replay:Bronze Core"],"picked":"hubris:ScarierMask"}],"items_purged_floors":[],"is_endless":false,"potions_floor_spawned":[1,4,5,13,18,19,22],"killed_by":"hubris:MusketHawk","ascension_level":0}}