{"host":"zxkjcgzis4pm3za5","time":1608579553,"event":{"mods":["AchievementEnabler","BaseMod","Colored Map","Colored Powertips","Minty Spire (QoL Compilation)","Quick Restart","RNG Fix","Random Character Button","StSLib"],"gold_per_floor":[365,139,139,149,161,161,175,175,201,231,231,266,59,85,85,185,185,197,197,197,147,147,177,177,212,212,239,239,256,80,80,80,179,179,193,193,143,159,174,201,95,149,149,149,161,161,172,206,206,206,206,206,1,30,30],"floor_reached":56,"playtime":1118,"items_purged":["Strike_R","Strike_R","Strike_R","Defend_R","Cleave"],"score":2048,"play_id":"d7e820d8-039e-4ab1-b980-32f8817446f2","local_time":"20201222010913","is_ascension_mode":true,"campfire_choices":[{"data":"Bash","floor":6.0,"key":"SMITH"},{"floor":11.0,"key":"REST"},{"data":"Flex","floor":15.0,"key":"SMITH"},{"data":"J.A.X.","floor":24.0,"key":"SMITH"},{"data":"Battle Trance","floor":28.0,"key":"SMITH"},{"floor":32.0,"key":"RECALL"},{"data":"Limit Break","floor":44.0,"key":"SMITH"},{"data":"Double Tap","floor":46.0,"key":"SMITH"},{"data":"Disarm","floor":49.0,"key":"SMITH"},{"data":"Ghostly Armor","floor":52.0,"key":"SMITH"}],"circlet_count":0,"master_deck":["Strike_R+1","Defend_R","Defend_R+1","Defend_R","Bash+1","Whirlwind+1","Disarm+1","Battle Trance+1","Flex+1","Feed","Ghostly Armor+1","J.A.X.+1","Double Tap+1","Limit Break+1","Sword Boomerang+1","Master of Strategy","Heavy Blade","Demon Form"],"relics":["Burning Blood","Chemical X","Smiling Mask","Singing Bowl","The Courier","HandDrill","Anchor","Runic Dome","Pen Nib","Gremlin Horn","Meat on the Bone","Blood Vial","Bag of Preparation","Nilry\u0027s Codex","Busted Crown","Orichalcum","Gambling Chip","Juzu Bracelet","FossilizedHelix"],"acts_visited":["Exordium","TheCity","TheBeyond","TheEnding"],"potions_floor_usage":[55,55],"damage_taken":[{"damage":9.0,"enemies":"2 Louse","floor":1.0,"turns":3.0},{"damage":0.0,"enemies":"Small Slimes","floor":4.0,"turns":1.0},{"damage":1.0,"enemies":"Cultist","floor":5.0,"turns":3.0},{"damage":11.0,"enemies":"Blue Slaver","floor":7.0,"turns":2.0},{"damage":27.0,"enemies":"Lagavulin","floor":10.0,"turns":4.0},{"damage":16.0,"enemies":"Gremlin Nob","floor":12.0,"turns":3.0},{"damage":15.0,"enemies":"3 Sentries","floor":14.0,"turns":3.0},{"damage":19.0,"enemies":"The Guardian","floor":16.0,"turns":8.0},{"damage":0.0,"enemies":"Shell Parasite","floor":18.0,"turns":2.0},{"damage":25.0,"enemies":"Book of Stabbing","floor":23.0,"turns":4.0},{"damage":22.0,"enemies":"Slavers","floor":25.0,"turns":3.0},{"damage":3.0,"enemies":"Gremlin Leader","floor":27.0,"turns":3.0},{"damage":3.0,"enemies":"Chosen","floor":29.0,"turns":3.0},{"damage":26.0,"enemies":"Champ","floor":33.0,"turns":6.0},{"damage":0.0,"enemies":"Orb Walker","floor":35.0,"turns":1.0},{"damage":3.0,"enemies":"3 Darklings","floor":38.0,"turns":2.0},{"damage":15.0,"enemies":"Maw","floor":39.0,"turns":4.0},{"damage":27.0,"enemies":"Reptomancer","floor":40.0,"turns":3.0},{"damage":0.0,"enemies":"2 Orb Walkers","floor":42.0,"turns":1.0},{"damage":3.0,"enemies":"4 Shapes","floor":45.0,"turns":1.0},{"damage":3.0,"enemies":"3 Darklings","floor":47.0,"turns":1.0},{"damage":3.0,"enemies":"Nemesis","floor":48.0,"turns":1.0},{"damage":6.0,"enemies":"Donu and Deca","floor":50.0,"turns":1.0},{"damage":3.0,"enemies":"Shield and Spear","floor":54.0,"turns":1.0},{"damage":68,"enemies":"The Heart","floor":55,"turns":7}],"seed_played":"-6748596803952178668","potions_obtained":[{"floor":1.0,"key":"HeartOfIron"},{"floor":10.0,"key":"ElixirPotion"},{"floor":23.0,"key":"LiquidMemories"},{"floor":29.0,"key":"Ancient Potion"},{"floor":42.0,"key":"BlessingOfTheForge"}],"is_trial":false,"path_per_floor":["M","$","?","M","M","R","M","?","T","E","R","E","$","E","R","B",null,"M","?","?","$","?","E","R","E","T","E","R","M","$","?","R","B",null,"M","?","$","M","M","E","$","?","T","R","M","R","M","E","R","B",null,"R","$","E","B",null],"character_chosen":"IRONCLAD","items_purchased":["Whirlwind","Chemical X","Flex","HandDrill","Bag of Preparation","Limit Break","Master of Strategy","Block Potion","Heavy Blade"],"campfire_rested":1,"item_purchase_floors":[2,2,13,13,30,41,53,53,53],"current_hp_per_floor":[48,48,48,54,59,59,54,38,38,19,43,35,35,28,28,15,68,76,76,76,76,76,59,59,43,43,60,60,67,67,51,51,50,87,97,97,97,103,96,82,82,92,92,92,99,99,106,111,111,113,115,115,115,116,66],"gold":30,"neow_bonus":"TWO_FIFTY_GOLD","is_daily":false,"chose_seed":false,"campfire_upgraded":8,"win_rate":0.0,"timestamp":1608579553,"path_taken":["M","$","?","M","?","R","M","?","T","E","R","E","$","E","R","BOSS","M","?","?","$","?","E","R","E","T","E","R","M","?","?","R","BOSS","M","?","$","M","M","E","$","?","T","R","M","R","M","E","R","BOSS","R","$","E","BOSS"],"items_purchased_type":["Card","Relic","Card","Relic","Relic","Card","Card","Potion","Card"],"build_version":"2020-12-13","purchased_purges":5,"victory":true,"max_hp_per_floor":[80,80,80,80,80,80,80,80,80,82,82,84,84,86,86,86,86,88,88,88,88,88,90,90,90,90,92,92,94,94,94,94,99,99,101,101,101,103,105,110,110,112,112,112,114,114,116,116,116,116,116,116,116,116,116],"card_choices":[{"not_picked":["Flex","Clash"],"picked":"Cleave","floor":1.0},{"not_picked":["Cleave","Twin Strike","Heavy Blade"],"picked":"SKIP","floor":4.0},{"not_picked":["Heavy Blade","Thunderclap"],"picked":"Disarm","floor":5.0},{"not_picked":["Fire Breathing","Brutality"],"picked":"Battle Trance","floor":7.0},{"not_picked":["Anger","Intimidate","Armaments"],"picked":"Singing Bowl","floor":10.0},{"not_picked":["True Grit","Disarm","Barricade"],"picked":"Singing Bowl","floor":12.0},{"not_picked":["Carnage","Twin Strike","Clothesline"],"picked":"Singing Bowl","floor":14.0},{"not_picked":["Impervious","Brutality"],"picked":"Feed","floor":16.0},{"not_picked":["Fire Breathing","Shrug It Off","Whirlwind"],"picked":"Singing Bowl","floor":18.0},{"not_picked":["Pommel Strike","Flex","Carnage"],"picked":"Singing Bowl","floor":23.0},{"not_picked":["Flame Barrier","Ghostly Armor+1"],"picked":"Double Tap","floor":25.0},{"not_picked":["Feel No Pain","Entrench","Pommel Strike"],"picked":"Singing Bowl","floor":27.0},{"not_picked":["Battle Trance","Pommel Strike+1","Twin Strike"],"picked":"Singing Bowl","floor":29.0},{"not_picked":["Juggernaut","Barricade","Exhume"],"picked":"Singing Bowl","floor":33.0},{"not_picked":["Sever Soul"],"picked":"Singing Bowl","floor":35.0},{"not_picked":["Body Slam"],"picked":"Singing Bowl","floor":38.0},{"not_picked":["Cleave+1"],"picked":"Singing Bowl","floor":39.0},{"not_picked":["Searing Blow+1"],"picked":"Singing Bowl","floor":40.0},{"not_picked":["Body Slam+1"],"picked":"Singing Bowl","floor":42.0},{"not_picked":["Disarm"],"picked":"Singing Bowl","floor":45.0},{"not_picked":["Pommel Strike+1"],"picked":"Singing Bowl","floor":47.0},{"not_picked":[],"picked":"Sword Boomerang+1","floor":48.0},{"not_picked":[],"picked":"Demon Form","floor":54.0}],"player_experience":126603,"relics_obtained":[{"floor":9.0,"key":"Smiling Mask"},{"floor":10.0,"key":"Singing Bowl"},{"floor":12.0,"key":"The Courier"},{"floor":14.0,"key":"Anchor"},{"floor":23.0,"key":"Pen Nib"},{"floor":25.0,"key":"Gremlin Horn"},{"floor":26.0,"key":"Meat on the Bone"},{"floor":27.0,"key":"Blood Vial"},{"floor":31.0,"key":"Nilry\u0027s Codex"},{"floor":40.0,"key":"Orichalcum"},{"floor":42.0,"key":"Gambling Chip"},{"floor":48.0,"key":"Juzu Bracelet"},{"floor":54.0,"key":"FossilizedHelix"}],"event_choices":[{"damage_healed":0.0,"max_hp_gain":0.0,"max_hp_loss":0.0,"gold_gain":0.0,"event_name":"Living Wall","player_choice":"Grow","floor":3.0,"gold_loss":0.0,"damage_taken":0.0,"cards_upgraded":["Whirlwind"]},{"damage_healed":0.0,"max_hp_gain":0.0,"max_hp_loss":0.0,"gold_gain":0.0,"event_name":"Shining Light","player_choice":"Entered Light","floor":8.0,"gold_loss":0.0,"damage_taken":16.0,"cards_upgraded":["Strike_R","Defend_R"]},{"damage_healed":0.0,"max_hp_gain":0.0,"max_hp_loss":0.0,"gold_gain":0.0,"event_name":"Vampires","player_choice":"Ignored","floor":19.0,"gold_loss":0.0,"damage_taken":0.0},{"damage_healed":0.0,"max_hp_gain":0.0,"max_hp_loss":0.0,"gold_gain":0.0,"event_name":"The Library","player_choice":"Read","floor":20.0,"gold_loss":0.0,"damage_taken":0.0,"cards_obtained":["Ghostly Armor"]},{"damage_healed":0.0,"max_hp_gain":0.0,"max_hp_loss":0.0,"gold_gain":0.0,"event_name":"Drug Dealer","player_choice":"Obtain J.A.X.","floor":22.0,"gold_loss":0.0,"damage_taken":0.0,"cards_obtained":["J.A.X."]},{"damage_healed":0.0,"max_hp_gain":0.0,"max_hp_loss":0.0,"gold_gain":0.0,"event_name":"Cursed Tome","player_choice":"Obtained Book","floor":31.0,"gold_loss":0.0,"damage_taken":16.0},{"cards_removed":["Strike_R"],"damage_healed":0.0,"max_hp_gain":0.0,"max_hp_loss":0.0,"gold_gain":0.0,"event_name":"Bonfire Elementals","player_choice":"Offered Basic","floor":36.0,"gold_loss":0.0,"damage_taken":0.0},{"damage_healed":0.0,"max_hp_gain":0.0,"max_hp_loss":0.0,"gold_gain":0.0,"event_name":"Mysterious Sphere","player_choice":"Fight","floor":42.0,"gold_loss":0.0,"damage_taken":0.0}],"is_beta":false,"boss_relics":[{"not_picked":["SlaversCollar","Mark of Pain"],"picked":"Runic Dome"},{"not_picked":["Philosopher\u0027s Stone","Tiny House"],"picked":"Busted Crown"}],"items_purged_floors":[13,21,30,37,41],"is_endless":false,"potions_floor_spawned":[1,10,23,27,29,35,40,42],"ascension_level":9}}