{"host":"h1ba9qculgt1zycs","time":1608588616,"event":{"mods":["BaseMod","Downfall","Hermit","Minty Spire (QoL Compilation)","StSLib"],"gold_per_floor":[114,114,131,141,156,187,187,206,288,76,90,13,47,58,58,163,163,174,0,99,112,185,185,218,218,218,252,252,252,269,284,284,384,384,395,395,146,246,246,246],"floor_reached":39,"playtime":1567,"items_purged":["Defend_B","Defend_B"],"score":665,"play_id":"42a066d8-85f1-496f-983d-6f1d9f621fc4","local_time":"20201221231016","is_ascension_mode":true,"campfire_choices":[{"floor":7,"key":"REST"},{"data":"Fission","floor":15,"key":"SMITH"},{"data":"Forethought","floor":28,"key":"SMITH"},{"data":"Dualcast","floor":32,"key":"SMITH"}],"circlet_count":0,"master_deck":["Defend_B","Defend_B","Zap","Dualcast+1","Forethought+1","Doom and Gloom","Lockon","Leap","Capacitor","Fission+1","Doom and Gloom","Sweeping Beam","Aggregate","Meteor Strike","Redo","Darkness+1","Redo","Turbo","Redo","Bite","Bite","Bite","Bite","Bite","Chill","Echo Form","Redo+1","Genetic Algorithm+1"],"relics":["Cracked Core","Symbiotic Virus","Darkstone Periapt","Blue Candle","Vajra","Nuclear Battery","Cables","Mummified Hand","Bag of Preparation","Bottled Lightning","Prayer Wheel","Inserter","Toolbox"],"acts_visited":["Exordium","TheCity","TheBeyond"],"potions_floor_usage":[6,13,21,24,31,33],"damage_taken":[{"damage":6,"enemies":"Cultist","floor":1,"turns":4},{"damage":2,"enemies":"Small Slimes","floor":3,"turns":3},{"damage":13,"enemies":"Jaw Worm","floor":4,"turns":4},{"damage":13,"enemies":"2 Fungi Beasts","floor":5,"turns":3},{"damage":16,"enemies":"Gremlin Nob","floor":6,"turns":3},{"damage":18,"enemies":"Large Slime","floor":8,"turns":4},{"damage":16,"enemies":"Blue Slaver","floor":11,"turns":3},{"damage":35,"enemies":"3 Sentries","floor":13,"turns":5},{"damage":0,"enemies":"Gremlin Gang","floor":14,"turns":3},{"damage":82,"enemies":"The Guardian","floor":16,"turns":7},{"damage":12,"enemies":"Chosen","floor":18,"turns":2},{"damage":14,"enemies":"2 Thieves","floor":21,"turns":3},{"damage":66,"enemies":"Gremlin Leader","floor":24,"turns":7},{"damage":25,"enemies":"Book of Stabbing","floor":27,"turns":3},{"damage":12,"enemies":"Cultist and Chosen","floor":30,"turns":2},{"damage":31,"enemies":"Snecko","floor":31,"turns":4},{"damage":48,"enemies":"Automaton","floor":33,"turns":6},{"damage":43,"enemies":"3 Shapes","floor":35,"turns":3},{"damage":70,"enemies":"3 Darklings","floor":39,"turns":3}],"seed_played":"-4142169447590617199","potions_obtained":[{"floor":5,"key":"DuplicationPotion"},{"floor":6,"key":"Fruit Juice"},{"floor":11,"key":"AttackPotion"},{"floor":16,"key":"AttackPotion"},{"floor":21,"key":"Weak Potion"},{"floor":27,"key":"AttackPotion"},{"floor":30,"key":"Dexterity Potion"}],"is_trial":false,"path_per_floor":["M","T","M","M","M","E","R","M","T","$","M","$","E","M","R","B",null,"M","$","?","M","T","?","E","?","T","E","R","?","M","M","R","B",null,"M","?","$","?","M"],"character_chosen":"DEFECT","items_purchased":["Fission","Doom and Gloom","Cables","Redo","Toolbox"],"campfire_rested":1,"item_purchase_floors":[10,12,19,19,37],"current_hp_per_floor":[62,62,60,47,34,23,47,29,29,29,13,13,45,45,45,40,70,58,58,58,44,44,44,50,50,50,25,25,25,15,40,40,38,52,13,13,13,13,0,0],"gold":246,"neow_bonus":"RANDOM_COLORLESS","is_daily":false,"chose_seed":false,"campfire_upgraded":3,"win_rate":0.0,"timestamp":1608588616,"path_taken":["M","?","?","?","M","E","R","M","T","?","?","?","E","M","R","BOSS","M","$","?","M","?","?","E","?","T","E","R","?","M","M","R","BOSS","M","?","$","?","M"],"items_purchased_type":["Card","Card","Relic","Card","Relic"],"build_version":"2020-12-13","purchased_purges":2,"victory":false,"max_hp_per_floor":[75,75,75,75,75,80,80,80,80,80,80,80,80,80,80,80,80,80,80,80,80,80,80,80,80,80,80,80,56,56,56,56,56,56,56,56,56,56,56,56],"card_choices":[{"not_picked":["Dramatic Entrance","expansioncontent:LastStand"],"picked":"Forethought","floor":0},{"not_picked":["Go for the Eyes","Steam"],"picked":"Doom and Gloom","floor":1},{"not_picked":["Go for the Eyes","Turbo","Hologram"],"picked":"SKIP","floor":3},{"not_picked":["Hologram","Conserve Battery","Melter"],"picked":"SKIP","floor":4},{"not_picked":["Ball Lightning","Gash"],"picked":"Lockon","floor":5},{"not_picked":["Steam","Stack"],"picked":"Leap","floor":6},{"not_picked":["Go for the Eyes","Meteor Strike"],"picked":"Capacitor","floor":8},{"not_picked":["Coolheaded","Cold Snap","Gash"],"picked":"SKIP","floor":11},{"not_picked":["Fusion","Streamline"],"picked":"Sweeping Beam","floor":13},{"not_picked":["White Noise","Stack"],"picked":"Aggregate","floor":14},{"not_picked":["Creative AI","Machine Learning"],"picked":"Meteor Strike","floor":16},{"not_picked":["Fusion","Conserve Battery","Skim"],"picked":"SKIP","floor":18},{"not_picked":["Steam","Go for the Eyes","Compile Driver"],"picked":"SKIP","floor":21},{"not_picked":["Coolheaded","Force Field"],"picked":"Darkness+1","floor":24},{"not_picked":["Core Surge","Stack"],"picked":"Redo","floor":27},{"not_picked":["FTL+1","Turbo"],"picked":"Chill","floor":30},{"not_picked":["Sweeping Beam","Conserve Battery","Ball Lightning"],"picked":"SKIP","floor":30},{"not_picked":["Streamline+1","Sweeping Beam","Ball Lightning"],"picked":"SKIP","floor":31},{"not_picked":["Steam","Chaos+1","Compile Driver"],"picked":"SKIP","floor":31},{"not_picked":["Hyperbeam","Meteor Strike"],"picked":"Echo Form","floor":33},{"not_picked":["Undo","Go for the Eyes"],"picked":"Redo+1","floor":35},{"not_picked":["Glacier+1","Coolheaded+1"],"picked":"Genetic Algorithm+1","floor":35}],"player_experience":262118,"relics_obtained":[{"floor":2,"key":"Symbiotic Virus"},{"floor":6,"key":"Darkstone Periapt"},{"floor":9,"key":"Blue Candle"},{"floor":13,"key":"Vajra"},{"floor":22,"key":"Mummified Hand"},{"floor":24,"key":"Bag of Preparation"},{"floor":26,"key":"Bottled Lightning"},{"floor":27,"key":"Prayer Wheel"}],"event_choices":[{"damage_healed":0,"gold_gain":99,"player_choice":"Stole From Cult","damage_taken":0,"max_hp_gain":0,"max_hp_loss":0,"event_name":"Nest","floor":20,"gold_loss":0},{"damage_healed":0,"gold_gain":0,"player_choice":"Ignored","damage_taken":0,"max_hp_gain":0,"max_hp_loss":0,"event_name":"Ghosts","floor":23,"gold_loss":0},{"damage_healed":0,"gold_gain":0,"cards_transformed":["Strike_B","Strike_B"],"player_choice":"Became Test Subject","damage_taken":0,"max_hp_gain":0,"max_hp_loss":0,"event_name":"Drug Dealer","floor":25,"gold_loss":0,"cards_obtained":["Redo","Turbo"]},{"damage_healed":0,"gold_gain":0,"player_choice":"Became a vampire","damage_taken":0,"max_hp_gain":0,"max_hp_loss":24,"event_name":"Vampires","floor":29,"gold_loss":0,"cards_obtained":["Bite","Bite","Bite","Bite","Bite"]},{"damage_healed":0,"gold_gain":0,"player_choice":"Ignored","damage_taken":0,"max_hp_gain":0,"max_hp_loss":0,"event_name":"Tomb of Lord Red Mask","floor":36,"gold_loss":0},{"damage_healed":0,"gold_gain":100,"player_choice":"Pray","damage_taken":0,"max_hp_gain":0,"max_hp_loss":0,"event_name":"Golden Shrine","floor":38,"gold_loss":0}],"is_beta":false,"boss_relics":[{"not_picked":["Pandora\u0027s Box","Coffee Dripper"],"picked":"Nuclear Battery"},{"not_picked":["Busted Crown","Empty Cage"],"picked":"Inserter"}],"items_purged_floors":[10,37],"is_endless":false,"potions_floor_spawned":[5,6,11,16,21,27,30],"killed_by":"3 Darklings","ascension_level":6}}