{"host":"fhwr1fuluf6086fh","time":1608535202,"event":{"mods":["2.2 Compatiblity","Act Like it!","BaseMod","Elementarium","Hermit","Minty Spire (QoL Compilation)","Robot Space Explorer","StSLib","The Blue Laboratory","The Dragon Tamer","The Factory","The Hierophant","TheLocksmith"],"gold_per_floor":[111,126,139,214,225,257,277,311,311,311,327,327,347,362,362,462,462,449,449,468,4,20,20,48,58,81,110,128,162,162,189,189,189,189,189],"floor_reached":33,"playtime":4991,"items_purged":["DTMod:Strike"],"score":416,"play_id":"b1bb8788-0096-49ba-82a2-7507b44e4ccd","local_time":"20201221022002","is_ascension_mode":false,"metric_token":851,"campfire_choices":[{"data":"DTMod:Training","floor":10,"key":"SMITH"},{"floor":15,"key":"REST"},{"data":"DTMod:Training","floor":23,"key":"SMITH"},{"data":"DTMod:Hide","floor":32,"key":"SMITH"}],"dtmod_dragon_data":[41,50,3,-1,14,0],"circlet_count":0,"master_deck":["DTMod:Strike","DTMod:Strike","DTMod:DoubleHit","DTMod:TargetDefense","DTMod:TargetDefense","DTMod:TargetDefense","DTMod:TargetDefense","DTMod:SwitchingTactic","DTMod:Training+1","DTMod:HeatWave","DTMod:MasterPlan","DTMod:BalancedStrike","DTMod:QuickFly","DTMod:Training+1","DTMod:MagiciansMark","DTMod:Hide+1","DTMod:TauntingStrike","DTMod:BreakAttack","DTMod:LightShield","DTMod:Weaken","DTMod:HeadStart","DTMod:ComboAttack","DTMod:MasterPlan+1","DTMod:BlueScale","DTMod:BuildUp","DTMod:CrossStep","DTMod:TagTeam","DTMod:WarmUp","DTMod:ComboAttack","DTMod:RecklessFlurry","DTMod:InvisibleFlame","DTMod:Threaten"],"relics":["DTMod:PactStone","Dream Catcher","Bag of Preparation","Tiny Chest","Coffee Dripper","Kunai","Bronze Scales","Boot","Bottled Lightning","White Beast Statue","Du-Vu Doll","Art of War"],"acts_visited":["Exordium","TheCity"],"potions_floor_usage":[8,16,16,20,27,33,33],"damage_taken":[{"damage":0,"enemies":"Jaw Worm","floor":1,"turns":5},{"damage":0,"enemies":"Small Slimes","floor":2,"turns":4},{"damage":0,"enemies":"Cultist","floor":3,"turns":3},{"damage":0,"enemies":"2 Fungi Beasts","floor":5,"turns":4},{"damage":5,"enemies":"Gremlin Nob","floor":6,"turns":5},{"damage":1,"enemies":"Exordium Thugs","floor":7,"turns":5},{"damage":1,"enemies":"3 Sentries","floor":8,"turns":8},{"damage":0,"enemies":"Large Slime","floor":11,"turns":4},{"damage":0,"enemies":"2 Fungi Beasts","floor":13,"turns":2},{"damage":0,"enemies":"Looter","floor":14,"turns":2},{"damage":5,"enemies":"Hexaghost","floor":16,"turns":12},{"damage":0,"enemies":"2 Thieves","floor":18,"turns":4},{"damage":10,"enemies":"Spheric Guardian","floor":20,"turns":4},{"damage":0,"enemies":"Snecko","floor":22,"turns":3},{"damage":0,"enemies":"Gremlin Leader","floor":24,"turns":9},{"damage":0,"enemies":"Centurion and Healer","floor":25,"turns":6},{"damage":0,"enemies":"Slavers","floor":27,"turns":6},{"damage":0,"enemies":"Cultist and Chosen","floor":28,"turns":6},{"damage":0,"enemies":"Gremlin Leader","floor":29,"turns":6},{"damage":19,"enemies":"Book of Stabbing","floor":31,"turns":6},{"damage":39,"enemies":"Collector","floor":33,"turns":6}],"seed_played":"1865127773416139885","potions_obtained":[{"floor":1,"key":"blueLaboratory:CorrosionFlask"},{"floor":2,"key":"Weak Potion"},{"floor":7,"key":"Strength Potion"},{"floor":14,"key":"blueLaboratory:BubblePotion"},{"floor":16,"key":"blueLaboratory:FruitPreserves"},{"floor":19,"key":"LiquidBronze"},{"floor":19,"key":"SkillPotion"},{"floor":19,"key":"Weak Potion"},{"floor":22,"key":"blueLaboratory:FruitPunch"},{"floor":27,"key":"Weak Potion"},{"floor":31,"key":"SkillPotion"}],"is_trial":false,"path_per_floor":["M","M","M","?","M","E","M","E","T","R","M","?","M","M","R","B",null,"M","?","M","$","M","R","E","M","T","E","M","E","T","E","R","B"],"character_chosen":"THE_DT","items_purchased":["Kunai","DTMod:BlueScale","DTMod:BuildUp"],"campfire_rested":1,"item_purchase_floors":[21,21,21],"current_hp_per_floor":[49,49,49,38,38,33,32,31,31,31,31,31,31,31,45,40,49,49,49,39,39,39,39,39,39,39,41,41,41,41,22,22,0,0,0],"gold":189,"neow_bonus":"TEN_PERCENT_HP_BONUS","is_daily":false,"chose_seed":false,"campfire_upgraded":3,"win_rate":0.0,"timestamp":1608535202,"path_taken":["M","M","M","?","M","E","M","E","T","R","M","?","M","M","R","BOSS","M","?","M","$","M","R","E","?","T","E","M","E","?","E","R","BOSS"],"items_purchased_type":["Relic","Card","Card"],"build_version":"2020-12-13","purchased_purges":1,"victory":false,"max_hp_per_floor":[49,49,49,49,49,49,49,49,49,49,49,49,49,49,49,49,49,49,49,49,49,49,49,49,49,49,51,51,51,51,51,51,51,51,51],"card_choices":[{"not_picked":["DTMod:RecklessFlurry","DTMod:BreakAttack"],"picked":"DTMod:Training","floor":1},{"not_picked":["DTMod:BlazingStrike","DTMod:BuildUp"],"picked":"DTMod:HeatWave","floor":2},{"not_picked":["DTMod:Dissolve","DTMod:BuildUp"],"picked":"DTMod:MasterPlan","floor":3},{"not_picked":["DTMod:MasterPlan","DTMod:BurningEnergy"],"picked":"DTMod:BalancedStrike","floor":5},{"not_picked":["DTMod:LowKick","DTMod:RecklessFlurry"],"picked":"DTMod:QuickFly","floor":6},{"not_picked":["DTMod:RecklessFlurry","DTMod:Conduct"],"picked":"DTMod:Training","floor":7},{"not_picked":["DTMod:MagicField","DTMod:CrossStep"],"picked":"DTMod:MagiciansMark","floor":8},{"not_picked":["DTMod:BuildUp","DTMod:MagicField"],"picked":"DTMod:Hide","floor":11},{"not_picked":["DTMod:FlameSlash","DTMod:BuildUp"],"picked":"DTMod:BreakAttack","floor":13},{"not_picked":["DTMod:MaximumCharge","DTMod:MasterPlan"],"picked":"DTMod:LightShield","floor":14},{"not_picked":["DTMod:BuildUp","DTMod:Observe"],"picked":"DTMod:Weaken","floor":15},{"not_picked":["DTMod:Outburst","DTMod:Multitask"],"picked":"DTMod:HeadStart","floor":16},{"not_picked":["DTMod:SneakAttack","DTMod:HeatWave"],"picked":"DTMod:ComboAttack","floor":18},{"not_picked":["DTMod:LastStand","DTMod:BurningEnergy"],"picked":"DTMod:MasterPlan+1","floor":20},{"not_picked":["DTMod:FlameSlash+1","DTMod:Astonish"],"picked":"DTMod:CrossStep","floor":22},{"not_picked":["DTMod:BreakAttack+1","DTMod:ExcessFootwork"],"picked":"DTMod:TagTeam","floor":24},{"not_picked":["DTMod:BizarreTactic","DTMod:Punisher"],"picked":"DTMod:WarmUp","floor":25},{"not_picked":["DTMod:MaximumCharge+1","DTMod:CrossStep"],"picked":"DTMod:ComboAttack","floor":27},{"not_picked":["DTMod:Hide","DTMod:BlazingStrike"],"picked":"DTMod:RecklessFlurry","floor":28},{"not_picked":["DTMod:MaximumCharge","DTMod:ComboAttack"],"picked":"DTMod:InvisibleFlame","floor":29},{"not_picked":["DTMod:MaximumCharge","DTMod:CleansingStrike"],"picked":"DTMod:Threaten","floor":31}],"player_experience":778856,"relics_obtained":[{"floor":6,"key":"Dream Catcher"},{"floor":8,"key":"Bag of Preparation"},{"floor":9,"key":"Tiny Chest"},{"floor":24,"key":"Bronze Scales"},{"floor":26,"key":"Boot"},{"floor":27,"key":"Bottled Lightning"},{"floor":29,"key":"White Beast Statue"},{"floor":30,"key":"Du-Vu Doll"},{"floor":31,"key":"Art of War"}],"event_choices":[{"damage_healed":0,"gold_gain":75,"player_choice":"Gather Gold","damage_taken":11,"max_hp_gain":0,"max_hp_loss":0,"event_name":"World of Goop","floor":4,"gold_loss":0},{"damage_healed":0,"gold_gain":0,"cards_transformed":["DTMod:Strike"],"player_choice":"Change","damage_taken":0,"max_hp_gain":0,"max_hp_loss":0,"event_name":"Living Wall","floor":12,"gold_loss":0,"cards_obtained":["DTMod:TauntingStrike"]},{"damage_healed":0,"gold_gain":0,"player_choice":"Got Potions","damage_taken":0,"max_hp_gain":0,"max_hp_loss":0,"event_name":"Lab","floor":19,"gold_loss":0}],"is_beta":false,"boss_relics":[{"not_picked":["SacredBark","Runic Dome"],"picked":"Coffee Dripper"}],"items_purged_floors":[21],"is_endless":false,"potions_floor_spawned":[1,2,7,14,16,22,24,27,29,31],"killed_by":"Collector","ascension_level":0}}