{"host":"atwdvy31gduakhsu","time":1608591757,"event":{"mods":["BaseMod","Better Third Choice","GifTheSpireLib","Infinite Spire","Minty Spire (QoL Compilation)","Permanent Neow","Quick Restart","Rare Cards Sparkle","Replay The Spire","Spicy Shops","StSLib"],"gold_per_floor":[113,113,129,144,144,173,173,201,201,217,144,155,155,173,173,276,276,290,290],"floor_reached":18,"playtime":835,"items_purged":[],"score":299,"play_id":"dcb06a7a-5e4e-4d1c-8c8c-759a8b64d344","local_time":"20201221180237","is_ascension_mode":true,"campfire_choices":[{"floor":7,"key":"REST"},{"data":"Cloak And Dagger","floor":13,"key":"SMITH"},{"floor":15,"key":"RECALL"}],"circlet_count":0,"master_deck":["AscendersBane","Strike_G","Strike_G","Strike_G","Strike_G","Strike_G","Defend_G","Defend_G","Defend_G","Defend_G","Defend_G","Survivor","Neutralize","Replay:Dark Deal+1","Slice","Acrobatics","Toxin Wave","Delirium","Cloak And Dagger+1","Unload","Deadly Poison","Blade Dance","Terror","Burst","Backflip"],"relics":["Ring of the Snake","ReplayTheSpireMod:Ring of Collecting","Letter Opener","Gambling Chip","Ring of Peace","Bird Faced Urn","Pantograph","Busted Crown"],"acts_visited":["Exordium","TheCity"],"potions_floor_usage":[],"damage_taken":[{"damage":0.0,"enemies":"Small Slimes","floor":1.0,"turns":3.0},{"damage":0.0,"enemies":"2 Louse","floor":3.0,"turns":3.0},{"damage":0,"enemies":"Cultist","floor":4,"turns":1},{"damage":13,"enemies":"Replay:BlueRogue","floor":6,"turns":7},{"damage":0,"enemies":"3 Sentries","floor":8,"turns":2},{"damage":0,"enemies":"3 Louse","floor":10,"turns":3},{"damage":0,"enemies":"Blue Slaver","floor":12,"turns":4},{"damage":0,"enemies":"Gremlin Gang","floor":14,"turns":2},{"damage":42,"enemies":"Fading Forest","floor":16,"turns":11},{"damage":0,"enemies":"3 Byrds","floor":18,"turns":3}],"seed_played":"899107723650610142","potions_obtained":[{"floor":8,"key":"LifebloodPotion"},{"floor":12,"key":"Dexterity Potion"},{"floor":14,"key":"DuplicationPotion"},{"floor":16,"key":"Languid Potion"}],"is_trial":false,"path_per_floor":["M","?","M","M","?","E","R","E","T","M","?","M","R","M","R","B",null,"M"],"character_chosen":"THE_SILENT","items_purchased":[],"campfire_rested":1,"item_purchase_floors":[],"current_hp_per_floor":[45,45,45,45,45,32,53,53,53,55,55,57,57,57,57,28,60,60,60],"gold":290,"neow_bonus":"RANDOM_COLORLESS_2","is_daily":false,"chose_seed":false,"campfire_upgraded":1,"win_rate":0.0,"timestamp":1608591757,"path_taken":["M","?","M","M","?","E","R","E","T","M","?","M","R","M","R","BOSS","M"],"items_purchased_type":[],"build_version":"2020-12-13","purchased_purges":0,"victory":false,"max_hp_per_floor":[70,70,70,70,70,70,70,70,70,70,70,70,70,70,70,70,70,70,70],"card_choices":[{"not_picked":["Thinking Ahead","The Bomb"],"picked":"Replay:Dark Deal","floor":0.0},{"not_picked":["Calculated Gamble","Underhanded Strike"],"picked":"Slice","floor":1.0},{"not_picked":["Flying Knee","Outmaneuver"],"picked":"Acrobatics","floor":3},{"not_picked":["Riddle With Holes","Hidden Blade"],"picked":"Toxin Wave","floor":4},{"not_picked":["Bouncing Flask","Deflect"],"picked":"Cloak And Dagger","floor":6},{"not_picked":["Poisoned Stab","ReplayTheSpireMod:Tripwire"],"picked":"Unload","floor":8},{"not_picked":["Tactician","Blur"],"picked":"Deadly Poison","floor":10},{"not_picked":["Deadly Poison","Hidden Blade"],"picked":"Blade Dance","floor":12},{"not_picked":["Cloak And Dagger","ReplayTheSpireMod:Tripwire"],"picked":"Terror","floor":14},{"not_picked":["Bullet Time","Doppelganger"],"picked":"Burst","floor":16},{"not_picked":[],"picked":"Backflip","floor":18}],"player_experience":242045,"relics_obtained":[{"floor":5,"key":"ReplayTheSpireMod:Ring of Collecting"},{"floor":6,"key":"Letter Opener"},{"floor":8,"key":"Gambling Chip"},{"floor":9,"key":"Ring of Peace"},{"floor":9,"key":"Bird Faced Urn"}],"event_choices":[{"damage_healed":0.0,"max_hp_gain":0.0,"max_hp_loss":0.0,"gold_gain":0.0,"event_name":"Living Wall","player_choice":"Grow","floor":2.0,"gold_loss":0.0,"damage_taken":0.0,"cards_upgraded":["Replay:Dark Deal"]},{"damage_healed":0,"gold_gain":0,"player_choice":"Paid Gold","damage_taken":0,"relics_obtained":["Pantograph"],"max_hp_gain":0,"max_hp_loss":0,"event_name":"WeMeetAgain","floor":11,"gold_loss":73}],"is_beta":false,"boss_relics":[{"not_picked":["Philosopher\u0027s Stone","infinitespire:Cupcake"],"picked":"Busted Crown"}],"items_purged_floors":[],"is_endless":false,"potions_floor_spawned":[8,12,14,16],"killed_by":"3 Byrds","ascension_level":10}}