{"host":"m6aaltr68g9tvoay","time":1608522831,"event":{"mods":["AchievementEnabler","BaseMod","Colored Map","Minty Spire (QoL Compilation)","StSLib"],"gold_per_floor":[118,129,149,114,114,114,149,149,149,162,162,162,176,8,8,87,87,100,100,100,100],"floor_reached":20,"playtime":526,"items_purged":[],"score":337,"play_id":"cab6e315-1317-484e-ac42-5885346a17df","local_time":"20201220195351","is_ascension_mode":true,"campfire_choices":[{"data":"Darkness","floor":6.0,"key":"SMITH"},{"floor":8.0,"key":"REST"},{"floor":12.0,"key":"REST"},{"floor":15,"key":"REST"}],"circlet_count":0,"master_deck":["AscendersBane","Strike_B","Strike_B","Strike_B","Strike_B","Defend_B","Defend_B","Defend_B","Defend_B","Zap","Dualcast","Sweeping Beam","Darkness+1","Barrage","Capacitor","Streamline","Go for the Eyes","Biased Cognition","Cold Snap"],"relics":["Cracked Core","Bottled Flame","Shuriken","MealTicket","Inserter"],"acts_visited":["Exordium","TheCity"],"potions_floor_usage":[16],"damage_taken":[{"damage":4.0,"enemies":"Jaw Worm","floor":1.0,"turns":3.0},{"damage":4.0,"enemies":"Small Slimes","floor":2.0,"turns":3.0},{"damage":12.0,"enemies":"Cultist","floor":3.0,"turns":4.0},{"damage":36.0,"enemies":"Gremlin Nob","floor":7.0,"turns":5.0},{"damage":2.0,"enemies":"Exordium Wildlife","floor":10.0,"turns":2.0},{"damage":0.0,"enemies":"Lagavulin","floor":11.0,"turns":1.0},{"damage":22.0,"enemies":"Looter","floor":13.0,"turns":3.0},{"damage":43,"enemies":"The Guardian","floor":16,"turns":6},{"damage":36,"enemies":"Chosen","floor":18,"turns":6},{"damage":25,"enemies":"Shell Parasite","floor":20,"turns":3}],"seed_played":"-5255647165392117666","potions_obtained":[{"floor":0.0,"key":"SmokeBomb"},{"floor":0.0,"key":"Weak Potion"},{"floor":7.0,"key":"EssenceOfDarkness"},{"floor":13,"key":"DuplicationPotion"},{"floor":18,"key":"GamblersBrew"}],"is_trial":false,"path_per_floor":["M","M","M","?","?","R","E","R","T","M","E","R","M","$","R","B",null,"M","?","M"],"character_chosen":"DEFECT","items_purchased":["MealTicket"],"campfire_rested":3,"item_purchase_floors":[14],"current_hp_per_floor":[60,56,44,61,61,61,25,46,46,44,44,65,43,43,64,21,59,23,23,0,0],"gold":100,"neow_bonus":"THREE_SMALL_POTIONS","is_daily":false,"chose_seed":false,"campfire_upgraded":1,"win_rate":0.0,"timestamp":1608522831,"path_taken":["M","M","M","?","?","R","E","R","T","M","E","R","M","$","R","BOSS","M","?","M"],"items_purchased_type":["Relic"],"build_version":"2020-12-13","purchased_purges":0,"victory":false,"max_hp_per_floor":[71,71,71,71,71,71,71,71,71,71,71,71,71,71,71,71,71,71,71,71,71],"card_choices":[{"not_picked":["Gash","Coolheaded"],"picked":"Sweeping Beam","floor":1.0},{"not_picked":["Turbo","Coolheaded"],"picked":"Darkness","floor":2.0},{"not_picked":["Hello World","Rebound"],"picked":"Barrage","floor":3.0},{"not_picked":["Compile Driver","Fusion"],"picked":"Capacitor","floor":7.0},{"not_picked":["Barrage","Redo"],"picked":"Streamline","floor":10.0},{"not_picked":["Stack","Sweeping Beam"],"picked":"Go for the Eyes","floor":13},{"not_picked":["Thunder Strike","Fission"],"picked":"Biased Cognition","floor":16},{"not_picked":["Chaos+1","Scrape"],"picked":"Cold Snap","floor":18}],"player_experience":1274173,"relics_obtained":[{"floor":7.0,"key":"Bottled Flame"},{"floor":9.0,"key":"Shuriken"}],"event_choices":[{"damage_healed":17.0,"max_hp_gain":0.0,"max_hp_loss":0.0,"gold_gain":0.0,"event_name":"The Cleric","player_choice":"Healed","floor":4.0,"gold_loss":35.0,"damage_taken":0.0},{"damage_healed":0.0,"max_hp_gain":0.0,"max_hp_loss":0.0,"gold_gain":0.0,"event_name":"Shining Light","player_choice":"Ignored","floor":5.0,"gold_loss":0.0,"damage_taken":0.0},{"damage_healed":0,"gold_gain":0,"player_choice":"Ignored","damage_taken":0,"max_hp_gain":0,"max_hp_loss":0,"event_name":"Cursed Tome","floor":19,"gold_loss":0}],"is_beta":false,"boss_relics":[{"not_picked":["FrozenCore","Tiny House"],"picked":"Inserter"}],"items_purged_floors":[],"is_endless":false,"potions_floor_spawned":[3,7,13,18],"killed_by":"Shell Parasite","ascension_level":17}}