{"host":"vcmmzzj6okc5j399","time":1608540165,"event":{"mods":["BaseMod","Minty Spire (QoL Compilation)","StSLib","The Alterego"],"gold_per_floor":[116,130,130,193,207,207,225,225,225],"floor_reached":8,"playtime":855,"items_purged":[],"score":48,"play_id":"130479fa-ed07-4d7d-bd11-ed5239a2dbc9","local_time":"20201221174245","is_ascension_mode":false,"campfire_choices":[{"data":"alterego_mod:1TonWallop","floor":6,"key":"SMITH"}],"circlet_count":0,"master_deck":["alterego_mod:Strike","alterego_mod:Strike","alterego_mod:Strike+1","alterego_mod:Strike","alterego_mod:Defend","alterego_mod:Defend","alterego_mod:Defend+1","alterego_mod:Defend","alterego_mod:Impale","alterego_mod:BigMeatyClaws","alterego_mod:BrynhildrsRune","alterego_mod:HighServant","alterego_mod:1TonWallop+1","alterego_mod:IndependentAction","alterego_mod:BiFurious"],"relics":["alterego_mod:MasochisticConstitution"],"acts_visited":["Exordium"],"potions_floor_usage":[],"damage_taken":[{"damage":11,"enemies":"Cultist","floor":1,"turns":4},{"damage":13,"enemies":"Jaw Worm","floor":2,"turns":6},{"damage":0,"enemies":"2 Louse","floor":5,"turns":2},{"damage":36,"enemies":"Large Slime","floor":7,"turns":7},{"damage":16,"enemies":"3 Sentries","floor":8,"turns":3}],"seed_played":"8579260488244870140","potions_obtained":[{"floor":2,"key":"Swift Potion"},{"floor":7,"key":"LiquidMemories"}],"is_trial":false,"path_per_floor":["M","M","?","?","M","R","M","E"],"character_chosen":"The_Alterego","items_purchased":[],"campfire_rested":0,"item_purchase_floors":[],"current_hp_per_floor":[74,62,46,46,46,46,25,9,9],"gold":225,"neow_bonus":"TEN_PERCENT_HP_BONUS","is_daily":false,"chose_seed":false,"campfire_upgraded":1,"win_rate":0.0,"timestamp":1608540165,"path_taken":["M","?","?","?","M","R","M","E"],"items_purchased_type":[],"build_version":"2020-12-13","purchased_purges":0,"victory":false,"max_hp_per_floor":[78,79,79,79,79,79,80,80,80],"card_choices":[{"not_picked":["alterego_mod:Birthday","alterego_mod:Cycle"],"picked":"alterego_mod:HighServant","floor":1},{"not_picked":["alterego_mod:HighServant","alterego_mod:GoddessCore"],"picked":"alterego_mod:1TonWallop","floor":2},{"not_picked":["alterego_mod:HighServant","alterego_mod:Crossover"],"picked":"alterego_mod:IndependentAction","floor":5},{"not_picked":["alterego_mod:Belle","alterego_mod:Swimsuit"],"picked":"alterego_mod:BiFurious","floor":7}],"player_experience":133787,"relics_obtained":[],"event_choices":[{"damage_healed":0,"gold_gain":0,"player_choice":"Entered Light","damage_taken":16,"max_hp_gain":0,"max_hp_loss":0,"event_name":"Shining Light","floor":3,"gold_loss":0,"cards_upgraded":["alterego_mod:Defend","alterego_mod:Strike"]},{"damage_healed":0,"gold_gain":63,"player_choice":"Gained Gold","damage_taken":0,"max_hp_gain":0,"max_hp_loss":0,"event_name":"Golden Wing","floor":4,"gold_loss":0}],"is_beta":false,"boss_relics":[],"items_purged_floors":[],"is_endless":false,"potions_floor_spawned":[2,7],"killed_by":"3 Sentries","ascension_level":0}}