{"host":"cjhtzh7tp54jdfyv","time":1608531724,"event":{"mods":["AchievementEnabler","BaseMod","Colored Map","Colored Powertips","Filter the Spire","Minty Spire (QoL Compilation)","RNG Fix","StSLib","ojb\u0027s Better Paths Mod","ojb\u0027s Info Mod"],"gold_per_floor":[115,131,148,148,172,172,208,227,273,297,297,312,343,362,362,455,455,479,479,498,523,523,523,523],"floor_reached":23,"playtime":1345,"items_purged":[],"score":414,"play_id":"5bd58f3b-2845-4952-a4bd-98ac419de1dd","local_time":"20201221012204","is_ascension_mode":true,"campfire_choices":[{"floor":6.0,"key":"REST"},{"floor":11.0,"key":"REST"},{"data":"A Thousand Cuts","floor":15.0,"key":"SMITH"}],"circlet_count":0,"master_deck":["AscendersBane","Strike_G","Strike_G","Strike_G","Strike_G","Strike_G","Defend_G","Defend_G","Defend_G","Defend_G","Defend_G","Survivor","Neutralize","Underhanded Strike","Poisoned Stab","Dagger Throw","Burst","Dagger Spray","Dash","A Thousand Cuts+1","Corpse Explosion","Expertise","Catalyst"],"relics":["Black Star","Golden Idol","CaptainsWheel","Anchor","Akabeko","Mercury Hourglass","Du-Vu Doll","Runic Pyramid","GremlinMask"],"acts_visited":["Exordium","TheCity"],"potions_floor_usage":[23,23],"damage_taken":[{"damage":2.0,"enemies":"2 Louse","floor":1.0,"turns":4.0},{"damage":19.0,"enemies":"Small Slimes","floor":2.0,"turns":6.0},{"damage":1.0,"enemies":"Jaw Worm","floor":3.0,"turns":3.0},{"damage":14.0,"enemies":"Red Slaver","floor":5.0,"turns":6.0},{"damage":30.0,"enemies":"Gremlin Nob","floor":7.0,"turns":4.0},{"damage":0.0,"enemies":"Looter","floor":8.0,"turns":4.0},{"damage":0.0,"enemies":"2 Fungi Beasts","floor":10.0,"turns":2.0},{"damage":0.0,"enemies":"Exordium Thugs","floor":12.0,"turns":4.0},{"damage":12.0,"enemies":"3 Sentries","floor":13.0,"turns":8.0},{"damage":0.0,"enemies":"3 Louse","floor":14.0,"turns":1.0},{"damage":2.0,"enemies":"Slime Boss","floor":16.0,"turns":6.0},{"damage":0.0,"enemies":"2 Thieves","floor":18.0,"turns":4.0},{"damage":16,"enemies":"Spheric Guardian","floor":20,"turns":6},{"damage":11,"enemies":"Centurion and Healer","floor":21,"turns":4},{"damage":39,"enemies":"Slavers","floor":23,"turns":4}],"seed_played":"-793668878962850850","potions_obtained":[{"floor":7.0,"key":"EntropicBrew"},{"floor":10.0,"key":"Fire Potion"},{"floor":20,"key":"SteroidPotion"},{"floor":21,"key":"Regen Potion"},{"floor":22,"key":"CultistPotion"}],"is_trial":false,"path_per_floor":["M","M","M","?","M","R","E","M","T","M","R","M","E","M","R","B",null,"M","?","M","M","?","E"],"character_chosen":"THE_SILENT","items_purchased":[],"campfire_rested":2,"item_purchase_floors":[],"current_hp_per_floor":[57,38,37,37,23,41,11,11,11,11,29,29,17,17,17,15,49,49,49,33,22,22,0,0],"gold":523,"neow_bonus":"BOSS_RELIC","is_daily":false,"chose_seed":false,"campfire_upgraded":1,"win_rate":0.0,"timestamp":1608531724,"path_taken":["M","M","M","?","M","R","E","M","T","M","R","M","E","M","R","BOSS","M","?","M","M","?","E"],"items_purchased_type":[],"build_version":"2020-12-13","purchased_purges":0,"victory":false,"max_hp_per_floor":[66,66,66,60,60,60,60,60,60,60,60,60,60,60,60,60,60,60,60,60,60,60,60,60],"card_choices":[{"not_picked":["PiercingWail","Deflect"],"picked":"Underhanded Strike","floor":1.0},{"not_picked":["Bane","Dagger Spray"],"picked":"Poisoned Stab","floor":2.0},{"not_picked":["Slice","Infinite Blades"],"picked":"Dagger Throw","floor":3.0},{"not_picked":["Accuracy","Acrobatics","Underhanded Strike"],"picked":"SKIP","floor":5.0},{"not_picked":["Choke","Backflip"],"picked":"Burst","floor":7.0},{"not_picked":["Outmaneuver","Dodge and Roll"],"picked":"Dagger Spray","floor":8.0},{"not_picked":["Quick Slash","Catalyst"],"picked":"Dash","floor":10.0},{"not_picked":["Quick Slash","Dagger Spray"],"picked":"A Thousand Cuts","floor":12.0},{"not_picked":["PiercingWail","Backstab"],"picked":"Corpse Explosion","floor":13.0},{"not_picked":["Caltrops","Flying Knee","Bane"],"picked":"SKIP","floor":14.0},{"not_picked":["Prepared","Bane"],"picked":"Expertise","floor":18.0},{"not_picked":["Quick Slash","Dagger Spray","Poisoned Stab"],"picked":"SKIP","floor":20},{"not_picked":["Flying Knee","Quick Slash"],"picked":"Catalyst","floor":21}],"player_experience":4321929,"relics_obtained":[{"floor":7.0,"key":"CaptainsWheel"},{"floor":7.0,"key":"Anchor"},{"floor":9.0,"key":"Akabeko"},{"floor":13.0,"key":"Mercury Hourglass"},{"floor":13.0,"key":"Du-Vu Doll"}],"event_choices":[{"damage_healed":0.0,"max_hp_gain":0.0,"max_hp_loss":6.0,"gold_gain":0.0,"event_name":"Golden Idol","player_choice":"Lose Max HP","floor":4.0,"gold_loss":0.0,"damage_taken":0.0,"relics_obtained":["Golden Idol"]},{"damage_healed":0.0,"max_hp_gain":0.0,"max_hp_loss":0.0,"gold_gain":0.0,"event_name":"FaceTrader","player_choice":"Trade","floor":19.0,"gold_loss":0.0,"damage_taken":0.0,"relics_obtained":["GremlinMask"]},{"damage_healed":0,"gold_gain":0,"player_choice":"Got Potions","damage_taken":0,"max_hp_gain":0,"max_hp_loss":0,"event_name":"Lab","floor":22,"gold_loss":0}],"is_beta":false,"boss_relics":[{"not_picked":["Busted Crown","Empty Cage"],"picked":"Runic Pyramid"}],"items_purged_floors":[],"is_endless":false,"potions_floor_spawned":[7,10,13,14,20,21],"killed_by":"Slavers","ascension_level":20}}