{"host":"8g24zuco0epbjwbo","time":1608541611,"event":{"mods":["BaseMod","Downfall","Minty Spire (QoL Compilation)","Relic Stats","StSLib"],"gold_per_floor":[99,129,129,129,579,504,582,612,787,828,828,600,624,651,674,674,674,674],"floor_reached":16,"playtime":484,"items_purged":["Slimebound:Icky"],"score":189,"play_id":"e977fcff-a359-4d6b-8b5d-335594db9297","local_time":"20201221040651","is_ascension_mode":false,"campfire_choices":[{"floor":1,"key":"RECALL"},{"data":"champ:Taunt","floor":6,"key":"SMITH"}],"circlet_count":0,"master_deck":["champ:Strike","champ:Strike","champ:Strike","champ:Strike","champ:Defend","champ:Defend","champ:Defend","champ:Defend","champ:Execute","champ:Taunt+1","champ:BerserkersShout","champ:StanceDance","Slimebound:Icky","Slimebound:Icky","champ:BerserkerStyle","champ:EndlessRage","champ:CalledShot","expansioncontent:GoopSpray","champ:HeartStrike","champ:PerfectedStrike"],"relics":["champ:ChampionCrown","downfall:HeartsMalice","Darkstone Periapt","champ:LiftRelic","downfall:HeartBlessingRed","Shuriken","PreservedInsect","CeramicFish","Potion Belt"],"acts_visited":["Exordium"],"potions_floor_usage":[10],"damage_taken":[{"damage":0,"enemies":"Lagavulin","floor":2,"turns":1},{"damage":0,"enemies":"Cultist","floor":4,"turns":1},{"damage":0,"enemies":"Gremlin Nob","floor":8,"turns":1},{"damage":42,"enemies":"3 Sentries","floor":10,"turns":5},{"damage":26,"enemies":"downfall:FleeingMerchant","floor":12,"turns":4},{"damage":8,"enemies":"Jaw Worm","floor":13,"turns":4},{"damage":0,"enemies":"2 Louse","floor":15,"turns":3},{"damage":141,"enemies":"downfall:Silent","floor":16,"turns":12}],"seed_played":"4380136497448809737","potions_obtained":[{"floor":8,"key":"AttackPotion"},{"floor":10,"key":"Energy Potion"}],"is_trial":false,"path_per_floor":["R","E","?","M","?","R","T","E","?","E","?","$","M","T","M","B"],"character_chosen":"THE_CHAMP","items_purchased":["champ:CalledShot","expansioncontent:GoopSpray"],"campfire_rested":0,"item_purchase_floors":[12,12],"current_hp_per_floor":[90,90,90,90,108,108,108,108,114,101,101,101,99,99,99,0,0,0],"gold":674,"neow_bonus":"THREE_ENEMY_KILL","is_daily":false,"chose_seed":false,"campfire_upgraded":1,"win_rate":0.0,"timestamp":1608541611,"path_taken":["R","E","?","M","?","R","T","E","?","E","?","$","M","?","M","BOSS"],"items_purchased_type":["Card","Card"],"build_version":"2020-12-13","purchased_purges":1,"victory":false,"max_hp_per_floor":[90,90,90,90,108,108,108,108,114,114,114,114,114,114,114,114,114,114],"relic_stats":{"Darkstone Periapt":24,"counters":[8,28],"Shuriken":[0],"CeramicFish":54,"PreservedInsect":131,"obtain_stats":[{"Darkstone Periapt":2,"Potion Belt":14,"downfall:HeartBlessingRed":6,"Shuriken":7,"champ:LiftRelic":3,"CeramicFish":10,"champ:ChampionCrown":0,"downfall:HeartsMalice":0,"PreservedInsect":8},{"Darkstone Periapt":1,"Potion Belt":6,"downfall:HeartBlessingRed":2,"Shuriken":2,"champ:LiftRelic":1,"CeramicFish":4,"champ:ChampionCrown":0,"downfall:HeartsMalice":0,"PreservedInsect":3},{"Darkstone Periapt":0,"Potion Belt":13,"downfall:HeartBlessingRed":0,"Shuriken":0,"champ:LiftRelic":0,"CeramicFish":5,"champ:ChampionCrown":0,"downfall:HeartsMalice":0,"PreservedInsect":0}]},"card_choices":[{"not_picked":["champ:Shatter","champ:ShieldWall"],"picked":"champ:BerserkersShout","floor":2},{"not_picked":["champ:Haymaker","champ:BladeFlurry"],"picked":"champ:StanceDance","floor":4},{"not_picked":["champ:Circumvent","champ:GladiatorsShout","champ:TornadoPunch"],"picked":"SKIP","floor":8},{"not_picked":["champ:ShieldThrow","champ:ViciousMockery"],"picked":"champ:BerserkerStyle","floor":10},{"not_picked":["champ:Shatter","champ:Haymaker"],"picked":"champ:EndlessRage","floor":12},{"not_picked":["champ:FlashCut","champ:BerserkersShout"],"picked":"champ:HeartStrike","floor":13},{"not_picked":["champ:Backstep","champ:BladeFlurry"],"picked":"champ:PerfectedStrike","floor":15}],"player_experience":426466,"relics_obtained":[{"floor":2,"key":"Darkstone Periapt"},{"floor":7,"key":"Shuriken"},{"floor":8,"key":"PreservedInsect"},{"floor":10,"key":"CeramicFish"},{"floor":14,"key":"Potion Belt"}],"event_choices":[{"cards_removed":["Doubt"],"damage_healed":0,"gold_gain":0,"player_choice":"Forget","damage_taken":0,"max_hp_gain":0,"max_hp_loss":0,"event_name":"Living Wall","floor":11,"gold_loss":0}],"is_beta":false,"boss_relics":[],"items_purged_floors":[12],"is_endless":false,"potions_floor_spawned":[8,10],"killed_by":"downfall:Silent","ascension_level":0}}