{"host":"dvpvhz1t6etneyb3","time":1608564152,"event":{"mods":["AchievementEnabler","BaseMod","Colored Map","Highlight Path","Minty Spire (QoL Compilation)","Permanent Neow","Quick Restart"],"gold_per_floor":[112,132,49,64,64,64,99,99,99,117,117,130,148,180,180,180,180],"floor_reached":16,"playtime":638,"items_purged":[],"score":224,"play_id":"e3ed82e1-1029-472b-bfc3-4d643e313687","local_time":"20201221102232","is_ascension_mode":true,"campfire_choices":[{"data":"Bash","floor":6.0,"key":"SMITH"},{"data":"Spot Weakness","floor":8.0,"key":"SMITH"},{"data":"True Grit","floor":11.0,"key":"SMITH"},{"data":"Fire Breathing","floor":15.0,"key":"SMITH"}],"circlet_count":0,"master_deck":["AscendersBane","Strike_R","Strike_R","Strike_R","Strike_R","Defend_R","Defend_R","Defend_R","Defend_R","Bash+1","Spot Weakness+1","Fire Breathing+1","Hemokinesis","Wild Strike","True Grit+1","Power Through"],"relics":["Burning Blood","Omamori","The Courier","Tiny Chest"],"acts_visited":["Exordium"],"potions_floor_usage":[16,16],"damage_taken":[{"damage":2.0,"enemies":"Cultist","floor":1.0,"turns":4.0},{"damage":7.0,"enemies":"2 Louse","floor":2.0,"turns":4.0},{"damage":7.0,"enemies":"Small Slimes","floor":4.0,"turns":4.0},{"damage":33.0,"enemies":"Gremlin Nob","floor":7.0,"turns":4.0},{"damage":13.0,"enemies":"Blue Slaver","floor":10.0,"turns":3.0},{"damage":11.0,"enemies":"Red Slaver","floor":12.0,"turns":3.0},{"damage":1.0,"enemies":"3 Louse","floor":13.0,"turns":4.0},{"damage":19.0,"enemies":"3 Sentries","floor":14.0,"turns":7.0},{"damage":24,"enemies":"The Guardian","floor":16,"turns":8}],"seed_played":"8539806272609245551","potions_obtained":[{"floor":1.0,"key":"LiquidBronze"},{"floor":4.0,"key":"LiquidBronze"},{"floor":10.0,"key":"CultistPotion"},{"floor":13.0,"key":"BlessingOfTheForge"},{"floor":14.0,"key":"Strength Potion"}],"is_trial":false,"path_per_floor":["M","M","$","M","$","R","E","R","T","M","R","M","M","E","R","B"],"character_chosen":"IRONCLAD","items_purchased":["Hemokinesis"],"campfire_rested":0,"item_purchase_floors":[3],"current_hp_per_floor":[72,71,71,70,70,70,43,43,43,36,36,31,36,23,23,0,0],"gold":180,"neow_bonus":"REMOVE_CARD","is_daily":false,"chose_seed":false,"campfire_upgraded":4,"win_rate":0.0,"timestamp":1608564152,"path_taken":["M","M","$","M","?","R","E","R","T","M","R","M","M","E","R","BOSS"],"items_purchased_type":["Card"],"build_version":"2020-12-13","purchased_purges":0,"victory":false,"max_hp_per_floor":[75,75,75,75,75,75,75,75,75,75,75,75,75,75,75,75,75],"card_choices":[{"not_picked":["Reckless Charge","True Grit"],"picked":"Spot Weakness","floor":1.0},{"not_picked":["Dark Embrace","Bloodletting"],"picked":"Fire Breathing","floor":2.0},{"not_picked":["True Grit","Havoc"],"picked":"Wild Strike","floor":4.0},{"not_picked":["Clothesline","Blood for Blood","Sever Soul"],"picked":"SKIP","floor":7.0},{"not_picked":["Wild Strike","Pommel Strike"],"picked":"True Grit","floor":10.0},{"not_picked":["Body Slam","Combust"],"picked":"Power Through","floor":12.0},{"not_picked":["Thunderclap","Blood for Blood","Flex"],"picked":"SKIP","floor":13.0},{"not_picked":["Body Slam","Corruption","Cleave"],"picked":"SKIP","floor":14.0},{"not_picked":["Body Slam","Corruption","Cleave"],"picked":"SKIP","floor":14.0}],"player_experience":1910893,"relics_obtained":[{"floor":7.0,"key":"Omamori"},{"floor":9.0,"key":"The Courier"},{"floor":14.0,"key":"Tiny Chest"}],"event_choices":[],"is_beta":false,"boss_relics":[],"items_purged_floors":[],"is_endless":false,"potions_floor_spawned":[1,4,10,12,13,14],"killed_by":"The Guardian","ascension_level":20}}