{"host":"pl1fbpkom0aq337f","time":1608567932,"event":{"mods":["AchievementEnabler","BaseMod","Colored Map","Minty Spire (QoL Compilation)"],"gold_per_floor":[119,119,119,119,134,162,162,176,186,186,186,214,20,20,20,20,39,39,139,189,200,200,214,232,243,270,270,270],"floor_reached":27,"playtime":976,"items_purged":[],"score":427,"play_id":"f5b67406-fa2a-4246-8b92-7d9f800bec98","local_time":"20201221172532","is_ascension_mode":true,"campfire_choices":[{"data":"Noxious Fumes","floor":7,"key":"SMITH"},{"data":"Catalyst","floor":15,"key":"SMITH"},{"data":"Noxious Fumes","floor":18,"key":"SMITH"}],"circlet_count":0,"master_deck":["AscendersBane","Strike_G","Strike_G","Strike_G","Defend_G","Defend_G","Defend_G","Defend_G","Survivor","Neutralize+1","Backflip","Poisoned Stab","Noxious Fumes+1","Dodge and Roll","Dagger Spray","Catalyst+1","Deadly Poison","Noxious Fumes+1","Poisoned Stab","Well Laid Plans","Escape Plan+1","Catalyst+1","Corpse Explosion"],"relics":["Ring of the Snake","NeowsBlessing","Happy Flower","Pear","Kunai","Meat on the Bone","Bottled Lightning","Tiny House","Blue Candle"],"acts_visited":["Exordium","TheCity"],"potions_floor_usage":[12,12,12,19,23,26,26,26],"damage_taken":[{"damage":0,"enemies":"Jaw Worm","floor":1,"turns":1},{"damage":0,"enemies":"Small Slimes","floor":5,"turns":1},{"damage":0,"enemies":"Lagavulin","floor":6,"turns":1},{"damage":0,"enemies":"Cultist","floor":8,"turns":3},{"damage":4,"enemies":"Red Slaver","floor":9,"turns":4},{"damage":20,"enemies":"Gremlin Nob","floor":12,"turns":5},{"damage":6,"enemies":"2 Fungi Beasts","floor":17,"turns":3},{"damage":19,"enemies":"Slime Boss","floor":19,"turns":5},{"damage":10,"enemies":"Spheric Guardian","floor":21,"turns":5},{"damage":9,"enemies":"Shell Parasite","floor":23,"turns":6},{"damage":18,"enemies":"Centurion and Healer","floor":24,"turns":5},{"damage":15,"enemies":"Snake Plant","floor":25,"turns":4},{"damage":44,"enemies":"Slavers","floor":26,"turns":4},{"damage":17,"enemies":"Snecko","floor":27,"turns":3}],"seed_played":"-8370919634687302518","potions_obtained":[{"floor":5,"key":"EntropicBrew"},{"floor":6,"key":"SkillPotion"},{"floor":12,"key":"Energy Potion"},{"floor":20,"key":"SteroidPotion"},{"floor":23,"key":"FearPotion"},{"floor":24,"key":"Ancient Potion"}],"is_trial":false,"path_per_floor":["M","?","$","?","M","E","R","M","M","T","T","E","$","$","R","?","M","R","B",null,"M","?","M","M","M","E","M"],"character_chosen":"THE_SILENT","items_purchased":["Catalyst","Deadly Poison","Noxious Fumes"],"campfire_rested":0,"item_purchase_floors":[13,13,13],"current_hp_per_floor":[63,56,56,53,53,63,63,63,59,59,59,51,51,51,51,51,45,45,38,75,65,65,56,50,47,15,0,0],"gold":270,"neow_bonus":"THREE_ENEMY_KILL","is_daily":false,"chose_seed":false,"campfire_upgraded":3,"win_rate":0.0,"timestamp":1608567932,"path_taken":["M","?","$","?","M","E","R","M","M","T","T","E","?","$","R","?","M","R","BOSS","M","?","M","?","M","E","M"],"items_purchased_type":["Card","Card","Card"],"build_version":"2020-12-13","purchased_purges":0,"victory":false,"max_hp_per_floor":[70,70,70,70,70,80,80,80,80,80,80,80,80,80,80,80,80,80,80,85,85,85,85,85,85,85,85,85],"card_choices":[{"not_picked":["Flechettes","Slice"],"picked":"Backflip","floor":1},{"not_picked":["Dagger Throw","Flechettes"],"picked":"Poisoned Stab","floor":5},{"not_picked":["Slice","Riddle With Holes"],"picked":"Noxious Fumes","floor":6},{"not_picked":["Terror","Flechettes"],"picked":"Dodge and Roll","floor":8},{"not_picked":["Underhanded Strike","Slice","Dodge and Roll"],"picked":"SKIP","floor":9},{"not_picked":["Backflip","Quick Slash"],"picked":"Dagger Spray","floor":12},{"not_picked":["Calculated Gamble","Heel Hook","Underhanded Strike"],"picked":"SKIP","floor":17},{"not_picked":["Acrobatics","Dodge and Roll"],"picked":"Poisoned Stab","floor":20},{"not_picked":["Deflect","Sucker Punch+1"],"picked":"Well Laid Plans","floor":21},{"not_picked":["Dagger Spray","Prepared"],"picked":"Escape Plan+1","floor":23},{"not_picked":["Setup","Accuracy"],"picked":"Catalyst+1","floor":24},{"not_picked":["Slice+1","Tactician+1","Sucker Punch"],"picked":"SKIP","floor":25},{"not_picked":["Dagger Spray","Dodge and Roll"],"picked":"Corpse Explosion","floor":26}],"player_experience":398436,"relics_obtained":[{"floor":6,"key":"Pear"},{"floor":10,"key":"Kunai"},{"floor":11,"key":"Meat on the Bone"},{"floor":12,"key":"Bottled Lightning"},{"floor":26,"key":"Blue Candle"}],"event_choices":[{"cards_removed":["Defend_G"],"damage_healed":0,"gold_gain":0,"player_choice":"Card Removal","damage_taken":7,"max_hp_gain":0,"max_hp_loss":0,"event_name":"Golden Wing","floor":2,"gold_loss":0},{"damage_healed":0,"gold_gain":0,"player_choice":"Success","damage_taken":3,"relics_obtained":["Happy Flower"],"max_hp_gain":0,"max_hp_loss":0,"event_name":"Scrap Ooze","floor":4,"gold_loss":0},{"cards_removed":["Strike_G"],"damage_healed":0,"gold_gain":0,"player_choice":"Purged","damage_taken":0,"max_hp_gain":0,"max_hp_loss":0,"event_name":"Purifier","floor":16,"gold_loss":0},{"cards_removed":["Strike_G"],"damage_healed":0,"gold_gain":0,"player_choice":"Purged","damage_taken":0,"max_hp_gain":0,"max_hp_loss":0,"event_name":"Purifier","floor":22,"gold_loss":0}],"is_beta":false,"boss_relics":[{"not_picked":["WristBlade","Philosopher\u0027s Stone"],"picked":"Tiny House"}],"items_purged_floors":[],"is_endless":false,"potions_floor_spawned":[5,6,12,23,24],"killed_by":"Snecko","ascension_level":10}}