{"host":"ln38befi3ugo1bsw","time":1608523368,"event":{"mods":["BaseMod","BetterRewards","Colored Map","Colored Powertips","Downfall","Hermit","Jorbs\u0027s Wanderer Trilogy","Lobotomy","Marisa????????","Minty Spire (QoL Compilation)","READ ME - Guardian Mod","READ ME - Snecko Mod","StSLib","SuperFastMode","The Cursed","The Servant 0.9.4"],"gold_per_floor":[118,393,410,421,434,434,162,162,162,174,192,210,230,152,152,252,252,267,287,301,319,319,319,354,354,354,354,200,214,234,249,249,349,349,364,364,113,123,136,136,136],"floor_reached":40,"playtime":4914,"items_purged":["Regret"],"score":436,"play_id":"e211873e-8488-456a-8a79-5b80a365896a","local_time":"20201220230248","is_ascension_mode":false,"campfire_choices":[{"data":"Self Repair","floor":6,"key":"SMITH"},{"data":"Go for the Eyes","floor":8,"key":"SMITH"},{"data":"Ball Lightning","floor":15,"key":"SMITH"},{"floor":23,"key":"REST"},{"floor":25,"key":"REST"},{"floor":27,"key":"REST"},{"floor":32,"key":"REST"}],"circlet_count":0,"master_deck":["Strike_B","Strike_B","Strike_B","Defend_B","Defend_B","Defend_B","Zap","Dualcast","Self Repair+1","Go for the Eyes+1","Storm","Redo","Conserve Battery","Ball Lightning+1","Melter","Cold Snap","Redo","Loop","Electrodynamics","Hologram","Defragment","Leap+1","BootSequence+1","Seek","Barrage","Hello World+1","Defragment","Chaos","Chill","Melter+1","Coolheaded+1","Rainbow","Conserve Battery","Madness","Madness","Conserve Battery+1","Cold Snap+1"],"relics":["Cracked Core","Vajra","Strawberry","Smiling Mask","Philosopher\u0027s Stone","Red Mask","Molten Egg 2","Coffee Dripper","Pear"],"acts_visited":["Exordium","TheCity","TheBeyond"],"potions_floor_usage":[33],"damage_taken":[{"damage":1,"enemies":"Cultist","floor":1,"turns":3},{"damage":8,"enemies":"Jaw Worm","floor":3,"turns":3},{"damage":2,"enemies":"Small Slimes","floor":4,"turns":4},{"damage":10,"enemies":"Exordium Wildlife","floor":5,"turns":4},{"damage":0,"enemies":"Blue Slaver","floor":10,"turns":3},{"damage":7,"enemies":"3 Louse","floor":11,"turns":4},{"damage":22,"enemies":"Large Slime","floor":12,"turns":5},{"damage":9,"enemies":"Looter","floor":13,"turns":3},{"damage":35,"enemies":"Slime Boss","floor":16,"turns":9},{"damage":31,"enemies":"2 Thieves","floor":18,"turns":3},{"damage":14,"enemies":"Shell Parasite","floor":19,"turns":6},{"damage":5,"enemies":"Centurion and Healer","floor":20,"turns":6},{"damage":48,"enemies":"Snake Plant","floor":21,"turns":3},{"damage":26,"enemies":"Masked Bandits","floor":24,"turns":4},{"damage":34,"enemies":"Cultist and Chosen","floor":29,"turns":6},{"damage":7,"enemies":"3 Cultists","floor":30,"turns":4},{"damage":6,"enemies":"Snecko","floor":31,"turns":5},{"damage":39,"enemies":"Champ","floor":33,"turns":12},{"damage":10,"enemies":"Orb Walker","floor":35,"turns":4},{"damage":15,"enemies":"3 Shapes","floor":38,"turns":5},{"damage":8,"enemies":"Transient","floor":39,"turns":5},{"damage":72,"enemies":"Reptomancer","floor":40,"turns":3}],"seed_played":"-980252418928170119","potions_obtained":[{"floor":1,"key":"sneckomod:MuddlingPotion"},{"floor":3,"key":"BlessingOfTheForge"},{"floor":4,"key":"FocusPotion"},{"floor":35,"key":"EssenceOfDarkness"}],"is_trial":false,"path_per_floor":["M","?","M","M","M","R","$","R","T","M","M","M","M","$","R","B",null,"M","M","M","M","?","R","?","R","T","R","$","M","M","M","R","B",null,"M","?","$","M","M","E"],"character_chosen":"DEFECT","items_purchased":["Strawberry","Conserve Battery","Loop","Defragment","Chaos","Pear"],"campfire_rested":4,"item_purchase_floors":[7,7,14,28,28,37],"current_hp_per_floor":[74,74,73,75,72,72,79,79,79,79,82,70,71,71,71,36,82,61,57,62,24,24,48,22,46,46,70,70,36,29,33,57,18,82,72,62,72,57,59,0,0],"gold":136,"neow_bonus":"RANDOM_COMMON_RELIC","is_daily":false,"chose_seed":false,"campfire_upgraded":3,"win_rate":0.0,"timestamp":1608523368,"path_taken":["M","?","M","M","M","R","$","R","T","?","M","M","M","$","R","BOSS","M","M","M","M","?","R","?","R","T","R","$","M","M","M","R","BOSS","M","?","$","M","M","E"],"items_purchased_type":["Relic","Card","Card","Card","Card","Relic"],"build_version":"2020-12-13","purchased_purges":1,"victory":false,"max_hp_per_floor":[75,75,75,75,75,75,82,82,82,82,82,82,82,82,82,82,82,82,82,82,82,82,82,82,82,82,82,82,82,82,82,82,82,82,82,82,92,92,92,92,92],"card_choices":[{"not_picked":["Darkness","Barrage"],"picked":"Self Repair","floor":1},{"not_picked":["Lockon","Self Repair"],"picked":"Go for the Eyes","floor":3},{"not_picked":["Compile Driver","Stack"],"picked":"Storm","floor":4},{"not_picked":["Capacitor","Genetic Algorithm"],"picked":"Redo","floor":5},{"not_picked":["Hello World","Barrage"],"picked":"Ball Lightning","floor":10},{"not_picked":["Compile Driver","Stack"],"picked":"Melter","floor":11},{"not_picked":["Undo","White Noise"],"picked":"Cold Snap","floor":12},{"not_picked":["Go for the Eyes","Storm"],"picked":"Redo","floor":13},{"not_picked":["Biased Cognition","Buffer"],"picked":"Electrodynamics","floor":16},{"not_picked":["Darkness+1","Melter"],"picked":"Hologram","floor":18},{"not_picked":["Gash+1","Hologram"],"picked":"Defragment","floor":19},{"not_picked":["Conserve Battery","FTL"],"picked":"Leap+1","floor":20},{"not_picked":["Redo","Gash"],"picked":"BootSequence+1","floor":21},{"not_picked":["Conserve Battery","Stack"],"picked":"Hello World+1","floor":24},{"not_picked":["Leap+1","Streamline+1"],"picked":"Chill","floor":29},{"not_picked":["Leap","Chaos"],"picked":"Melter+1","floor":30},{"not_picked":["Reprogram","Rip and Tear+1"],"picked":"Coolheaded+1","floor":31},{"not_picked":["All For One+1","Creative AI"],"picked":"Rainbow","floor":33},{"not_picked":["Coolheaded","Force Field+1"],"picked":"Conserve Battery","floor":35},{"not_picked":["BootSequence+1","Loop"],"picked":"Conserve Battery+1","floor":38},{"not_picked":["Consume+1","Coolheaded"],"picked":"Cold Snap+1","floor":39}],"player_experience":36584,"relics_obtained":[{"floor":9,"key":"Smiling Mask"},{"floor":24,"key":"Red Mask"},{"floor":26,"key":"Molten Egg 2"}],"event_choices":[{"damage_healed":0,"gold_gain":275,"player_choice":"Desecrate","damage_taken":0,"max_hp_gain":0,"max_hp_loss":0,"event_name":"Golden Shrine","floor":2,"gold_loss":0,"cards_obtained":["Regret"]},{"damage_healed":0,"gold_gain":0,"cards_transformed":["Defend_B","Strike_B"],"player_choice":"Became Test Subject","damage_taken":0,"max_hp_gain":0,"max_hp_loss":0,"event_name":"Drug Dealer","floor":22,"gold_loss":0,"cards_obtained":["Seek","Barrage"]},{"damage_healed":0,"gold_gain":0,"player_choice":"Fought Bandits","damage_taken":0,"max_hp_gain":0,"max_hp_loss":0,"event_name":"Masked Bandits","floor":24,"gold_loss":0},{"damage_healed":0,"gold_gain":0,"player_choice":"Embrace Madness","damage_taken":10,"max_hp_gain":0,"max_hp_loss":0,"event_name":"Winding Halls","floor":36,"gold_loss":0,"cards_obtained":["Madness","Madness"]}],"is_beta":false,"boss_relics":[{"not_picked":["Snecko Eye","Inserter"],"picked":"Philosopher\u0027s Stone"},{"not_picked":["Tiny House","Runic Dome"],"picked":"Coffee Dripper"}],"items_purged_floors":[7],"is_endless":false,"potions_floor_spawned":[1,3,4,5,13,18,19,21,31,35,39],"killed_by":"Reptomancer","ascension_level":0}}