{"host":"htqwg582tjjtn9p7","time":1608573669,"event":{"mods":["2.2 Compatiblity","AchievementEnabler","Act Like it!","Aspiration","BaseMod","Better Third Choice","Colored Map","Conspire","Curses Come First","Displayed Cursed Tome","Energized Spire","Force Act Four","GifTheSpireLib","Hermit","Highlight Path","JesterMod","Mad Scientist","Minty Spire (QoL Compilation)","Pale of the Ancients","Permanent Neow","Random Character Button","Relic Stats","Replay The Spire","Robot Space Explorer","Somnambulant","Spicy Shops","Spikes Relics","StSLib","Stuff the Spire","The Blue Laboratory","The Disciple","The Dragon Tamer","The Forsaken","The Gatherer","The Judge","The Jungle","The Runesmith","The Servant 0.9.4"],"gold_per_floor":[111,36,59,69,86,113,113,138,186,215,215,226,260,275,275,352,352,370,21,21,21,38,38,70,80,80,110,124,151,163,178,178,253,253,266,284,39,39,49,81,81,98,98,126,126,137,137,149,149,149,169,188,188,214,214,231,231,106,106,106],"floor_reached":61,"playtime":5424,"items_purged":["theForsaken:TheForsaken_Strike","theForsaken:TheForsaken_Strike","Pain"],"score":2341,"play_id":"aad23bf0-3b03-4990-b3e4-cdccbaf731d1","local_time":"20201221190109","is_ascension_mode":true,"campfire_choices":[{"data":"theForsaken:Smite","floor":7,"key":"SMITH"},{"data":"theForsaken:StoreUp","floor":15,"key":"SMITH"},{"data":"theForsaken:ShieldBash","floor":23,"key":"SMITH"},{"data":"theForsaken:NobleSacrifice","floor":32,"key":"SMITH"},{"data":"theForsaken:StoreUp","floor":41,"key":"SMITH"},{"data":"somnambulantmod: Damping","floor":47,"key":"SMITH"},{"data":"theForsaken:DefensiveStance","floor":49,"key":"SMITH"},{"data":"theForsaken:DefensiveStance","floor":55,"key":"SMITH"},{"floor":57,"key":"RECALL"}],"circlet_count":0,"master_deck":["AscendersBane","theForsaken:TheForsaken_Strike","theForsaken:TheForsaken_Strike","theForsaken:TheForsaken_Defend+1","theForsaken:TheForsaken_Defend","theForsaken:TheForsaken_Defend","theForsaken:TheForsaken_Defend","theForsaken:Smite+1","theForsaken:Penitence+1","theForsaken:Eulogy","theForsaken:Devotion","theForsaken:DefensiveStance+1","theForsaken:ShieldCharge","theForsaken:DefensiveStance+1","theForsaken:StoreUp+1","theForsaken:DivineGuidance","theForsaken:BountifulSunlight","theForsaken:SpreadingPlague","theForsaken:ShieldBash+1","theForsaken:StoreUp+1","theForsaken:DefensiveStance+1","theForsaken:NobleSacrifice+1","somnambulantmod: Damping+1","Gatherer:WitheringStrike","StuffTheSpire:Vigor"],"relics":["theForsaken:JudgementScales","PreservedInsect","Replay:Bottled Snecko","Replay:Wax Seal","theForsaken:Lifeblossom","Anchor","conspire:SlowCooker","Calipers","PrismaticShard","Garlic","Thread and Needle","StuffTheSpire:OldFever","StuffTheSpire:Barrel","Runic Pyramid","OrangePellets","WarpedTongs","SnailShell","Replay:Ringing Soul","StuffTheSpire:Wildfire","paleoftheancients:Timepiece","paleoftheancients:KeyRelic","Ice Cream","Gremlin Horn","paleoftheancients:SoulOfTheWatcher","ReplayTheSpireMod:Lightbulb"],"acts_visited":["Exordium","TheCity","TheBeyond","TheBeyond"],"potions_floor_usage":[6,22,24,27,33,46,46],"damage_taken":[{"damage":0,"enemies":"conspire:RoseBush","floor":1,"turns":4},{"damage":6,"enemies":"Small Slimes","floor":4,"turns":7},{"damage":6,"enemies":"Cultist","floor":5,"turns":6},{"damage":31,"enemies":"3 Sentries","floor":6,"turns":13},{"damage":31,"enemies":"Gremlin Nob","floor":8,"turns":6},{"damage":15,"enemies":"Lagavulin","floor":10,"turns":10},{"damage":5,"enemies":"2 Fungi Beasts","floor":12,"turns":10},{"damage":0,"enemies":"Replay:BlueRogue","floor":13,"turns":7},{"damage":15,"enemies":"Gremlin Gang","floor":14,"turns":11},{"damage":55,"enemies":"The Guardian","floor":16,"turns":18},{"damage":7,"enemies":"Shell Parasite","floor":18,"turns":11},{"damage":7,"enemies":"Spheric Guardian","floor":22,"turns":9},{"damage":89,"enemies":"Slavers","floor":24,"turns":13},{"damage":18,"enemies":"Chosen and Byrds","floor":25,"turns":10},{"damage":24,"enemies":"Gremlin Leader","floor":27,"turns":15},{"damage":1,"enemies":"Snake Plant","floor":28,"turns":16},{"damage":0,"enemies":"Replay:Snechameleon","floor":29,"turns":20},{"damage":11,"enemies":"Sentry and Sphere","floor":30,"turns":8},{"damage":15,"enemies":"3 Cultists","floor":31,"turns":9},{"damage":105,"enemies":"Collector","floor":33,"turns":15},{"damage":0,"enemies":"3 Shapes","floor":35,"turns":13},{"damage":37,"enemies":"3 Darklings","floor":36,"turns":20},{"damage":42,"enemies":"Jaw Worm Horde","floor":39,"turns":10},{"damage":134,"enemies":"Reptomancer","floor":40,"turns":13},{"damage":19,"enemies":"Sphere and 2 Shapes","floor":42,"turns":15},{"damage":1,"enemies":"Giant Head","floor":44,"turns":11},{"damage":88,"enemies":"Transient","floor":46,"turns":5},{"damage":30,"enemies":"Jaw Worm Horde","floor":48,"turns":10},{"damage":64,"enemies":"Awakened One","floor":50,"turns":25},{"damage":33,"enemies":"Awakened One","floor":51,"turns":12},{"damage":2,"enemies":"Awakened One","floor":52,"turns":10},{"damage":9,"enemies":"Awakened One","floor":56,"turns":6},{"damage":59,"enemies":"paleoftheancients:N","floor":60,"turns":12}],"seed_played":"804226697898116014","potions_obtained":[{"floor":3,"key":"Flashbang"},{"floor":3,"key":"Dexterity Potion"},{"floor":6,"key":"blueLaboratory:CorrosionFlask"},{"floor":10,"key":"ColorlessPotion"},{"floor":13,"key":"Regen Potion"},{"floor":24,"key":"Swift Potion"},{"floor":30,"key":"Languid Potion"},{"floor":31,"key":"FearPotion"},{"floor":35,"key":"Energy Potion"},{"floor":40,"key":"GamblersBrew"},{"floor":46,"key":"Elixir"},{"floor":51,"key":"Energy Potion"}],"is_trial":false,"path_per_floor":["M","$","?","M","M","E","R","E","T","E","?","M","E","M","R","B",null,"M","$","?","?","M","R","E","M","T","E","M","E","M","M","R","B",null,"M","M","$","?","M","E","R","M","T","E","?","M","R","M","R","B","M","M","?","T","R","M","R","$","?","B",null],"character_chosen":"THE_FORSAKEN","items_purchased":["theForsaken:StoreUp","Calipers","OrangePellets"],"campfire_rested":0,"item_purchase_floors":[19,19,37],"current_hp_per_floor":[58,58,43,51,60,40,40,20,20,34,34,59,61,63,63,63,63,63,63,55,44,71,71,43,41,41,71,92,110,112,111,111,112,112,112,135,135,135,137,137,137,164,164,164,167,96,96,167,167,188,179,188,188,188,188,188,188,188,188,175],"gold":106,"neow_bonus":"RANDOM_COMMON_RELIC","is_daily":false,"chose_seed":false,"campfire_upgraded":8,"win_rate":0.0,"timestamp":1608573669,"path_taken":["M","$","?","M","?","E","R","E","T","E","?","M","E","?","R","BOSS","M","$","?","?","M","R","E","M","T","E","M","E","M","M","R","BOSS","M","M","$","?","M","E","R","?","T","E","?","M","R","M","R","BOSS","M","M","?","T","R","M","R","$","?","BOSS"],"items_purchased_type":["Card","Relic","Relic"],"build_version":"2020-12-13","purchased_purges":3,"victory":true,"max_hp_per_floor":[61,61,61,61,61,61,61,61,61,61,61,61,61,63,63,63,63,63,63,63,68,71,71,71,71,71,71,92,110,112,112,112,112,112,112,135,135,135,137,137,137,164,164,164,167,167,167,167,167,188,188,188,188,188,188,188,188,188,188,188],"relic_stats":{"OrangePellets":[29],"Gremlin Horn":[14,14],"counters":[33,380],"PreservedInsect":392,"obtain_stats":[{"Ice Cream":50,"StuffTheSpire:Barrel":29,"SnailShell":40,"Calipers":19,"Gremlin Horn":50,"theForsaken:Lifeblossom":10,"PrismaticShard":20,"Replay:Ringing Soul":43,"Replay:Bottled Snecko":8,"paleoftheancients:SoulOfTheWatcher":51,"Replay:Wax Seal":9,"Runic Pyramid":34,"paleoftheancients:KeyRelic":50,"Thread and Needle":26,"StuffTheSpire:Wildfire":44,"PreservedInsect":6,"conspire:SlowCooker":17,"War Paint":0,"WarpedTongs":38,"paleoftheancients:Timepiece":50,"OrangePellets":37,"Anchor":13,"Garlic":24,"theForsaken:JudgementScales":0,"ReplayTheSpireMod:Lightbulb":54,"StuffTheSpire:OldFever":27},{"Ice Cream":29,"StuffTheSpire:Barrel":17,"SnailShell":24,"Calipers":11,"Gremlin Horn":29,"theForsaken:Lifeblossom":6,"PrismaticShard":11,"Replay:Ringing Soul":25,"Replay:Bottled Snecko":5,"paleoftheancients:SoulOfTheWatcher":30,"Replay:Wax Seal":5,"Runic Pyramid":20,"paleoftheancients:KeyRelic":29,"Thread and Needle":14,"StuffTheSpire:Wildfire":26,"PreservedInsect":4,"conspire:SlowCooker":10,"War Paint":0,"WarpedTongs":22,"paleoftheancients:Timepiece":29,"OrangePellets":22,"Anchor":8,"Garlic":13,"theForsaken:JudgementScales":0,"ReplayTheSpireMod:Lightbulb":31,"StuffTheSpire:OldFever":15},{"Ice Cream":340,"StuffTheSpire:Barrel":186,"SnailShell":274,"Calipers":103,"Gremlin Horn":340,"theForsaken:Lifeblossom":46,"PrismaticShard":103,"Replay:Ringing Soul":289,"Replay:Bottled Snecko":36,"paleoftheancients:SoulOfTheWatcher":352,"Replay:Wax Seal":36,"Runic Pyramid":218,"paleoftheancients:KeyRelic":340,"Thread and Needle":135,"StuffTheSpire:Wildfire":300,"PreservedInsect":30,"conspire:SlowCooker":92,"War Paint":0,"WarpedTongs":251,"paleoftheancients:Timepiece":340,"OrangePellets":251,"Anchor":63,"Garlic":125,"theForsaken:JudgementScales":0,"ReplayTheSpireMod:Lightbulb":362,"StuffTheSpire:OldFever":150}],"WarpedTongs":[102]},"card_choices":[{"not_picked":["theForsaken:Preservation","theForsaken:ShieldCharge","theForsaken:BlindFaith"],"picked":"SKIP","floor":1},{"not_picked":["theForsaken:SiphonStrike","theForsaken:RainingSunlight"],"picked":"theForsaken:Eulogy","floor":3},{"not_picked":["theForsaken:Preservation","theForsaken:ShieldCharge"],"picked":"theForsaken:Devotion","floor":4},{"not_picked":["theForsaken:RainingSunlight","theForsaken:HorrifyingStrike"],"picked":"theForsaken:DefensiveStance","floor":5},{"not_picked":["theForsaken:PanicDive","theForsaken:BlessedWeapon","theForsaken:MagicWeapon"],"picked":"SKIP","floor":6},{"not_picked":["theForsaken:Backlash","theForsaken:DarkBarrier"],"picked":"theForsaken:ShieldCharge","floor":8},{"not_picked":["theForsaken:PanicDive","theForsaken:ChargeAttack"],"picked":"theForsaken:DefensiveStance","floor":10},{"not_picked":["theForsaken:Riposte","theForsaken:WordsOfMight"],"picked":"theForsaken:StoreUp","floor":12},{"not_picked":["theForsaken:InspiringBlow","theForsaken:PanicDive"],"picked":"theForsaken:DivineGuidance","floor":13},{"not_picked":["theForsaken:Tranquility","theForsaken:SiphonStrike"],"picked":"theForsaken:BountifulSunlight","floor":14},{"not_picked":["theForsaken:Retribution","theForsaken:FountainOfLife"],"picked":"theForsaken:SpreadingPlague","floor":16},{"not_picked":["theForsaken:BountifulSunlight","theForsaken:Thunderbolt"],"picked":"theForsaken:ShieldBash","floor":18},{"not_picked":["theForsaken:MagicWeapon","theForsaken:RainingSunlight"],"picked":"theForsaken:DefensiveStance","floor":20},{"not_picked":["somnambulantmod: Unmake","WordoMod:Sickness","Finisher"],"picked":"SKIP","floor":22},{"not_picked":["Gatherer:Snatch","theForsaken:Eulogy+1"],"picked":"theForsaken:NobleSacrifice","floor":24},{"not_picked":["StuffTheSpire:BumpUp","Gatherer:QuickSynthesis","Gatherer:Nutrients"],"picked":"SKIP","floor":25},{"not_picked":["MadScienceMod:Refuel","jesterMod:Hide","jesterMod:Procrastination+1"],"picked":"SKIP","floor":27},{"not_picked":["Trip","LockedPlans","MadScienceMod:FlexibleSpear"],"picked":"SKIP","floor":28},{"not_picked":["Runesmith:Overpower","HandsUpB","RobotSpaceExplorer:ScrapMissile"],"picked":"SKIP","floor":29},{"not_picked":["somnambulantmod: Bruise","Replay:AllIn","WordoMod:LordOfTheFlies"],"picked":"SKIP","floor":30},{"not_picked":["conspire:Charge","StuffTheSpire:SnapShoot","Coolheaded"],"picked":"SKIP","floor":31},{"not_picked":["PendulumOfEternity","Chronoelasticity"],"picked":"somnambulantmod: Damping","floor":33},{"not_picked":["Reflex","DTMod:MasterPlan","DTMod:FlameSlash"],"picked":"SKIP","floor":35},{"not_picked":["jesterMod:ButterKnife","hermit:Quickdraw"],"picked":"Gatherer:WitheringStrike","floor":36},{"not_picked":["MadScienceMod:MechanicalClaw","Well Laid Plans","Skewer"],"picked":"SKIP","floor":39},{"not_picked":["Gatherer:StoneFence","hermit:Brawl","WordoMod:Sacrilege"],"picked":"SKIP","floor":40},{"not_picked":["MadScienceMod:Strafe","Flying Knee","StuffTheSpire:ForEach"],"picked":"SKIP","floor":42},{"not_picked":["Runesmith:CraftMagma","RobotSpaceExplorer:FranticSearch","Panacea"],"picked":"SKIP","floor":44},{"not_picked":["StuffTheSpire:BrainWave","StuffTheSpire:Innocence"],"picked":"StuffTheSpire:Vigor","floor":45},{"not_picked":["Runesmith:Overpower+1","hermit:Roulette+1","theForsaken:Devotion"],"picked":"SKIP","floor":46},{"not_picked":["Flash of Steel","Gatherer:AcidicSpray","Gash+1"],"picked":"SKIP","floor":48},{"not_picked":["somnambulantmod: HorrificThought+1","MadScienceMod:FlexibleSpear","Gatherer:StoneFence"],"picked":"SKIP","floor":51},{"not_picked":["WordoMod:SacRite+1","Ricochet+1","WordoMod:Sickness+1"],"picked":"SKIP","floor":52},{"not_picked":["WordoMod:Malice+1","WordoMod:Retaliate+1","Thunderclap"],"picked":"SKIP","floor":56}],"player_experience":1736365,"relics_obtained":[{"floor":6,"key":"PreservedInsect"},{"floor":8,"key":"Replay:Bottled Snecko"},{"floor":9,"key":"Replay:Wax Seal"},{"floor":10,"key":"theForsaken:Lifeblossom"},{"floor":13,"key":"Anchor"},{"floor":20,"key":"PrismaticShard"},{"floor":24,"key":"Garlic"},{"floor":26,"key":"Thread and Needle"},{"floor":27,"key":"StuffTheSpire:OldFever"},{"floor":29,"key":"StuffTheSpire:Barrel"},{"floor":40,"key":"SnailShell"},{"floor":43,"key":"Replay:Ringing Soul"},{"floor":44,"key":"StuffTheSpire:Wildfire"},{"floor":51,"key":"paleoftheancients:SoulOfTheWatcher"},{"floor":54,"key":"ReplayTheSpireMod:Lightbulb"}],"event_choices":[{"damage_healed":0,"gold_gain":0,"player_choice":"Upgraded","damage_taken":0,"max_hp_gain":0,"max_hp_loss":0,"event_name":"Upgrade Shrine","floor":11,"gold_loss":0,"cards_upgraded":["theForsaken:DefensiveStance"]},{"damage_healed":0,"gold_gain":0,"player_choice":"Shed Blood","damage_taken":16,"max_hp_gain":5,"max_hp_loss":0,"event_name":"Forgotten Altar","floor":21,"gold_loss":0},{"damage_healed":0,"gold_gain":0,"player_choice":"Rummage","damage_taken":0,"relics_obtained":["WarpedTongs"],"max_hp_gain":0,"max_hp_loss":0,"event_name":"Accursed Blacksmith","floor":38,"gold_loss":0,"cards_obtained":["Pain"]},{"damage_healed":0,"gold_gain":0,"player_choice":"Leave","damage_taken":0,"max_hp_gain":0,"max_hp_loss":0,"event_name":"conspire:Investor","floor":53,"gold_loss":0}],"is_beta":false,"boss_relics":[{"not_picked":["theForsaken:ArmorOfThorns","Sandwich"],"picked":"conspire:SlowCooker"},{"not_picked":["Coffee Dripper","Busted Crown"],"picked":"Runic Pyramid"}],"items_purged_floors":[2,37,58],"is_endless":false,"potions_floor_spawned":[4,5,6,10,13,18,24,30,31,35,39,40,46,51,56],"ascension_level":14}}