{"host":"m0ztrav81f5b7zva","time":1608550929,"event":{"mods":["Aspiration","BaseMod","Conspire","Halation","Hubris","Infinite Spire","Minty Spire (QoL Compilation)","Replay The Spire","StSLib","The Blue Laboratory","Wandering Minibosses"],"gold_per_floor":[118,137,157,176,194,219,235,253,253,253,253,253],"floor_reached":11,"playtime":861,"items_purged":[],"score":79,"play_id":"86747b57-be4a-4921-a014-ddca6c2c75a6","local_time":"20201221054209","is_ascension_mode":false,"campfire_choices":[],"circlet_count":0,"master_deck":["Strike_R","Strike_R","Strike_R","Strike_R","Defend_R","Defend_R","Defend_R","Bash","Thunderclap","Rampage","Flame Barrier","infinitespire:OneForAll","Juggernaut","Iron Wave","Hemokinesis","hubris:DuctTapeCard"],"relics":["Burning Blood","Bag of Marbles","Nunchaku","hubris:DuctTape"],"acts_visited":["Exordium"],"potions_floor_usage":[],"damage_taken":[{"damage":1,"enemies":"Cultist","floor":1,"turns":3},{"damage":7,"enemies":"Small Slimes","floor":2,"turns":3},{"damage":12,"enemies":"conspire:RoseBush","floor":3,"turns":2},{"damage":14,"enemies":"Blue Slaver","floor":4,"turns":3},{"damage":21,"enemies":"Exordium Thugs","floor":5,"turns":6},{"damage":44,"enemies":"3 Sentries","floor":6,"turns":10},{"damage":14,"enemies":"3 Louse","floor":7,"turns":4},{"damage":5,"enemies":"2 Fungi Beasts","floor":8,"turns":3},{"damage":13,"enemies":"Replay:BlueRogue","floor":11,"turns":4}],"seed_played":"-196458046186516270","potions_obtained":[{"floor":3,"key":"FearPotion"},{"floor":4,"key":"BloodPotion"},{"floor":5,"key":"Explosive Potion"}],"is_trial":false,"path_per_floor":["M","M","M","M","M","E","M","M","T","T","E"],"character_chosen":"IRONCLAD","items_purchased":[],"campfire_rested":0,"item_purchase_floors":[],"current_hp_per_floor":[88,87,81,73,58,20,12,13,13,13,0,0],"gold":253,"neow_bonus":"TEN_PERCENT_HP_BONUS","is_daily":false,"chose_seed":false,"campfire_upgraded":0,"win_rate":0.0,"timestamp":1608550929,"path_taken":["M","M","M","M","M","E","M","M","T","?","E"],"items_purchased_type":[],"build_version":"2020-12-13","purchased_purges":0,"victory":false,"max_hp_per_floor":[88,88,88,88,88,88,88,88,88,88,88,88],"card_choices":[{"not_picked":["Clothesline","Warcry"],"picked":"Thunderclap","floor":1},{"not_picked":["Armaments","Headbutt"],"picked":"Rampage","floor":2},{"not_picked":["Dual Wield","Twin Strike"],"picked":"Flame Barrier","floor":3},{"not_picked":["Clothesline","Dropkick","True Grit"],"picked":"SKIP","floor":4},{"not_picked":["Cleave","Twin Strike"],"picked":"infinitespire:OneForAll","floor":5},{"not_picked":["Eclipse","ReplayTheSpireMod:LeadingStrike"],"picked":"Juggernaut","floor":6},{"not_picked":["Searing Blow","Rage"],"picked":"Iron Wave","floor":7},{"not_picked":["hubris:ReadiedAction","Burning Pact"],"picked":"Hemokinesis","floor":8}],"player_experience":1018,"relics_obtained":[{"floor":6,"key":"Bag of Marbles"},{"floor":9,"key":"Nunchaku"},{"floor":10,"key":"hubris:DuctTape"}],"event_choices":[],"is_beta":false,"boss_relics":[],"items_purged_floors":[],"is_endless":false,"potions_floor_spawned":[3,4,5,7],"killed_by":"Replay:BlueRogue","ascension_level":0}}