{"host":"i1ibt4vxe0effuru","time":1608565267,"event":{"mods":["AchievementEnabler","BaseMod","Card Forge","Challenge The Spire","Downfall","Friendly Minions","Jorbs\u0027s Wanderer Trilogy","Marisa????????","Minty Spire (QoL Compilation)","Quick Restart","READ ME - Guardian Mod","READ ME - Snecko Mod","Replay The Spire","Shop Mod","StSLib","The Animator","The Bug Knight","The Cursed","The Disciple","The Servant 0.9.4"],"gold_per_floor":[99,117,147,160,160,193,193,193,293,306,320,335,351,368,383,481,481,481,497,515,540,540,540,540,540,575,575,575,594,613,623,635,737,737,737,757,757,776,790,790,790,790,816,666,666,753,766,811,829,829],"floor_reached":51,"playtime":3373,"items_purged":[],"score":708,"play_id":"d1c21f6c-0572-48a8-97c4-170c94a64607","local_time":"20201222014107","is_ascension_mode":false,"campfire_choices":[{"data":"Slimebound:Split","floor":1,"key":"SMITH"},{"data":"Slimebound:FirmFortitude","floor":5,"key":"SMITH"},{"data":"Slimebound:CorrosiveSpit","floor":8,"key":"SMITH"},{"data":"Slimebound:LevelUp","floor":18,"key":"SMITH"},{"data":"Slimebound:ComboTackle","floor":22,"key":"SMITH"},{"data":"Slimebound:ProtectTheBoss","floor":25,"key":"SMITH"},{"data":"Slimebound:MegaLick","floor":27,"key":"SMITH"},{"data":"Slimebound:RallyTheTroops","floor":35,"key":"SMITH"},{"floor":42,"key":"RECALL"},{"data":"Slimebound:OneTwoCombo","floor":44,"key":"SMITH"}],"circlet_count":0,"master_deck":["Slimebound:Strike_Slimebound","Slimebound:Strike_Slimebound","Slimebound:Strike_Slimebound","Slimebound:Tackle","Slimebound:Defend_Slimebound","Slimebound:Defend_Slimebound","Slimebound:Defend_Slimebound","Slimebound:Defend_Slimebound","Slimebound:Split+1","Slimebound:CorrosiveSpit+1","Slimebound:SlimeSpikes","Slimebound:PressTheAttack","Slimebound:FirmFortitude+1","Slimebound:Schlurp","Slimebound:SplitLeeching","Slimebound:GoopSpray","Slimebound:ProtectTheBoss+1","Slimebound:LevelUp+1","Slimebound:OneTwoCombo+1","Slimebound:MegaLick+1","Slimebound:ViciousTackle","Slimebound:ComboTackle+1","Slimebound:MegaLick+1","Slimebound:SlimeBrawl+1","Slimebound:Equalize+1","Slimebound:SplitLeeching","Slimebound:RallyTheTroops+1","Slimebound:SplitMire","Slimebound:GrowthPunch+1","Slimebound:ItLooksTasty+1","Slimebound:PressTheAttack+1","Slimebound:ComboTackle+1","Slimebound:SplitBruiser+1"],"relics":["Slimebound:AbsorbEndCombatUpgraded","Hammer of Thor","Seething Fire","Anvil of the Gods","WingedGreaves","Gambling Chip","Counterbalance","downfall:RedIOU","Replay:Accelerometer","Tiny Chest","Busted Crown","InkBottle","Du-Vu Doll","Molten Egg 2","downfall:HeartBlessingRed","downfall:HeartBlessingGreen","Omamori"],"acts_visited":["Exordium","TheCity","TheBeyond"],"potions_floor_usage":[],"damage_taken":[{"damage":10,"enemies":"Jaw Worm","floor":2,"turns":4},{"damage":33,"enemies":"HollowMod:MossKnight","floor":3,"turns":12},{"damage":9,"enemies":"Cultist","floor":4,"turns":4},{"damage":39,"enemies":"3 Sentries","floor":6,"turns":9},{"damage":5,"enemies":"2 Louse","floor":10,"turns":3},{"damage":24,"enemies":"Exordium Thugs","floor":11,"turns":4},{"damage":12,"enemies":"3 Louse","floor":12,"turns":2},{"damage":9,"enemies":"Blue Slaver","floor":13,"turns":3},{"damage":16,"enemies":"Exordium Wildlife","floor":14,"turns":5},{"damage":24,"enemies":"Exordium Thugs","floor":15,"turns":5},{"damage":34,"enemies":"downfall:Ironclad","floor":16,"turns":9},{"damage":4,"enemies":"Spheric Guardian","floor":19,"turns":3},{"damage":15,"enemies":"3 Byrds","floor":20,"turns":3},{"damage":35,"enemies":"Gremlin Leader","floor":21,"turns":7},{"damage":10,"enemies":"HollowMod:Nosk","floor":26,"turns":6},{"damage":18,"enemies":"Sentry and Sphere","floor":29,"turns":4},{"damage":18,"enemies":"Cultist and Chosen","floor":30,"turns":6},{"damage":23,"enemies":"Snake Plant","floor":31,"turns":3},{"damage":22,"enemies":"Chosen and Byrds","floor":32,"turns":5},{"damage":70,"enemies":"downfall:Watcher","floor":33,"turns":7},{"damage":12,"enemies":"Orb Walker","floor":36,"turns":3},{"damage":25,"enemies":"3 Darklings","floor":38,"turns":4},{"damage":20,"enemies":"Transient","floor":39,"turns":5},{"damage":32,"enemies":"Reptomancer","floor":43,"turns":6},{"damage":21,"enemies":"Sphere and 2 Shapes","floor":47,"turns":3},{"damage":32,"enemies":"3 Darklings","floor":49,"turns":4},{"damage":37,"enemies":"downfall:Silent","floor":50,"turns":6}],"seed_played":"3503387127005534573","potions_obtained":[{"floor":2,"key":"Weak Potion"},{"floor":10,"key":"FearPotion"},{"floor":12,"key":"Regen Potion"},{"floor":47,"key":"Guardian:BlockOnCardUsePotion"}],"is_trial":false,"path_per_floor":["R","M","E","M","R","E","T","R","?","M","M","M","M","M","M","B",null,"R","M","M","E","R","?","T","R","E","R","?","M","M","M","M","B",null,"R","M","?","M","M","T","T","R","E","R","?","?","M","T","M","B",null],"character_chosen":"SLIMEBOUND","items_purchased":[],"campfire_rested":0,"item_purchase_floors":[],"current_hp_per_floor":[66,66,58,66,66,39,39,39,39,46,42,46,49,57,53,59,66,66,66,66,66,66,66,66,66,66,66,57,60,66,59,57,36,66,66,62,62,64,66,66,66,66,64,64,64,48,66,66,66,55],"gold":829,"neow_bonus":"TEN_PERCENT_HP_BONUS","is_daily":false,"chose_seed":false,"campfire_upgraded":9,"win_rate":0.0,"timestamp":1608565267,"path_taken":["R","M","E","M","R","E","T","R","?","M","M","M","M","M","M","BOSS","R","?","M","E","R","?","T","R","E","R","?","?","M","M","M","BOSS","R","M","?","M","M","?","T","R","E","R","?","?","?","?","M","BOSS"],"items_purchased_type":[],"build_version":"2020-12-13","purchased_purges":0,"victory":true,"max_hp_per_floor":[66,66,66,66,66,66,66,66,66,66,66,66,66,66,66,66,66,66,66,66,66,66,66,66,66,66,66,66,66,66,66,66,66,66,66,66,66,66,66,66,66,66,66,66,66,66,66,66,66,66],"card_choices":[{"not_picked":["Slimebound:ForwardTackle","Slimebound:ViciousTackle"],"picked":"Slimebound:SlimeSpikes","floor":2},{"not_picked":["Slimebound:ViciousTackle","Slimebound:SlimeBarrage"],"picked":"Slimebound:PressTheAttack","floor":3},{"not_picked":["Slimebound:SamplingLick","Slimebound:PressTheAttack"],"picked":"Slimebound:FirmFortitude","floor":4},{"not_picked":["Slimebound:SplitBruiser","Slimebound:LeechingTouch","Slimebound:Teamwork"],"picked":"SKIP","floor":6},{"not_picked":["Slimebound:GrowthPunch","Slimebound:ForwardTackle"],"picked":"Slimebound:Schlurp","floor":10},{"not_picked":["Slimebound:Schlurp","Slimebound:ComboTackle"],"picked":"Slimebound:SplitLeeching","floor":11},{"not_picked":["Slimebound:ComboTackle","Slimebound:SplitMire"],"picked":"Slimebound:GoopSpray","floor":12},{"not_picked":["Slimebound:FirmFortitude","Slimebound:Schlurp"],"picked":"Slimebound:ProtectTheBoss","floor":13},{"not_picked":["Slimebound:TongueLash","Slimebound:Replication"],"picked":"Slimebound:LevelUp","floor":14},{"not_picked":["Slimebound:SlimeSpikes","Slimebound:FinishingTackle","Slimebound:ViciousTackle"],"picked":"SKIP","floor":15},{"not_picked":["Slimebound:DouseInSlime","Slimebound:PrepareCrush"],"picked":"Slimebound:OneTwoCombo","floor":16},{"not_picked":["Slimebound:Schlurp","Slimebound:RainOfGoop"],"picked":"Slimebound:MegaLick+1","floor":19},{"not_picked":["Slimebound:Chomp","Slimebound:PressTheAttack"],"picked":"Slimebound:ViciousTackle","floor":20},{"not_picked":["Slimebound:LeechingTouch+1","Slimebound:ProtectTheBoss+1"],"picked":"Slimebound:ComboTackle","floor":21},{"not_picked":["Slimebound:Teamwork","Slimebound:ItLooksTasty+1"],"picked":"Slimebound:MegaLick","floor":26},{"not_picked":["Slimebound:FinishingTackle","Slimebound:SlimeSpikes+1","Slimebound:LeechingTouch"],"picked":"SKIP","floor":29},{"not_picked":["Slimebound:Schlurp","Slimebound:SplitAcid+1"],"picked":"Slimebound:SlimeBrawl+1","floor":30},{"not_picked":["Slimebound:RainOfGoop","Slimebound:ComboTackle"],"picked":"Slimebound:Equalize+1","floor":31},{"not_picked":["Slimebound:SlimeSpikes+1","Slimebound:Chomp+1"],"picked":"Slimebound:SplitLeeching","floor":32},{"not_picked":["Slimebound:DouseInSlime","Slimebound:SlimeSlap"],"picked":"Slimebound:RallyTheTroops","floor":33},{"not_picked":[],"picked":"Slimebound:SplitMire","floor":36},{"not_picked":[],"picked":"Slimebound:GrowthPunch+1","floor":38},{"not_picked":["Slimebound:ProtectTheBoss+1"],"picked":"SKIP","floor":39},{"not_picked":[],"picked":"Slimebound:ItLooksTasty+1","floor":43},{"not_picked":[],"picked":"Slimebound:PressTheAttack+1","floor":46},{"not_picked":[],"picked":"Slimebound:ComboTackle+1","floor":46},{"not_picked":["Slimebound:ViciousTackle+1"],"picked":"SKIP","floor":47},{"not_picked":[],"picked":"Slimebound:SplitBruiser+1","floor":49}],"player_experience":121949,"relics_obtained":[{"floor":3,"key":"WingedGreaves"},{"floor":6,"key":"Gambling Chip"},{"floor":7,"key":"Counterbalance"},{"floor":21,"key":"Replay:Bandana"},{"floor":24,"key":"Replay:Accelerometer"},{"floor":26,"key":"Tiny Chest"},{"floor":40,"key":"InkBottle"},{"floor":41,"key":"Du-Vu Doll"},{"floor":43,"key":"Molten Egg 2"},{"floor":46,"key":"Omamori"}],"event_choices":[{"damage_healed":0,"gold_gain":100,"player_choice":"Gold","damage_taken":0,"max_hp_gain":0,"max_hp_loss":0,"event_name":"Wheel of Change","floor":9,"gold_loss":0}],"is_beta":false,"boss_relics":[{"not_picked":["Replay:Grab Bag","Replay:Drink Me"],"picked":"Slimebound:AbsorbEndCombatUpgraded"},{"not_picked":["Runic Dome","Snecko Eye"],"picked":"Busted Crown"}],"items_purged_floors":[],"is_endless":false,"potions_floor_spawned":[2,10,12,14,19,20,39,47,49],"ascension_level":0}}