{"host":"a9gsz7kv8aebwp1f","time":1608545249,"event":{"mods":["AchievementEnabler","BaseMod","Minty Spire (QoL Compilation)"],"gold_per_floor":[112,112,112,12,27,27,102,115,186,186,9,9,27,41,41,167,167,188,188,188,176,27,27,27],"floor_reached":23,"playtime":686,"items_purged":["Regret"],"score":269,"play_id":"6d73bc2c-fdda-4945-a6c2-bf2154bc05f2","local_time":"20201221190729","is_ascension_mode":true,"campfire_choices":[{"data":"Madness","floor":6,"key":"SMITH"},{"floor":10,"key":"REST"},{"floor":15,"key":"REST"}],"circlet_count":0,"master_deck":["AscendersBane","Strike_R","Strike_R","Strike_R","Strike_R","Strike_R","Defend_R","Defend_R","Defend_R","Defend_R","Bash","Madness+1","Armaments+1","Disarm","Twin Strike","Sever Soul","Pommel Strike","Flex","Wild Strike","Barricade","Flex","True Grit","Feed"],"relics":["Burning Blood","Bloody Idol","MawBank","Question Card","Membership Card","Snecko Eye","Tiny Chest"],"acts_visited":["Exordium","TheCity"],"potions_floor_usage":[13,21],"damage_taken":[{"damage":15,"enemies":"2 Louse","floor":1,"turns":3},{"damage":6,"enemies":"Small Slimes","floor":5,"turns":4},{"damage":10,"enemies":"Jaw Worm","floor":8,"turns":5},{"damage":7,"enemies":"2 Fungi Beasts","floor":13,"turns":3},{"damage":29,"enemies":"Exordium Thugs","floor":14,"turns":6},{"damage":23,"enemies":"Hexaghost","floor":16,"turns":12},{"damage":66,"enemies":"Shell Parasite","floor":18,"turns":8},{"damage":39,"enemies":"2 Thieves","floor":21,"turns":4},{"damage":0,"enemies":"Book of Stabbing","floor":23,"turns":1}],"seed_played":"-993012270258617629","potions_obtained":[{"floor":8,"key":"DistilledChaos"},{"floor":13,"key":"Fruit Juice"},{"floor":18,"key":"FearPotion"}],"is_trial":false,"path_per_floor":["M","?","?","$","M","R","?","M","T","R","$","?","M","M","R","B",null,"M","?","?","M","$","E"],"character_chosen":"IRONCLAD","items_purchased":["Disarm","Membership Card","Pommel Strike","Tiny Chest","Feed"],"campfire_rested":2,"item_purchase_floors":[4,11,11,22,22],"current_hp_per_floor":[63,43,43,43,43,43,32,28,28,52,52,52,56,33,58,41,74,14,14,42,19,19,19,19],"gold":27,"neow_bonus":"RANDOM_COLORLESS","is_daily":false,"chose_seed":false,"campfire_upgraded":1,"win_rate":0.0,"timestamp":1608545249,"path_taken":["M","?","?","$","M","R","?","M","T","R","?","?","?","M","R","BOSS","M","?","?","M","$","E"],"items_purchased_type":["Card","Relic","Card","Relic","Card"],"build_version":"2020-12-13","purchased_purges":1,"victory":false,"max_hp_per_floor":[80,80,80,80,80,80,80,80,80,80,80,80,85,85,85,85,85,85,85,85,85,85,85,85],"card_choices":[{"not_picked":["Finesse","Forethought"],"picked":"Madness","floor":0},{"not_picked":["Warcry","Sentinel"],"picked":"Armaments","floor":1},{"not_picked":["Disarm","Warcry"],"picked":"Twin Strike","floor":5},{"not_picked":["Thunderclap","Body Slam"],"picked":"Sever Soul","floor":8},{"not_picked":["Thunderclap","Sword Boomerang","Warcry"],"picked":"Flex","floor":13},{"not_picked":["Twin Strike","Battle Trance","Rage"],"picked":"Wild Strike","floor":14},{"not_picked":["Corruption","Bludgeon","Fiend Fire"],"picked":"Barricade","floor":16},{"not_picked":["Battle Trance","True Grit","Dual Wield"],"picked":"Flex","floor":18},{"not_picked":["Power Through","Sever Soul","Anger"],"picked":"True Grit","floor":21}],"player_experience":445020,"relics_obtained":[{"floor":9,"key":"Question Card"}],"event_choices":[{"damage_healed":0,"gold_gain":0,"player_choice":"Take Damage","damage_taken":20,"relics_obtained":["Golden Idol"],"max_hp_gain":0,"max_hp_loss":0,"event_name":"Golden Idol","floor":2,"gold_loss":0},{"damage_healed":0,"gold_gain":0,"player_choice":"Box","damage_taken":0,"relics_obtained":["MawBank"],"max_hp_gain":0,"max_hp_loss":0,"event_name":"Big Fish","floor":3,"gold_loss":0,"cards_obtained":["Regret"]},{"damage_healed":0,"gold_gain":75,"player_choice":"Gather Gold","damage_taken":11,"max_hp_gain":0,"max_hp_loss":0,"event_name":"World of Goop","floor":7,"gold_loss":0},{"damage_healed":0,"gold_gain":0,"player_choice":"Grow","damage_taken":0,"max_hp_gain":0,"max_hp_loss":0,"event_name":"Living Wall","floor":12,"gold_loss":0,"cards_upgraded":["Armaments"]},{"damage_healed":0,"gold_gain":0,"player_choice":"Gave Idol","damage_taken":0,"relics_obtained":["Bloody Idol"],"max_hp_gain":0,"max_hp_loss":0,"event_name":"Forgotten Altar","floor":19,"relics_lost":["Golden Idol"],"gold_loss":0},{"damage_healed":28,"gold_gain":0,"player_choice":"Heal","damage_taken":0,"max_hp_gain":0,"max_hp_loss":0,"event_name":"The Library","floor":20,"gold_loss":0}],"is_beta":false,"boss_relics":[{"not_picked":["Runic Dome","Black Star"],"picked":"Snecko Eye"}],"items_purged_floors":[4],"is_endless":false,"potions_floor_spawned":[8,13,18],"killed_by":"Book of Stabbing","ascension_level":10}}