{"host":"z9grmtg2w0nmz8n1","time":1608529082,"event":{"mods":["Aspiration","Bard","BaseMod","Beaked The Cultist","Better Altar","Better Match","Better Note","Better Sensory Stone","Better Skull","Better Third Choice","BetterRewards","CCEM","Colored Map","Conspire","Downfall","GifTheSpireLib","Googly Eyes","Halation","Hermit","Highlight Path","Hubris","Hunter ??","Jedi Mod","Jorbs\u0027s Wanderer Trilogy","Mad Scientist","Marisa????????","Minty Spire (QoL Compilation)","Permanent Neow","Replay The Spire","Shade Mod","Shop Mod","Spicy Shops","StSLib","Stuff the Spire","The Bug Knight","The Construct","The Necromancer","The Runesmith","The Witch"],"gold_per_floor":[141,157,170,170,270,315,341,341,394,394,444,444,444,516,516,516,516],"floor_reached":16,"playtime":531,"items_purged":[],"score":135,"play_id":"7bb12dfb-e1fd-4517-a6f7-8b03228f77a0","local_time":"20201221033802","is_ascension_mode":false,"campfire_choices":[{"floor":8,"key":"RECALL"},{"floor":10,"key":"REST"},{"data":"CultistPetCall","floor":15,"key":"SMITH"}],"circlet_count":0,"master_deck":["Strike_Giant","Strike_Giant","Defend_Giant","Defend_Giant","Defend_Giant","Defend_Giant","CultistPetCall+1","EagleFirst","EagleFirst","EagleSecond","EagleSecond","CultistPetCall","Fanatic Cultist","Combo Defend","CultistPetCall","Backflip Giant","Combo Defend"],"relics":["GiantSoulBox","halation:VictoryRuler","StuffTheSpire:OldFever","ReplayTheSpireMod:Ring of Challenge","jedi:purplefairy"],"acts_visited":["Exordium"],"potions_floor_usage":[],"damage_taken":[{"damage":3,"enemies":"2 Louse","floor":1,"turns":2},{"damage":1,"enemies":"Cultist","floor":2,"turns":3},{"damage":2,"enemies":"Small Slimes","floor":3,"turns":3},{"damage":13,"enemies":"2 Fungi Beasts","floor":6,"turns":3},{"damage":13,"enemies":"3 Sentries","floor":7,"turns":4},{"damage":7,"enemies":"Blue Slaver","floor":11,"turns":2},{"damage":41,"enemies":"Lagavulin","floor":14,"turns":8},{"damage":10,"enemies":"The Guardian","floor":16,"turns":4}],"seed_played":"-1101107908389377396","potions_obtained":[{"floor":0,"key":"Dexterity Potion"},{"floor":0,"key":"Milkshake"},{"floor":0,"key":"Milkshake"}],"is_trial":false,"path_per_floor":["M","M","M","?","?","M","E","R","T","R","M","?","?","E","R","B"],"character_chosen":"Giant","items_purchased":[],"campfire_rested":1,"item_purchase_floors":[],"current_hp_per_floor":[62,61,59,47,47,39,26,26,26,47,45,45,45,4,14,4,4],"gold":516,"neow_bonus":"THREE_SMALL_POTIONS","is_daily":false,"chose_seed":false,"campfire_upgraded":1,"win_rate":0.0,"timestamp":1608529082,"path_taken":["M","M","M","?","?","M","E","R","T","R","?","?","?","E","R","BOSS"],"items_purchased_type":[],"build_version":"2020-12-13","purchased_purges":0,"victory":false,"max_hp_per_floor":[65,65,65,65,65,70,70,70,70,70,75,75,75,75,75,75,75],"card_choices":[{"not_picked":["Ready_Giant","Backflip Giant"],"picked":"EagleSecond","floor":1},{"not_picked":["Infinite Combo","SpikerPetCall"],"picked":"CultistPetCall","floor":2},{"not_picked":["Infinite Combo","CultistPetCall"],"picked":"Fanatic Cultist","floor":3},{"not_picked":["ByrdPetCall","Unlimited Combo"],"picked":"Combo Defend","floor":6},{"not_picked":["TakeAction_Giant","The End Giant"],"picked":"CultistPetCall","floor":7},{"not_picked":["GremlinTsunderePetCall","Hunter Bow"],"picked":"Backflip Giant","floor":11},{"not_picked":["One Blood","Pummel Giant"],"picked":"Combo Defend","floor":14}],"player_experience":606094,"relics_obtained":[{"floor":7,"key":"StuffTheSpire:OldFever"},{"floor":13,"key":"ReplayTheSpireMod:Ring of Challenge"},{"floor":14,"key":"jedi:purplefairy"}],"event_choices":[{"damage_healed":0,"gold_gain":0,"player_choice":"Relic ","damage_taken":12,"max_hp_gain":0,"max_hp_loss":0,"event_name":"betterThird:BetterScrap","floor":4,"gold_loss":0,"cards_obtained":["Reckless Charge"]},{"damage_healed":0,"gold_gain":100,"player_choice":"Pray","damage_taken":0,"max_hp_gain":0,"max_hp_loss":0,"event_name":"Golden Shrine","floor":5,"gold_loss":0},{"damage_healed":0,"gold_gain":0,"player_choice":"Leave","damage_taken":0,"max_hp_gain":0,"max_hp_loss":0,"event_name":"conspire:Investor","floor":12,"gold_loss":0}],"is_beta":false,"boss_relics":[],"items_purged_floors":[],"is_endless":false,"potions_floor_spawned":[6,7],"killed_by":"The Guardian","ascension_level":0}}