{"host":"ocy7z4248lncoz2b","time":1608523046,"event":{"mods":["BaseMod","Beaked The Cultist","Bestiary","Better Match","Better Sensory Stone","Better Third Choice","BetterRewards","Clockwork Mod","Colored Map","Colored Powertips","Conspire","Curses Come First","Downfall","Friendly Minions","Gremlin Mod","Highlight Path","Hubris","Infinite Spire","Jorbs\u0027s Wanderer Trilogy","Marisa????????","Mimic Mod","Minty Spire (QoL Compilation)","READ ME - Guardian Mod","Rare Cards Sparkle","Replay The Spire","Shop Mod","Spicy Shops","Spikes Relics","StSLib","SuperFastMode","The Administrix","The Blue Laboratory","The Construct","The Jungle","The Servant 0.9.4","The Wild Card","WarShipGirlsR/????R mod"],"gold_per_floor":[99,133,133,133,144,157,180,191,205,205,205,225,236,46,61,162,162,162,42,58,58,77,103,126,184,184,211,222,234,234,234,247,247,247],"floor_reached":33,"playtime":1325,"items_purged":[],"score":294,"play_id":"9b1bee53-a130-40b2-a426-ab439e10c3f6","local_time":"20201221125726","is_ascension_mode":false,"campfire_choices":[{"data":"KidneyShot","floor":1.0,"key":"SMITH"},{"floor":4.0,"key":"REST"},{"floor":10.0,"key":"REST"},{"data":"StarChef","floor":26.0,"key":"SMITH"}],"circlet_count":0,"master_deck":["Strike_S","Strike_S","Strike_S","Defend_S","Defend_S","Defend_S","Defend_S","KidneyShot+1","Exchange","Gouge","Foresight","Trip","Alleviate","SoulSculpture","Gouge+1","SilverBlades","Dilation","StarChef+1","MurderousAura","Ricochet","BottledTime","Misdirection","PendulumOfEternity","SpecialFormula","Alleviate","Defy","FanOfKnives","SpecialFormula","Pot Of Greed","Pot Of Greed","Pot Of Greed","Luminosity","DualDimension","Revamp+1","Moonlight","Potential","Solidify"],"relics":["Uniform","Vajra","Pen Nib","Chemical X","Mirror","Grinning Jar","MerchantsRug","BargainBundle","MiniBlackHole","Gremlin Food"],"acts_visited":["Exordium","TheCity"],"potions_floor_usage":[28,32,32,33],"damage_taken":[{"damage":43.0,"enemies":"3 Sentries","floor":2.0,"turns":13.0},{"damage":0.0,"enemies":"Jaw Worm","floor":5.0,"turns":3.0},{"damage":8.0,"enemies":"2 Louse","floor":6.0,"turns":3.0},{"damage":0.0,"enemies":"Small Slimes","floor":8.0,"turns":3.0},{"damage":16.0,"enemies":"3 Louse","floor":9.0,"turns":3.0},{"damage":6.0,"enemies":"Gremlin Gang","floor":12.0,"turns":6.0},{"damage":12.0,"enemies":"Blue Slaver","floor":13.0,"turns":2.0},{"damage":0.0,"enemies":"downfall:FleeingMerchant","floor":14.0,"turns":4.0},{"damage":0.0,"enemies":"Red Slaver","floor":15.0,"turns":2.0},{"damage":12.0,"enemies":"downfall:Ironclad","floor":16.0,"turns":3.0},{"damage":0.0,"enemies":"downfall:FleeingMerchant","floor":19.0,"turns":4.0},{"damage":14.0,"enemies":"Chosen","floor":20.0,"turns":3.0},{"damage":0.0,"enemies":"Shell Parasite","floor":22.0,"turns":2.0},{"damage":18.0,"enemies":"conspire:MimicChest","floor":23.0,"turns":5.0},{"damage":0.0,"enemies":"downfall:FleeingMerchant","floor":25.0,"turns":4.0},{"damage":36.0,"enemies":"Nightmare","floor":27.0,"turns":10.0},{"damage":9,"enemies":"Sentry and Sphere","floor":28,"turns":4},{"damage":12,"enemies":"3 Cultists","floor":29,"turns":7},{"damage":0,"enemies":"Snake Plant","floor":32,"turns":2},{"damage":24,"enemies":"downfall:Defect","floor":33,"turns":4}],"seed_played":"-7425487644188062907","potions_obtained":[{"floor":5.0,"key":"Strength Potion"},{"floor":6.0,"key":"blueLaboratory:BubblePotion"},{"floor":8.0,"key":"Languid Potion"},{"floor":21.0,"key":"DuplicationPotion"},{"floor":21.0,"key":"Ancient Potion"},{"floor":21.0,"key":"blueLaboratory:StoneskinPotion"},{"floor":27.0,"key":"blueLaboratory:FrostheartPotion"},{"floor":29,"key":"LifebloodPotion"}],"is_trial":false,"path_per_floor":["R","E","?","R","M","M","T","M","M","R","?","M","M","$","M","B",null,"R_BF","$","M","?","M","?","T","$","R","NM","M","M","$","?","M","B"],"character_chosen":"THE_SERVANT","items_purchased":["Chemical X","BottledTime","Alleviate","Defy","DualDimension","MerchantsRug","BargainBundle","Gremlin Food"],"campfire_rested":2,"item_purchase_floors":[14,14,19,19,25,25,25,30],"current_hp_per_floor":[65,22,22,41,41,33,33,33,17,36,36,30,18,18,18,6,65,65,65,51,51,51,43,43,48,48,22,23,21,11,11,16,0,0],"gold":247,"neow_bonus":"THREE_CARDS","is_daily":false,"chose_seed":false,"campfire_upgraded":2,"win_rate":0.0,"timestamp":1608523046,"path_taken":["R","E","?","R","M","M","T","M","M","R","?","M","M","$","M","BOSS","R_BF","?","?","?","?","?","T","$","R","NM","M","M","?","?","M","BOSS"],"items_purchased_type":["Relic","Card","Card","Card","Card","Relic","Relic","Relic"],"build_version":"2020-12-13","purchased_purges":0,"victory":false,"max_hp_per_floor":[65,65,65,65,65,65,65,65,65,65,65,65,65,65,65,65,65,65,65,65,65,65,65,65,65,65,65,65,65,65,65,65,65,65],"card_choices":[{"not_picked":["MoonPhase","TimeWarp"],"picked":"Gouge","floor":0.0},{"not_picked":["ReturningBlade","Defy"],"picked":"Foresight","floor":2.0},{"not_picked":["expansioncontent:SuperHexaguard","expansioncontent:YouAreMine"],"picked":"Trip","floor":3.0},{"not_picked":["Rewind","Spin"],"picked":"Alleviate","floor":5.0},{"not_picked":["Advance","Rewind"],"picked":"SoulSculpture","floor":6.0},{"not_picked":["Rewind","FastForward"],"picked":"Gouge","floor":8.0},{"not_picked":["Defy","RealityMarble"],"picked":"SilverBlades","floor":9.0},{"not_picked":["Defy","Potential"],"picked":"StarChef","floor":12.0},{"not_picked":["Alleviate","Starlight"],"picked":"MurderousAura","floor":13.0},{"not_picked":["ReturningBlade","Replace"],"picked":"Ricochet","floor":14.0},{"not_picked":["DoubleEdge","Starlight"],"picked":"Misdirection","floor":15.0},{"not_picked":["ForgedInTime","Solidify"],"picked":"PendulumOfEternity","floor":16.0},{"not_picked":["ShiftingGears","WasteNot+1"],"picked":"SpecialFormula","floor":19.0},{"not_picked":["FastForward","Desolation+1"],"picked":"FanOfKnives","floor":20.0},{"not_picked":["Reset","Ricochet"],"picked":"SpecialFormula","floor":22.0},{"not_picked":["ShatteredReality","Collapse+1"],"picked":"Luminosity","floor":25.0},{"not_picked":["Rewind","Spin"],"picked":"Revamp+1","floor":27.0},{"not_picked":["Rearm","Unruled"],"picked":"Moonlight","floor":28},{"not_picked":["Defy","ShatteredReality"],"picked":"Potential","floor":29},{"not_picked":["TimeWarp","Foresight"],"picked":"Solidify","floor":32}],"player_experience":281831,"relics_obtained":[{"floor":2.0,"key":"Vajra"},{"floor":7.0,"key":"Pen Nib"},{"floor":23.0,"key":"Mirror"},{"floor":24.0,"key":"Grinning Jar"},{"floor":27.0,"key":"MiniBlackHole"}],"event_choices":[{"damage_healed":0.0,"max_hp_gain":0.0,"max_hp_loss":0.0,"gold_gain":1.0,"event_name":"betterStone:BetterStone","player_choice":"1","floor":3.0,"gold_loss":0.0,"damage_taken":0.0},{"damage_healed":0.0,"max_hp_gain":0.0,"max_hp_loss":0.0,"gold_gain":0.0,"cards_transformed":["Strike_S"],"event_name":"Transmorgrifier","player_choice":"Transformed","floor":11.0,"gold_loss":0.0,"damage_taken":0.0,"cards_obtained":["Dilation"]},{"damage_healed":0.0,"max_hp_gain":0.0,"max_hp_loss":0.0,"gold_gain":0.0,"event_name":"Lab","player_choice":"Got Potions","floor":21.0,"gold_loss":0.0,"damage_taken":0.0}],"is_beta":false,"boss_relics":[{"not_picked":["beaked:MawFillet","hubris:BlackHole"],"picked":"MysterySword"}],"items_purged_floors":[],"is_endless":false,"potions_floor_spawned":[5,6,8,12,15,22,23,27,29],"killed_by":"downfall:Defect","ascension_level":0}}