{"host":"6wux4armhsntp4yb","time":1608567614,"event":{"mods":["BaseMod","Colored Map","DeckTracker","Minty Spire (QoL Compilation)","Relic Stats"],"gold_per_floor":[110,110,128,100,117,133,133,150,150,150,167,200,217,217,217,289,289,303,303,9,9,20,20,45,45,70,81,99,119,119,145,145,224,224,236,250,250,250,270,300,300,51,78,109,109,142,161,17,17,17,17,17,17,17,50,50],"floor_reached":57,"playtime":5263,"items_purged":["Strike_G","Sucker Punch"],"score":2939,"play_id":"6439301c-260c-4c52-9756-14ccc320331b","local_time":"20201222012014","is_ascension_mode":true,"campfire_choices":[{"data":"Neutralize","floor":7.0,"key":"SMITH"},{"data":"Sucker Punch","floor":10.0,"key":"SMITH"},{"data":"Prepared","floor":15.0,"key":"SMITH"},{"data":"Wraith Form v2","floor":23.0,"key":"SMITH"},{"data":"Wraith Form v2","floor":25.0,"key":"SMITH"},{"data":"Calculated Gamble","floor":32.0,"key":"SMITH"},{"data":"Concentrate","floor":41.0,"key":"SMITH"},{"data":"Bullet Time","floor":45.0,"key":"SMITH"},{"floor":49.0,"key":"RECALL"},{"data":"Calculated Gamble","floor":53,"key":"SMITH"}],"circlet_count":0,"master_deck":["AscendersBane","Survivor","Neutralize+1","Dagger Spray","Slice","Backflip","Endless Agony","Sucker Punch+1","Prepared+1","Bullet Time+1","Reflex","Wraith Form v2+1","PiercingWail","Wraith Form v2+1","Calculated Gamble+1","Predator","PiercingWail","Acrobatics+1","Eviscerate","Storm of Steel","Bullet Time+1","Acrobatics","Flechettes","Phantasmal Killer","Footwork","Underhanded Strike","Malaise","Infinite Blades","Concentrate+1","Calculated Gamble+1","Trip","Finesse","Calculated Gamble","Cloak And Dagger+1","Panacea+1","Cloak And Dagger+1","Secret Technique+1","Prepared+1","Reflex+1","Tactician+1","Enlightenment+1","Cloak And Dagger+1"],"relics":["Ring of the Snake","NeowsBlessing","Happy Flower","White Beast Statue","Shuriken","SacredBark","Membership Card","Centennial Puzzle","Mummified Hand","Bag of Marbles","Kunai","Pandora\u0027s Box","Toxic Egg 2","TheAbacus","Vajra","Ginger","InkBottle"],"acts_visited":["Exordium","TheCity","TheBeyond","TheEnding"],"potions_floor_usage":[50,56],"damage_taken":[{"damage":0.0,"enemies":"Cultist","floor":1.0,"turns":1.0},{"damage":0.0,"enemies":"Jaw Worm","floor":3.0,"turns":1.0},{"damage":0.0,"enemies":"2 Louse","floor":5.0,"turns":1.0},{"damage":0.0,"enemies":"Exordium Wildlife","floor":6.0,"turns":3.0},{"damage":0.0,"enemies":"Gremlin Gang","floor":8.0,"turns":5.0},{"damage":0.0,"enemies":"Blue Slaver","floor":11.0,"turns":3.0},{"damage":10.0,"enemies":"Lagavulin","floor":12.0,"turns":6.0},{"damage":0.0,"enemies":"2 Fungi Beasts","floor":13.0,"turns":2.0},{"damage":42.0,"enemies":"Hexaghost","floor":16.0,"turns":12.0},{"damage":21.0,"enemies":"Chosen","floor":18.0,"turns":6.0},{"damage":37.0,"enemies":"Shell Parasite","floor":22.0,"turns":9.0},{"damage":4.0,"enemies":"Gremlin Leader","floor":24.0,"turns":6.0},{"damage":8.0,"enemies":"Sentry and Sphere","floor":27.0,"turns":8.0},{"damage":7.0,"enemies":"Snake Plant","floor":28.0,"turns":7.0},{"damage":3.0,"enemies":"3 Cultists","floor":29.0,"turns":5.0},{"damage":2.0,"enemies":"Slavers","floor":31.0,"turns":3.0},{"damage":12.0,"enemies":"Automaton","floor":33.0,"turns":11.0},{"damage":0.0,"enemies":"Orb Walker","floor":35.0,"turns":3.0},{"damage":0.0,"enemies":"3 Shapes","floor":36.0,"turns":2.0},{"damage":1.0,"enemies":"Maw","floor":39.0,"turns":4.0},{"damage":0.0,"enemies":"Reptomancer","floor":40.0,"turns":4.0},{"damage":0.0,"enemies":"Giant Head","floor":44.0,"turns":5.0},{"damage":0.0,"enemies":"Reptomancer","floor":46.0,"turns":5.0},{"damage":1.0,"enemies":"Writhing Mass","floor":47.0,"turns":4.0},{"damage":4,"enemies":"Awakened One","floor":50,"turns":9},{"damage":22,"enemies":"Donu and Deca","floor":51,"turns":7},{"damage":1,"enemies":"Shield and Spear","floor":55,"turns":4},{"damage":40,"enemies":"The Heart","floor":56,"turns":6}],"seed_played":"8575587984895126739","potions_obtained":[{"floor":3.0,"key":"Strength Potion"},{"floor":5.0,"key":"CunningPotion"},{"floor":11.0,"key":"DistilledChaos"},{"floor":12.0,"key":"FairyPotion"},{"floor":13.0,"key":"Fire Potion"},{"floor":16.0,"key":"Regen Potion"},{"floor":18.0,"key":"Poison Potion"},{"floor":22.0,"key":"Fire Potion"},{"floor":24.0,"key":"Explosive Potion"},{"floor":27.0,"key":"Fire Potion"},{"floor":28.0,"key":"Fire Potion"},{"floor":29.0,"key":"Strength Potion"},{"floor":31.0,"key":"DistilledChaos"},{"floor":33.0,"key":"GhostInAJar"},{"floor":35.0,"key":"LiquidBronze"},{"floor":36.0,"key":"Explosive Potion"},{"floor":39.0,"key":"Swift Potion"},{"floor":40.0,"key":"Weak Potion"},{"floor":44.0,"key":"GhostInAJar"},{"floor":46.0,"key":"Ancient Potion"},{"floor":47.0,"key":"Fruit Juice"},{"floor":55,"key":"SkillPotion"}],"is_trial":false,"path_per_floor":["M","T","M","$","M","M","R","M","T","R","M","E","M","?","R","B",null,"M","?","$","?","M","R","E","R","T","M","M","M","?","E","R","B",null,"M","M","?","?","M","E","R","$","T","E","R","E","M","$","R","B","B",null,"R","$","E","B",null],"character_chosen":"THE_SILENT","items_purchased":["Backflip","Membership Card","Centennial Puzzle","Panacea+1","Cloak And Dagger+1","Secret Technique+1","TheAbacus","Tactician+1","Enlightenment+1"],"campfire_rested":0,"item_purchase_floors":[4,20,20,42,42,42,42,48,48],"current_hp_per_floor":[59,59,59,59,59,59,59,59,59,59,59,49,49,49,49,7,51,30,30,30,30,45,45,41,41,41,33,26,23,23,21,21,9,52,52,52,52,42,41,41,41,41,41,41,41,41,50,50,50,46,24,63,63,63,62,22],"gold":50,"neow_bonus":"THREE_ENEMY_KILL","is_daily":false,"chose_seed":false,"campfire_upgraded":9,"win_rate":0.0,"timestamp":1608567614,"path_taken":["M","?","M","$","M","M","R","M","T","R","?","E","M","?","R","BOSS","M","?","$","?","M","R","E","R","T","M","?","M","?","E","R","BOSS","M","M","?","?","M","E","R","$","T","E","R","E","M","$","R","BOSS","BOSS","R","$","E","BOSS"],"items_purchased_type":["Card","Relic","Relic","Card","Card","Card","Relic","Card","Card"],"build_version":"2020-12-13","purchased_purges":2,"victory":true,"max_hp_per_floor":[66,66,66,66,66,66,66,66,66,66,66,66,66,66,66,66,66,66,66,66,66,66,66,66,66,66,66,66,66,66,66,66,66,66,66,66,66,66,66,66,66,66,66,66,66,66,76,76,76,76,76,76,76,76,76,76],"relic_stats":{"Centennial Puzzle":[40],"TheAbacus":[84],"Happy Flower":[47],"counters":[28,142],"Shuriken":[92],"Mummified Hand":[39],"Pandora\u0027s Box":["Bullet Time","Acrobatics","Flechettes","Phantasmal Killer","Footwork","Underhanded Strike","Malaise","Sucker Punch","Infinite Blades"],"Kunai":[67],"Ginger":[2],"obtain_stats":[{"NeowsBlessing":0,"Happy Flower":2,"SacredBark":17,"Vajra":44,"Ginger":46,"White Beast Statue":9,"Centennial Puzzle":20,"TheAbacus":42,"Shuriken":12,"Mummified Hand":24,"Pandora\u0027s Box":34,"Bag of Marbles":26,"Membership Card":20,"Kunai":31,"Toxic Egg 2":40,"InkBottle":55,"Ring of the Snake":0},{"NeowsBlessing":0,"Happy Flower":1,"SacredBark":9,"Vajra":22,"Ginger":23,"White Beast Statue":5,"Centennial Puzzle":10,"TheAbacus":21,"Shuriken":7,"Mummified Hand":12,"Pandora\u0027s Box":17,"Bag of Marbles":12,"Membership Card":10,"Kunai":16,"Toxic Egg 2":21,"InkBottle":27,"Ring of the Snake":0},{"NeowsBlessing":0,"Happy Flower":1,"SacredBark":34,"Vajra":107,"Ginger":112,"White Beast Statue":11,"Centennial Puzzle":40,"TheAbacus":102,"Shuriken":20,"Mummified Hand":55,"Pandora\u0027s Box":89,"Bag of Marbles":55,"Membership Card":40,"Kunai":78,"Toxic Egg 2":102,"InkBottle":136,"Ring of the Snake":0}],"InkBottle":[9],"Ring of the Snake":[58]},"card_choices":[{"not_picked":["Backflip","Outmaneuver"],"picked":"Dagger Spray","floor":1.0},{"not_picked":["Distraction","Deflect"],"picked":"Slice","floor":3.0},{"not_picked":["Flying Knee","Deflect"],"picked":"Endless Agony","floor":5.0},{"not_picked":["Underhanded Strike","Poisoned Stab","Accuracy"],"picked":"SKIP","floor":6.0},{"not_picked":["Setup","Deflect"],"picked":"Sucker Punch","floor":8.0},{"not_picked":["Sucker Punch","Tactician"],"picked":"Prepared","floor":11.0},{"not_picked":["Heel Hook","Caltrops"],"picked":"Bullet Time","floor":12.0},{"not_picked":["Dagger Spray","Deflect"],"picked":"Reflex","floor":13.0},{"not_picked":["Unload","Bullet Time"],"picked":"Wraith Form v2","floor":16.0},{"not_picked":["Skewer","Catalyst"],"picked":"PiercingWail","floor":18.0},{"not_picked":["Tactician","Footwork"],"picked":"Calculated Gamble","floor":22.0},{"not_picked":["Bouncing Flask","Well Laid Plans"],"picked":"Predator","floor":24.0},{"not_picked":["Dodge and Roll","Flying Knee"],"picked":"PiercingWail","floor":27.0},{"not_picked":["Crippling Poison","Predator"],"picked":"Acrobatics+1","floor":28.0},{"not_picked":["Flying Knee","Accuracy"],"picked":"Eviscerate","floor":29.0},{"not_picked":["Outmaneuver","Expertise","Bouncing Flask"],"picked":"SKIP","floor":31.0},{"not_picked":["Phantasmal Killer","Glass Knife"],"picked":"Storm of Steel","floor":33.0},{"not_picked":["Outmaneuver","PiercingWail"],"picked":"Concentrate","floor":35.0},{"not_picked":["Setup","Flechettes"],"picked":"Calculated Gamble","floor":36.0},{"not_picked":["Swift Strike","Finesse"],"picked":"Trip","floor":38.0},{"not_picked":["Discovery","The Bomb"],"picked":"Finesse","floor":38.0},{"not_picked":["Acrobatics","Flying Knee"],"picked":"Calculated Gamble","floor":39.0},{"not_picked":["Sucker Punch","Poisoned Stab"],"picked":"Cloak And Dagger+1","floor":40.0},{"not_picked":["Eviscerate","Blade Dance+1"],"picked":"Prepared+1","floor":44.0},{"not_picked":["Deflect+1","Quick Slash+1","Deadly Poison+1"],"picked":"SKIP","floor":46.0},{"not_picked":["Tools of the Trade","Sucker Punch"],"picked":"Reflex+1","floor":47.0},{"not_picked":["Underhanded Strike","Dagger Throw"],"picked":"Cloak And Dagger+1","floor":55}],"player_experience":5674477,"relics_obtained":[{"floor":2.0,"key":"Happy Flower"},{"floor":9.0,"key":"White Beast Statue"},{"floor":12.0,"key":"Shuriken"},{"floor":24.0,"key":"Mummified Hand"},{"floor":26.0,"key":"Bag of Marbles"},{"floor":31.0,"key":"Kunai"},{"floor":40.0,"key":"Toxic Egg 2"},{"floor":44.0,"key":"Vajra"},{"floor":46.0,"key":"Ginger"},{"floor":55,"key":"InkBottle"}],"event_choices":[{"damage_healed":0.0,"max_hp_gain":0.0,"max_hp_loss":0.0,"gold_gain":0.0,"event_name":"Living Wall","player_choice":"Grow","floor":14.0,"gold_loss":0.0,"damage_taken":0.0,"cards_upgraded":["Bullet Time"]},{"damage_healed":0.0,"max_hp_gain":0.0,"max_hp_loss":0.0,"gold_gain":0.0,"event_name":"Cursed Tome","player_choice":"Ignored","floor":19.0,"gold_loss":0.0,"damage_taken":0.0},{"damage_healed":0.0,"max_hp_gain":0.0,"max_hp_loss":0.0,"gold_gain":0.0,"event_name":"Duplicator","player_choice":"Copied","floor":21.0,"gold_loss":0.0,"damage_taken":0.0,"cards_obtained":["Wraith Form v2"]},{"damage_healed":0.0,"max_hp_gain":0.0,"max_hp_loss":0.0,"gold_gain":0.0,"event_name":"Vampires","player_choice":"Ignored","floor":30.0,"gold_loss":0.0,"damage_taken":0.0},{"damage_healed":0.0,"max_hp_gain":0.0,"max_hp_loss":0.0,"gold_gain":0.0,"event_name":"Tomb of Lord Red Mask","player_choice":"Ignored","floor":37.0,"gold_loss":0.0,"damage_taken":0.0},{"damage_healed":0.0,"max_hp_gain":0.0,"max_hp_loss":0.0,"gold_gain":0.0,"event_name":"SensoryStone","player_choice":"Memory 3","floor":38.0,"gold_loss":0.0,"damage_taken":10.0}],"is_beta":false,"boss_relics":[{"not_picked":["Sozu","HoveringKite"],"picked":"SacredBark"},{"not_picked":["WristBlade","Velvet Choker"],"picked":"Pandora\u0027s Box"}],"items_purged_floors":[20,48],"is_endless":false,"potions_floor_spawned":[3,5,6,11,12,13,16,18,22,24,27,28,29,31,33,35,36,39,40,44,46,47,55],"ascension_level":20}}