{"host":"s8k08j4eybfen9r6","time":1608554714,"event":{"mods":["Ascension Reborn","Aspiration","BaseMod","Better Altar","Better Match","Better Note","Better Sensory Stone","Better Skull","Better Third Choice","BetterRewards","Downfall","Hubris","Minty Spire (QoL Compilation)","MostiFishMod","Rare Cards Sparkle","Reworked Bosses","Shade Mod","Shop Mod","Spicy Shops","StSLib","The Alterego","The Animator","The Cursed"],"gold_per_floor":[122,142,155,155,183,211,211,228,228,228,239,267,267,294,294,389,389,414,414,438,438,10,10,48,66,66,397,408,408,13,13,13,114,114,133,0,0,0,0,41,55,22,22,22,22,22,48,76,76,84],"floor_reached":51,"playtime":4354,"items_purged":["animator:DolaSchwi"],"score":905,"play_id":"b185ab68-65c0-4c47-9d72-43ba03814258","local_time":"20201221224514","is_ascension_mode":true,"campfire_choices":[{"floor":7.0,"key":"REST"},{"data":"animator:Shiro","floor":29,"key":"SMITH"},{"floor":32,"key":"RECALL"},{"data":"hubris:DuctTapeCard","floor":44,"key":"SMITH"},{"data":"animator:Ainz","floor":46,"key":"SMITH"},{"data":"animator:HigakiRinne","floor":49,"key":"SMITH"}],"circlet_count":0,"master_deck":["animator:Kazuma","animator:Aqua","animator:Mitsuba","animator:NarberalGamma","animator:Arpeggio","animator:HarukoHaruhara","animator:Archer","animator:Rider","animator:Shinoa","animator:Megumin+11","Parasite","animator:FielNirvalen","animator:Shiro+1","MostiFishMod:Neptune","MostiFishMod:TheEndOfMoonlight","MostiFishMod:SparklingWater","MostiFishMod:FantasySummer","MostiFishMod:NightSea","animator:CrowleyEusford","animator:Darkness","animator:Verdia","animator:Yuuichirou","animator:Illya+1","Pain","animator:DwarfShaman","animator:Ainz+1","animator:SakuraMatou","animator:Yuuichirou","animator:RoyMustang","animator:Mitsuba","animator:Chris","animator:Laby","animator:Cocytus","animator:HigakiRinne+1","hubris:DuctTapeCard+2","animator:EmiyaShirou+1","animator:Caster","animator:MaesHughes+1"],"relics":["animator:LivingPicture","animator:TheMissingPiece","DaveBox","animator:PurgingStone","NeowsBlessing","Question Card","aspiration:ArtOfWarUpgrade","Blue Candle","Smiling Mask","hubris:CrystalStatue","ImportantClient","MoonlightInvasionPlan","hubris:Icosahedron","Singing Bowl","Matryoshka","Dream Catcher","Bag of Preparation","Ancient Tea Set","Old Coin","Red Skull","Membership Card","animator:Buoy","HornCleat","betterThird:NestCultRelic","Pandora\u0027s Box","Red Mask","hubris:DuctTape","animator:WornHelmet","Oddly Smooth Stone","animator:BattleDrones"],"acts_visited":["Exordium","TheCity","TheBeyond"],"potions_floor_usage":[24,27,50,50],"damage_taken":[{"damage":0.0,"enemies":"Cultist","floor":1.0,"turns":1.0},{"damage":0.0,"enemies":"Small Slimes","floor":2.0,"turns":1.0},{"damage":0.0,"enemies":"Jaw Worm","floor":3.0,"turns":1.0},{"damage":7.0,"enemies":"Red Slaver","floor":5.0,"turns":5.0},{"damage":47.0,"enemies":"Gremlin Nob","floor":6.0,"turns":6.0},{"damage":11.0,"enemies":"Exordium Wildlife","floor":8.0,"turns":5.0},{"damage":0.0,"enemies":"2 Fungi Beasts","floor":11.0,"turns":4.0},{"damage":22.0,"enemies":"3 Sentries","floor":12.0,"turns":8.0},{"damage":5.0,"enemies":"Blue Slaver","floor":14.0,"turns":4.0},{"damage":4.0,"enemies":"The Guardian","floor":16.0,"turns":9.0},{"damage":13,"enemies":"3 Byrds","floor":18,"turns":6},{"damage":0,"enemies":"Spheric Guardian","floor":20,"turns":2},{"damage":43,"enemies":"Slavers","floor":24,"turns":7},{"damage":19,"enemies":"Shelled Parasite and Fungi","floor":25,"turns":5},{"damage":3,"enemies":"animator:HornedBat","floor":27,"turns":2},{"damage":3,"enemies":"Cultist and Chosen","floor":28,"turns":6},{"damage":0,"enemies":"bossMod:newChamp","floor":33,"turns":9},{"damage":15,"enemies":"3 Darklings","floor":35,"turns":3},{"damage":30,"enemies":"Giant Head","floor":40,"turns":7},{"damage":12,"enemies":"3 Shapes","floor":41,"turns":3},{"damage":0,"enemies":"Sphere and 2 Shapes","floor":42,"turns":2},{"damage":0,"enemies":"Maw","floor":47,"turns":8},{"damage":0,"enemies":"Reptomancer","floor":48,"turns":4},{"damage":1,"enemies":"bossMod:newAwakened","floor":50,"turns":13}],"seed_played":"658654518458647416","potions_obtained":[{"floor":2.0,"key":"SteroidPotion"},{"floor":3.0,"key":"EntropicBrew"},{"floor":6.0,"key":"AttackPotion"},{"floor":12.0,"key":"Fire Potion"},{"floor":20,"key":"Regen Potion"},{"floor":24,"key":"Explosive Potion"},{"floor":33,"key":"PowerPotion"},{"floor":42,"key":"BlessingOfTheForge"}],"is_trial":false,"path_per_floor":["M","M","M","?","M","E","R","M","T","?","M","E","?","M","R","B",null,"M","?","M","?","$","R","E","M","T","E","M","R","$","?","R","B",null,"M","?","?","?","$","E","M","M","T","R","$","R","M","E","R","B",null],"character_chosen":"THE_ANIMATOR","items_purchased":["animator:Berserker","Singing Bowl","Matryoshka","animator:Darkness","Red Skull","Membership Card","animator:Buoy","HornCleat","animator:DwarfShaman"],"campfire_rested":1,"item_purchase_floors":[22,22,22,22,30,30,30,30,30],"current_hp_per_floor":[66,66,66,66,60,15,34,25,25,22,25,6,23,20,20,19,69,57,57,57,57,57,57,30,15,15,15,14,14,14,14,14,16,72,57,57,48,48,48,22,10,12,12,12,12,12,14,16,16,17],"gold":84,"neow_bonus":"THREE_ENEMY_KILL","is_daily":false,"chose_seed":false,"campfire_upgraded":4,"win_rate":0.0,"timestamp":1608554714,"path_taken":["M","?","M","?","M","E","R","M","T","?","M","E","?","M","R","BOSS","M","?","M","?","$","R","E","M","T","E","M","R","$","?","R","BOSS","M","?","?","?","?","E","M","M","T","R","$","R","M","E","R","BOSS"],"items_purchased_type":["Card","Relic","Relic","Card","Relic","Relic","Relic","Relic","Card"],"build_version":"2020-12-13","purchased_purges":1,"victory":true,"max_hp_per_floor":[66,66,66,66,66,66,66,66,66,66,67,68,68,68,68,69,69,69,69,69,69,69,69,69,71,71,72,72,72,72,72,72,72,72,72,72,72,72,72,74,74,76,76,76,76,76,76,76,76,76],"card_choices":[{"not_picked":["animator:LizardPriest","animator:Witch"],"picked":"animator:Mitsuba","floor":1.0},{"not_picked":["animator:ElricEdward","animator:HighElfArcher","animator:Chung"],"picked":"animator:NarberalGamma","floor":2.0},{"not_picked":["animator:Ciel","animator:RoyMustang","animator:Shigure"],"picked":"animator:Arpeggio","floor":3.0},{"not_picked":["animator:Magilou","animator:Cirno","animator:Shimakaze"],"picked":"animator:HarukoHaruhara","floor":4.0},{"not_picked":["animator:Kazuma","animator:Chris","animator:Darkness"],"picked":"animator:Hans","floor":5.0},{"not_picked":["animator:Ciel","animator:GuildGirl","animator:Raven"],"picked":"animator:Archer","floor":6.0},{"not_picked":["animator:Jibril","animator:Alexander","animator:Bozes"],"picked":"animator:Rider","floor":8.0},{"not_picked":["animator:Bozes","animator:Rider","animator:Assassin"],"picked":"animator:Shinoa","floor":11.0},{"not_picked":["animator:Vanir","animator:Verdia","animator:YunYun"],"picked":"animator:Megumin","floor":12.0},{"not_picked":["animator:Verdia","animator:Priestess","animator:Chung"],"picked":"animator:FielNirvalen","floor":14.0},{"not_picked":["animator:Gilgamesh","animator:Albedo","animator:ItamiYouji"],"picked":"animator:Shiro","floor":16.0},{"not_picked":["animator:YaoHaDucy+1","animator:IzunaHatsuse","animator:ChlammyZell"],"picked":"animator:DolaSchwi","floor":18},{"not_picked":["animator:Shinoa","animator:ElricEdward","animator:Priestess"],"picked":"animator:CrowleyEusford","floor":20},{"not_picked":["animator:Kazuma","animator:Mitsurugi","animator:YunYun"],"picked":"animator:Verdia","floor":24},{"not_picked":["animator:Vanir","animator:DolaCouronne","animator:Shinoa","animator:Rider"],"picked":"Singing Bowl","floor":25},{"not_picked":["animator:Demiurge+1","animator:ShinjiMatou+1","animator:Tet"],"picked":"animator:Yuuichirou","floor":27},{"not_picked":["animator:Sloth","animator:Entoma","animator:Ciel"],"picked":"animator:Illya+1","floor":28},{"not_picked":["animator:GoblinSlayer","animator:Father","animator:SwordMaiden"],"picked":"animator:Ainz","floor":33},{"not_picked":["animator:Demiurge","animator:PandorasActor","animator:Entoma"],"picked":"animator:Cocytus","floor":35},{"not_picked":["animator:YunYun+1","animator:Kazuma+1","animator:MaesHughes+1","animator:Vanir+1"],"picked":"Singing Bowl","floor":40},{"not_picked":["animator:Demiurge+1","animator:Chris+1","animator:YaoHaDucy"],"picked":"animator:EmiyaShirou+1","floor":41},{"not_picked":["animator:LeleiLaLalena","animator:Tyuule","animator:Shinoa","animator:Mitsuba"],"picked":"Singing Bowl","floor":42},{"not_picked":["animator:RinTohsaka","animator:Illya","animator:Rider"],"picked":"animator:Caster","floor":47},{"not_picked":["animator:NarberalGamma","animator:Shigure","animator:Assassin"],"picked":"animator:MaesHughes+1","floor":48}],"player_experience":362721,"relics_obtained":[{"floor":1.0,"key":"Question Card"},{"floor":6.0,"key":"Art of War"},{"floor":9.0,"key":"Blue Candle"},{"floor":12.0,"key":"hubris:CrystalStatue"},{"floor":16.0,"key":"ImportantClient"},{"floor":24,"key":"Dream Catcher"},{"floor":26,"key":"Bag of Preparation"},{"floor":26,"key":"Ancient Tea Set"},{"floor":27,"key":"Old Coin"},{"floor":40,"key":"hubris:DuctTape"},{"floor":43,"key":"animator:WornHelmet"},{"floor":43,"key":"Oddly Smooth Stone"},{"floor":48,"key":"animator:BattleDrones"}],"event_choices":[{"damage_healed":0.0,"max_hp_gain":0.0,"max_hp_loss":0.0,"gold_gain":1.0,"event_name":"betterStone:BetterStone","player_choice":"1","floor":4.0,"gold_loss":0.0,"damage_taken":0.0},{"damage_healed":0.0,"max_hp_gain":0.0,"max_hp_loss":0.0,"gold_gain":0.0,"event_name":"betterThird:BetterScrap","player_choice":"Relic ","floor":10.0,"gold_loss":0.0,"damage_taken":3.0,"cards_obtained":["Reckless Charge"]},{"damage_healed":17.0,"max_hp_gain":0.0,"max_hp_loss":0.0,"gold_gain":0.0,"event_name":"Mushrooms","player_choice":"Healed and dodged fight","floor":13.0,"gold_loss":0.0,"damage_taken":0.0,"cards_obtained":["Parasite"]},{"damage_healed":0,"gold_gain":0,"player_choice":"Ignored","damage_taken":0,"max_hp_gain":0,"max_hp_loss":0,"event_name":"betterNote:BetterNote","floor":19,"gold_loss":0,"cards_obtained":["Echo Form"]},{"damage_healed":0,"gold_gain":0,"player_choice":"Madness","damage_taken":0,"relics_obtained":["betterThird:NestCultRelic"],"max_hp_gain":0,"max_hp_loss":0,"event_name":"betterThird:BetterNest","floor":31,"gold_loss":0},{"damage_healed":0,"gold_gain":0,"player_choice":"Paid","damage_taken":0,"relics_obtained":["Red Mask"],"max_hp_gain":0,"max_hp_loss":0,"event_name":"Tomb of Lord Red Mask","floor":36,"gold_loss":133},{"damage_healed":0,"gold_gain":0,"player_choice":"Embrace Madness","damage_taken":9,"max_hp_gain":0,"max_hp_loss":0,"event_name":"Winding Halls","floor":37,"gold_loss":0,"cards_obtained":["animator:HigakiRinne"]},{"cards_removed":["animator:Archer"],"damage_healed":0,"gold_gain":0,"player_choice":"Removed Power","damage_taken":0,"max_hp_gain":0,"max_hp_loss":0,"event_name":"Falling","floor":38,"gold_loss":0}],"is_beta":false,"boss_relics":[{"not_picked":["Philosopher\u0027s Stone","BloodWine"],"picked":"MoonlightInvasionPlan"},{"not_picked":["SacredBark","aspiration:RunicSpoon"],"picked":"Pandora\u0027s Box"}],"items_purged_floors":[30],"is_endless":false,"potions_floor_spawned":[2,3,6,12,20,24,25,28,33,42,47],"ascension_level":0}}