{"host":"9l1t8qfvjw8023k6","time":1608520573,"event":{"mods":["AchievementEnabler","Aspiration","BaseMod","Conspire","Defuse TimeMaze Blight","Energized Spire","GungeonMod","Hubris","Infinite Spire","Jedi Mod","Lobotomy","Minty Spire (QoL Compilation)","Quick Restart","Replay The Spire","Shop Mod","StSLib","The Animator","The Bug Knight","The Construct","The Jungle","The Runesmith","The Servant 0.9.4"],"gold_per_floor":[119,119,135,12,12,45,45,45,126,126,126,152,152,38,38,115,115,126,126,10,30,44,44,44,44,44,56,56,88,88,88,88,164,164,184,200,200,200,214,214,214,214,214,214,214,25,58,82,82,82,82,82],"floor_reached":51,"playtime":1978,"items_purged":["Compile Driver","Melter"],"score":1411,"play_id":"0dcd4eff-ac2c-4ed6-8a5d-aa7a7b3aba1f","local_time":"20201220201613","daily_mods":["Draft","Vintage","Heirloom","Time Dilation","Flight","DeadlyEvents","Elite Swarm"],"is_ascension_mode":true,"campfire_choices":[{"floor":7,"key":"REST"},{"data":"White Noise","floor":8,"key":"SMITH"},{"data":"Storm","floor":10,"key":"SMITH"},{"data":"Electrodynamics","floor":11,"key":"SMITH"},{"data":"White Noise","floor":13,"key":"SMITH"},{"floor":15,"key":"REST"},{"floor":23,"key":"REST"},{"floor":24,"key":"REST"},{"floor":28,"key":"REST"},{"data":"infinitespire:NeuralNetwork","floor":30,"key":"SMITH"},{"floor":32,"key":"REST"},{"data":"Barrage","floor":40,"key":"SMITH"},{"data":"Buffer","floor":42,"key":"SMITH"},{"data":"Capacitor","floor":44,"key":"SMITH"},{"data":"Capacitor","floor":45,"key":"SMITH"}],"circlet_count":0,"master_deck":["AscendersBane","BasicCrystalCard","Beam Cell","Sweeping Beam","Rebound","White Noise+1","Beam Cell","Storm+1","BasicCrystalCard","Barrage+1","Doom and Gloom","Coolheaded+1","Sweeping Beam","Sweeping Beam","Capacitor+1","White Noise+1","Electrodynamics+1","Buffer+1","Electrodynamics","infinitespire:NeuralNetwork+1","Capacitor+1","Electrodynamics","Crystallizer","Creative AI"],"relics":["Unceasing Top","aspiration:HatOfInfinitePower","Runesmith:AutoHammer","hubris:BottledRain","hubris:DeckOfHolding","Ice Cream","Bottled Flame","infinitespire:Bottled Soul","DemoMod:GnawedKey","energizedSpire:UnstableMolecules","infinitespire:Satchel","jedi:matchstick","Vajra","Blue Candle","aspiration:EnhancedActuators","Tiny Chest","Pondfish Scales","Sozu","hubris:MysteriousPyramids","hubris:GlazedTorus","infinitespire:ShieldingShard","Bronze Scales","jedi:ashlotus","infinitespire:EmpoweringShard","Blood Vial","Geode"],"acts_visited":["Exordium","TheCity","TheBeyond"],"potions_floor_usage":[3,6,12,29,51],"damage_taken":[{"damage":15,"enemies":"conspire:RoseBush","floor":1,"turns":1},{"damage":0,"enemies":"Cultist","floor":3,"turns":2},{"damage":38,"enemies":"3 Sentries","floor":6,"turns":4},{"damage":8,"enemies":"Gremlin Nob","floor":12,"turns":3},{"damage":39,"enemies":"Hexaghost","floor":16,"turns":6},{"damage":22,"enemies":"2 Thieves","floor":18,"turns":2},{"damage":0,"enemies":"3 Byrds","floor":21,"turns":1},{"damage":23,"enemies":"Snake Plant","floor":22,"turns":2},{"damage":23,"enemies":"Centurion and Healer","floor":27,"turns":3},{"damage":16,"enemies":"conspire:Head Lice","floor":29,"turns":3},{"damage":37,"enemies":"conspire:MysteriousRune","floor":33,"turns":5},{"damage":11,"enemies":"Orb Walker","floor":35,"turns":2},{"damage":0,"enemies":"3 Darklings","floor":36,"turns":2},{"damage":4,"enemies":"Transient","floor":39,"turns":5},{"damage":0,"enemies":"R_Hoarder","floor":47,"turns":4},{"damage":60,"enemies":"Awakened One","floor":50,"turns":5},{"damage":38,"enemies":"infinitespire:MassOfShapes","floor":51,"turns":1}],"seed_played":"2105827950292562860","potions_obtained":[{"floor":1,"key":"SteroidPotion"},{"floor":2,"key":"Ancient Potion"},{"floor":6,"key":"Fire Potion"},{"floor":22,"key":"FearPotion"},{"floor":29,"key":"FocusPotion"}],"is_trial":true,"path_per_floor":["M","?","M","$","T","E","R","R","T","R","R","E","R","$","R","B",null,"M","AVR","$","M","M","R","R","?","T","M","R","E","R","$","R","B",null,"M","M","T","?","M","R","AVR","R","T","R","R","$","E","T","R","B","B"],"character_chosen":"DEFECT","items_purchased":["Capacitor","White Noise","DemoMod:GnawedKey","Capacitor","Crystallizer"],"campfire_rested":6,"item_purchase_floors":[4,4,14,20,46],"current_hp_per_floor":[49,49,49,49,49,11,32,32,32,32,32,24,24,24,45,6,55,33,33,33,33,10,31,52,52,52,29,50,34,34,34,55,18,58,47,47,47,51,47,47,47,47,47,47,47,47,47,47,68,10,0,0],"gold":82,"neow_bonus":"","is_daily":false,"chose_seed":false,"campfire_upgraded":9,"win_rate":0.0,"timestamp":1608520573,"path_taken":["M","?","?","?","?","E","R","R","T","R","R","?","R","?","R","BOSS","M","AVR","$","?","?","R","R","?","T","?","R","?","R","?","R","BOSS","M","?","?","?","?","R","AVR","R","T","R","R","$","?","?","R","BOSS","BOSS"],"items_purchased_type":["Card","Card","Relic","Card","Card"],"build_version":"2020-12-13","purchased_purges":2,"victory":false,"max_hp_per_floor":[71,71,71,71,71,71,71,71,71,71,71,71,71,71,71,71,71,71,71,71,71,71,71,71,71,71,71,71,71,71,71,71,71,71,71,71,71,71,71,71,71,71,71,71,71,71,71,71,71,71,71,71],"card_choices":[{"not_picked":["Steam","jedi:locknload"],"picked":"BasicCrystalCard","floor":0},{"not_picked":["Scrape","Steam"],"picked":"Beam Cell","floor":0},{"not_picked":["Leap","BootSequence"],"picked":"Sweeping Beam","floor":0},{"not_picked":["Auto Shields","Streamline"],"picked":"Rebound","floor":0},{"not_picked":["Stack","Compile Driver"],"picked":"White Noise","floor":0},{"not_picked":["Lockon","Panic Button"],"picked":"Beam Cell","floor":0},{"not_picked":["Force Field","White Noise"],"picked":"Storm","floor":0},{"not_picked":["Barrage","Panic Button"],"picked":"BasicCrystalCard","floor":0},{"not_picked":["Hologram","Conserve Battery"],"picked":"Compile Driver","floor":0},{"not_picked":["jedi:blockon","Steam"],"picked":"Melter","floor":0},{"not_picked":["Redo","Streamline"],"picked":"Barrage","floor":0},{"not_picked":["Undo","Stack"],"picked":"Doom and Gloom","floor":0},{"not_picked":["Steam","Redo"],"picked":"Coolheaded","floor":0},{"not_picked":["Tempest","Melter"],"picked":"Sweeping Beam","floor":0},{"not_picked":["Hologram","Coolheaded"],"picked":"Sweeping Beam","floor":0},{"not_picked":["ReplayTheSpireMod:Fabricate Wheel","Thunder Strike"],"picked":"Electrodynamics","floor":6},{"not_picked":["jedi:darknesscall","All For One"],"picked":"Buffer","floor":12},{"not_picked":["ReplayTheSpireMod:Fabricate Wheel","Mirror Shield"],"picked":"Electrodynamics","floor":16},{"not_picked":["Hyperbeam","jedi:readyaimfire","Rainbow"],"picked":"SKIP","floor":29},{"not_picked":["Mirror Shield","jedi:gatheringstorm"],"picked":"Electrodynamics","floor":33},{"not_picked":["jedi:bruteforce","Electrodynamics"],"picked":"Creative AI","floor":47}],"player_experience":167335,"relics_obtained":[{"floor":1,"key":"Runesmith:AutoHammer"},{"floor":3,"key":"hubris:BottledRain"},{"floor":5,"key":"hubris:DeckOfHolding"},{"floor":6,"key":"Ice Cream"},{"floor":9,"key":"Bottled Flame"},{"floor":12,"key":"infinitespire:Bottled Soul"},{"floor":18,"key":"infinitespire:Satchel"},{"floor":21,"key":"Vajra"},{"floor":22,"key":"Blue Candle"},{"floor":26,"key":"aspiration:EnhancedActuators"},{"floor":27,"key":"Tiny Chest"},{"floor":29,"key":"Pondfish Scales"},{"floor":35,"key":"hubris:MysteriousPyramids"},{"floor":36,"key":"hubris:GlazedTorus"},{"floor":37,"key":"infinitespire:ShieldingShard"},{"floor":39,"key":"Bronze Scales"},{"floor":43,"key":"infinitespire:EmpoweringShard"},{"floor":47,"key":"Blood Vial"},{"floor":48,"key":"Geode"}],"event_choices":[{"damage_healed":0,"gold_gain":0,"player_choice":"Got Potions","damage_taken":0,"max_hp_gain":0,"max_hp_loss":0,"event_name":"Lab","floor":2,"gold_loss":0},{"damage_healed":0,"gold_gain":0,"player_choice":"Ignored","damage_taken":0,"max_hp_gain":0,"max_hp_loss":0,"event_name":"Vampires","floor":25,"gold_loss":0}],"is_beta":false,"boss_relics":[{"not_picked":["Kintsugi","Runesmith:UraniumAnvil"],"picked":"energizedSpire:UnstableMolecules"},{"not_picked":["energizedSpire:MagnifyingGlass","energizedSpire:HugeHouse"],"picked":"Sozu"}],"items_purged_floors":[20,46],"is_endless":false,"potions_floor_spawned":[1,6,22,29,36,39],"killed_by":"infinitespire:MassOfShapes","ascension_level":20}}