{"host":"vfjw5z5u57sxa51v","time":1608575489,"event":{"mods":["AchievementEnabler","BaseMod","Better Altar","Better Match","Better Note","Better Sensory Stone","Better Skull","Better Third Choice","BetterRewards","CCEM","Clawfect","Colored Map","Conspire","Downfall","GifTheSpireLib","Googly Eyes","Halation","Highlight Path","Hubris","Infinite Spire","Minty Spire (QoL Compilation)","Permanent Neow","Replay The Spire","Shop Mod","Spicy Shops","StSLib","Stuff the Spire","The Jungle"],"gold_per_floor":[99,99,129,147,147,147,147],"floor_reached":5,"playtime":393,"items_purged":[],"score":37,"play_id":"16f1c966-1d29-4950-baf4-51e195b12984","local_time":"20201221193129","is_ascension_mode":false,"campfire_choices":[],"circlet_count":0,"master_deck":["Slimebound:Strike_Slimebound","Slimebound:Strike_Slimebound","Slimebound:Strike_Slimebound","Slimebound:Tackle","Slimebound:Defend_Slimebound","Slimebound:Defend_Slimebound","Slimebound:Defend_Slimebound","Slimebound:Defend_Slimebound","Slimebound:Split","Slimebound:CorrosiveSpit","Madness","Injury","Slimebound:SlimeSpikes","Slimebound:FormOfPuddle"],"relics":["Slimebound:AbsorbEndCombat","Bronze Scales","Ring of Fury","ReplayTheSpireMod:Ring of Collecting","CCEMRelics:DerglesHeadphones"],"acts_visited":["Exordium"],"potions_floor_usage":[],"damage_taken":[{"damage":45,"enemies":"Lagavulin","floor":3,"turns":8},{"damage":9,"enemies":"2 Louse","floor":4,"turns":2},{"damage":15,"enemies":"3 Sentries","floor":5,"turns":4}],"seed_played":"-3471322162887414778","potions_obtained":[{"floor":4,"key":"Strength Potion"}],"is_trial":false,"path_per_floor":["R_BF","?","E","M","E"],"character_chosen":"SLIMEBOUND","items_purchased":[],"campfire_rested":0,"item_purchase_floors":[],"current_hp_per_floor":[42,42,25,20,5,5,5],"gold":147,"neow_bonus":"RANDOM_COLORLESS","is_daily":false,"chose_seed":false,"campfire_upgraded":0,"win_rate":0.0,"timestamp":1608575489,"path_taken":["R_BF","?","E","M","E"],"items_purchased_type":[],"build_version":"2020-12-13","purchased_purges":0,"victory":false,"max_hp_per_floor":[60,60,60,60,60,60,60],"card_choices":[{"not_picked":["Panacea","Replay:SS_forest_5"],"picked":"Madness","floor":0},{"not_picked":["Slimebound:ComboTackle","Slimebound:HauntingLick"],"picked":"Slimebound:SlimeSpikes","floor":3},{"not_picked":["Slimebound:ForwardTackle","Slimebound:FinishingTackle"],"picked":"Slimebound:FormOfPuddle","floor":4}],"player_experience":2286,"relics_obtained":[{"floor":2,"key":"Ring of Fury"},{"floor":2,"key":"ReplayTheSpireMod:Ring of Collecting"},{"floor":3,"key":"CCEMRelics:DerglesHeadphones"}],"event_choices":[{"damage_healed":0,"gold_gain":0,"player_choice":"Success","damage_taken":18,"relics_obtained":["Bronze Scales"],"max_hp_gain":0,"max_hp_loss":0,"event_name":"Scrap Ooze","floor":1,"gold_loss":0}],"is_beta":false,"boss_relics":[],"items_purged_floors":[],"is_endless":false,"potions_floor_spawned":[4],"killed_by":"3 Sentries","ascension_level":0}}