{"host":"sav7uxregyirlf69","time":1608552665,"event":{"mods":["AchievementEnabler","BaseMod","Colored Map","DeckTracker","Keyboard Shortcuts","Minty Spire (QoL Compilation)","READ ME - Guardian Mod","StSLib","SuperFastMode"],"gold_per_floor":[112,128,139,152,152,152,167,167,167,121,121,121,133,151,151,246,246,256,267,366,267,284,284,297,316,316,316,316],"floor_reached":27,"playtime":398,"items_purged":["Clash+1"],"score":209,"play_id":"f963520f-5757-4cee-ab55-967ed44b8481","local_time":"20201221211105","is_ascension_mode":false,"campfire_choices":[{"data":"Perfected Strike","floor":6.0,"key":"SMITH"},{"data":"Clash","floor":8.0,"key":"SMITH"},{"data":"Madness","floor":12.0,"key":"SMITH"},{"data":"Evolve","floor":15.0,"key":"SMITH"},{"floor":23,"key":"REST"}],"circlet_count":0,"master_deck":["Strike_R","Strike_R","Strike_R","Strike_R","Strike_R","Defend_R","Defend_R","Defend_R","Defend_R","Bash","Perfected Strike+1","Twin Strike","Headbutt","Twin Strike","Madness+1","Warcry","Evolve+1","Double Tap","Wild Strike","Wild Strike","Shrug It Off","Twin Strike","Second Wind"],"relics":["Burning Blood"],"acts_visited":["Exordium","TheCity"],"potions_floor_usage":[16,16,25,27],"damage_taken":[{"damage":10.0,"enemies":"Cultist","floor":1.0,"turns":4.0},{"damage":0.0,"enemies":"2 Louse","floor":2.0,"turns":3.0},{"damage":6.0,"enemies":"Jaw Worm","floor":3.0,"turns":2.0},{"damage":31.0,"enemies":"Large Slime","floor":4.0,"turns":4.0},{"damage":8.0,"enemies":"Red Slaver","floor":7.0,"turns":2.0},{"damage":6.0,"enemies":"Exordium Wildlife","floor":13.0,"turns":2.0},{"damage":7.0,"enemies":"Blue Slaver","floor":14.0,"turns":2.0},{"damage":43,"enemies":"Slime Boss","floor":16,"turns":7},{"damage":17,"enemies":"Shell Parasite","floor":18,"turns":4},{"damage":20,"enemies":"2 Thieves","floor":19,"turns":3},{"damage":43,"enemies":"Sentry and Sphere","floor":22,"turns":6},{"damage":37,"enemies":"Snecko","floor":24,"turns":5},{"damage":14,"enemies":"Cultist and Chosen","floor":25,"turns":6},{"damage":15,"enemies":"Centurion and Healer","floor":27,"turns":1}],"seed_played":"-7981176585738372811","potions_obtained":[{"floor":1.0,"key":"AttackPotion"},{"floor":13.0,"key":"Strength Potion"},{"floor":16,"key":"Ancient Potion"},{"floor":18,"key":"LiquidBronze"},{"floor":25,"key":"FearPotion"}],"is_trial":false,"path_per_floor":["M","M","M","M","T","R","M","R","T","$","?","R","M","M","R","B",null,"M","M","?","$","M","R","M","M","T","M"],"character_chosen":"IRONCLAD","items_purchased":["Twin Strike","Shrug It Off"],"campfire_rested":1,"item_purchase_floors":[10,21],"current_hp_per_floor":[84,88,88,63,63,63,61,61,61,61,61,61,61,60,60,23,88,77,63,63,63,26,52,21,13,13,0,0],"gold":316,"neow_bonus":"TEN_PERCENT_HP_BONUS","is_daily":false,"chose_seed":false,"campfire_upgraded":4,"win_rate":0.0,"timestamp":1608552665,"path_taken":["M","M","M","M","?","R","M","R","T","$","?","R","?","M","R","BOSS","M","M","?","$","M","R","M","M","T","M"],"items_purchased_type":["Card","Card"],"build_version":"2020-12-13","purchased_purges":1,"victory":false,"max_hp_per_floor":[88,88,88,88,88,88,88,88,88,88,88,88,88,88,88,88,88,88,88,88,88,88,88,88,88,88,88,88],"card_choices":[{"not_picked":["Dark Embrace","Clothesline"],"picked":"Perfected Strike","floor":1.0},{"not_picked":["Thunderclap","Warcry"],"picked":"Twin Strike","floor":2.0},{"not_picked":["Battle Trance","Shrug It Off"],"picked":"Headbutt","floor":3.0},{"not_picked":["Headbutt","Cleave","Sever Soul"],"picked":"SKIP","floor":4.0},{"not_picked":["Sword Boomerang","Metallicize"],"picked":"Clash","floor":7.0},{"not_picked":["Twin Strike","Heavy Blade"],"picked":"Warcry","floor":13.0},{"not_picked":["Pommel Strike","Fiend Fire"],"picked":"Evolve","floor":14.0},{"not_picked":["Bludgeon","Exhume"],"picked":"Double Tap","floor":16},{"not_picked":["Sever Soul","Fire Breathing+1"],"picked":"Wild Strike","floor":18},{"not_picked":["Warcry","Blood for Blood+1"],"picked":"Wild Strike","floor":19},{"not_picked":["Warcry","Feel No Pain","Spot Weakness"],"picked":"SKIP","floor":22},{"not_picked":["Clash","Flex+1"],"picked":"Twin Strike","floor":24},{"not_picked":["Combust+1","Exhume"],"picked":"Second Wind","floor":25}],"player_experience":981402,"relics_obtained":[],"event_choices":[{"damage_healed":0.0,"max_hp_gain":0.0,"max_hp_loss":0.0,"gold_gain":0.0,"event_name":"Match and Keep!","player_choice":"1 cards matched","floor":11.0,"gold_loss":0.0,"damage_taken":0.0,"cards_obtained":["Madness"]},{"damage_healed":0,"gold_gain":99,"player_choice":"Stole From Cult","damage_taken":0,"max_hp_gain":0,"max_hp_loss":0,"event_name":"Nest","floor":20,"gold_loss":0}],"is_beta":false,"boss_relics":[{"not_picked":["Velvet Choker","Coffee Dripper","Pandora\u0027s Box"]}],"items_purged_floors":[21],"is_endless":false,"potions_floor_spawned":[1,13,16,18,25],"killed_by":"Centurion and Healer","ascension_level":0}}