{"host":"ov7kp8bjf83ind03","time":1608593214,"event":{"mods":["AchievementEnabler","BaseMod","Better Note","Colored Map","Colored Powertips","Downfall","Minty Spire (QoL Compilation)","Permanent Neow","Rare Cards Sparkle","Relic Sorter","Relic Stats","StSLib","everything is the same but u backflip on backflip"],"gold_per_floor":[99,114,130,130,148,161,161,178,210,225,252,252,10,22,34,34,34,34],"floor_reached":16,"playtime":1276,"items_purged":["champ:Strike"],"score":155,"play_id":"031773c5-d80b-42d8-ae14-aa7351aa3b9b","local_time":"20201221182654","is_ascension_mode":true,"campfire_choices":[{"data":"Apotheosis","floor":1.0,"key":"SMITH"},{"floor":12,"key":"RECALL"}],"circlet_count":0,"master_deck":["champ:Strike","champ:Strike","champ:Strike","champ:Defend","champ:Defend","champ:Defend","champ:Defend","champ:Execute","champ:Taunt","Apotheosis+1","champ:StanceDance","champ:PreciseThrust","champ:AdrenalArmor","champ:BerserkerStyle","champ:ArenaPreparation","champ:FocusedBerserking","champ:GladiatorsShout","champ:EndlessRage","champ:Improvising","champ:FanOfKnives","expansioncontent:GuardianWhirl","champ:RageSigil","champ:EnragedBash"],"relics":["champ:ChampionCrown","Smiling Mask","HornCleat","Shuriken"],"acts_visited":["Exordium"],"potions_floor_usage":[15,16,16],"damage_taken":[{"damage":2.0,"enemies":"Small Slimes","floor":2.0,"turns":3.0},{"damage":6.0,"enemies":"2 Louse","floor":3.0,"turns":4.0},{"damage":6.0,"enemies":"Cultist","floor":5.0,"turns":4.0},{"damage":11.0,"enemies":"2 Fungi Beasts","floor":6.0,"turns":4.0},{"damage":28.0,"enemies":"3 Louse","floor":8.0,"turns":4.0},{"damage":35.0,"enemies":"Gremlin Nob","floor":9.0,"turns":5.0},{"damage":27,"enemies":"Blue Slaver","floor":10,"turns":4},{"damage":27,"enemies":"Lagavulin","floor":11,"turns":7},{"damage":27,"enemies":"downfall:FleeingMerchant","floor":13,"turns":4},{"damage":25,"enemies":"Exordium Thugs","floor":14,"turns":3},{"damage":20,"enemies":"Large Slime","floor":15,"turns":5},{"damage":18,"enemies":"downfall:Silent","floor":16,"turns":4}],"seed_played":"-8638684938530897677","potions_obtained":[{"floor":3.0,"key":"sneckomod:MuddlingPotion"},{"floor":5.0,"key":"Dexterity Potion"},{"floor":8.0,"key":"champ:CounterPotion"},{"floor":10,"key":"GamblersBrew"},{"floor":14,"key":"LiquidBronze"}],"is_trial":false,"path_per_floor":["R","M","M","?","M","M","T","M","E","M","E","R","$","M","M","B"],"character_chosen":"THE_CHAMP","items_purchased":["champ:FanOfKnives","expansioncontent:GuardianWhirl","champ:RageSigil"],"campfire_rested":0,"item_purchase_floors":[13,13,13],"current_hp_per_floor":[63,61,61,61,61,57,57,42,28,28,28,28,28,21,15,0,0,0],"gold":34,"neow_bonus":"RANDOM_COLORLESS_2","is_daily":false,"chose_seed":false,"campfire_upgraded":1,"win_rate":0.0,"timestamp":1608593214,"path_taken":["R","M","M","?","M","M","T","M","E","M","E","R","$","M","M","BOSS"],"items_purchased_type":["Card","Card","Card"],"build_version":"2020-12-13","purchased_purges":1,"victory":false,"max_hp_per_floor":[90,90,90,90,90,90,90,90,90,90,90,90,90,90,90,90,90,90],"relic_stats":{"counters":[12,51],"Shuriken":[2],"Smiling Mask":25,"obtain_stats":[{"HornCleat":9,"Shuriken":11,"champ:ChampionCrown":0,"Smiling Mask":7},{"HornCleat":6,"Shuriken":8,"champ:ChampionCrown":0,"Smiling Mask":4},{"HornCleat":24,"Shuriken":35,"champ:ChampionCrown":0,"Smiling Mask":15}]},"card_choices":[{"not_picked":["expansioncontent:Corrupt","Secret Technique"],"picked":"Apotheosis","floor":0.0},{"not_picked":["champ:RageSigil","champ:FocusedDefense"],"picked":"champ:StanceDance","floor":2.0},{"not_picked":["champ:TornadoPunch","champ:CalledShot"],"picked":"champ:PreciseThrust","floor":3.0},{"not_picked":["champ:RageSigil","champ:ArenaPreparation"],"picked":"champ:AdrenalArmor","floor":5.0},{"not_picked":["champ:Shatter","champ:DefensiveStyle"],"picked":"champ:BerserkerStyle","floor":6.0},{"not_picked":["champ:FocusedDefense","champ:ShieldSigil"],"picked":"champ:ArenaPreparation","floor":8.0},{"not_picked":["champ:FocusedDefense","champ:SwordSigil"],"picked":"champ:FocusedBerserking","floor":9.0},{"not_picked":["champ:BringItOn","champ:ShieldSigil"],"picked":"champ:GladiatorsShout","floor":10},{"not_picked":["champ:BerserkerStyle","champ:HeavySlash"],"picked":"champ:EndlessRage","floor":11},{"not_picked":["champ:FlashCut","champ:SwordSigil"],"picked":"champ:Improvising","floor":13},{"not_picked":["champ:CalledShot","champ:StanceDance"],"picked":"champ:EnragedBash","floor":14},{"not_picked":["champ:CalledShot","champ:FanOfKnives","champ:BladeFlurry"],"picked":"SKIP","floor":15}],"player_experience":188666,"relics_obtained":[{"floor":7.0,"key":"Smiling Mask"},{"floor":9.0,"key":"HornCleat"},{"floor":11,"key":"Shuriken"}],"event_choices":[],"is_beta":false,"boss_relics":[],"items_purged_floors":[13],"is_endless":false,"potions_floor_spawned":[3,5,8,10,14],"killed_by":"downfall:Silent","ascension_level":2}}