{"host":"812oq20xb22d9b8c","time":1608523277,"event":{"mods":["AchievementEnabler","Aspiration","BaseMod","Better Altar","Better Match","Better Note","Better Sensory Stone","Better Skull","Better Third Choice","Colored Map","Conspire","Downfall","GifTheSpireLib","Halation","Highlight Path","Hubris","Infinite Spire","Mimic Mod","Minty Spire (QoL Compilation)","Permanent Neow","Shop Mod","Spicy Shops","StSLib","Stuff the Spire","The Jungle","Unceasing Turn Reminder","everything is the same but u backflip on backflip"],"gold_per_floor":[0,0,0,12,41,56,56,56,75,101,36,55,74,90,104,200,200,125,145,145,145,156,156,156,188,188,188,188],"floor_reached":26,"playtime":1827,"items_purged":["Regret"],"score":253,"play_id":"3234fde3-b481-4149-a4e7-b1dfb97d7bb0","local_time":"20201221150117","is_ascension_mode":false,"campfire_choices":[{"floor":1,"key":"RECALL"},{"data":"Slimebound:Split","floor":8,"key":"SMITH"},{"data":"Slimebound:Recycling","floor":18,"key":"SMITH"},{"floor":23,"key":"REST"}],"circlet_count":0,"master_deck":["Slimebound:Strike_Slimebound","Slimebound:Strike_Slimebound","Slimebound:Strike_Slimebound","Slimebound:Tackle","Slimebound:Defend_Slimebound","Slimebound:Defend_Slimebound","Slimebound:Defend_Slimebound","Slimebound:Defend_Slimebound","Slimebound:Split+1","Slimebound:CorrosiveSpit","expansioncontent:QuickStudy","Injury","Slimebound:SlimeSpikes+1","Slimebound:RejuvenatingLick+1","Slimebound:HauntingLick+1","Slimebound:Repurpose+1","Slimebound:Prepare+1","Slimebound:SlimeSpikes+1","Slimebound:SamplingLick+1","Slimebound:Recycling+1"],"relics":["Slimebound:AbsorbEndCombat","Toxic Egg 2","Slimebound:PotencyRelic","Bag of Preparation","aspiration:SeaSaltIceCream","aspiration:Nostalgia","Cracked Core","Smiling Mask","Slimebound:TarBlob","downfall:HeartBlessingRed","halation:Risk","hubris:GlazedTorus","Girya"],"acts_visited":["Exordium","TheCity"],"potions_floor_usage":[6,10,13,19,25],"damage_taken":[{"damage":21,"enemies":"Cultist","floor":4,"turns":3},{"damage":42,"enemies":"conspire:MimicChest","floor":5,"turns":5},{"damage":8,"enemies":"conspire:RoseBush","floor":6,"turns":2},{"damage":13,"enemies":"2 Louse","floor":9,"turns":2},{"damage":37,"enemies":"3 Sentries","floor":10,"turns":5},{"damage":17,"enemies":"downfall:FleeingMerchant","floor":11,"turns":4},{"damage":12,"enemies":"Red Slaver","floor":12,"turns":3},{"damage":13,"enemies":"2 Fungi Beasts","floor":13,"turns":3},{"damage":12,"enemies":"3 Louse","floor":14,"turns":3},{"damage":12,"enemies":"Large Slime","floor":15,"turns":4},{"damage":30,"enemies":"downfall:Watcher","floor":16,"turns":6},{"damage":18,"enemies":"Chosen","floor":19,"turns":4},{"damage":56,"enemies":"Shell Parasite","floor":22,"turns":7},{"damage":124,"enemies":"Nightmare","floor":25,"turns":9},{"damage":101,"enemies":"Cultist and Chosen","floor":26,"turns":8}],"seed_played":"9134614909431437691","potions_obtained":[{"floor":5,"key":"hexamod:EctoCoolerPotion"},{"floor":6,"key":"BlessingOfTheForge"},{"floor":9,"key":"BlessingOfTheForge"},{"floor":12,"key":"AttackPotion"},{"floor":13,"key":"champ:CounterPotion"},{"floor":16,"key":"BlessingOfTheForge"}],"is_trial":false,"path_per_floor":["R","?","?","M","?","M","T","R","M","E","$","M","M","M","M","B",null,"R","M","AVR","?","M","R","T","NM","M"],"character_chosen":"SLIMEBOUND","items_purchased":[],"campfire_rested":1,"item_purchase_floors":[],"current_hp_per_floor":[60,60,60,55,41,41,41,41,40,21,30,38,47,49,57,44,60,60,60,60,60,58,60,60,33,0,0,0],"gold":188,"neow_bonus":"RANDOM_COLORLESS_2","is_daily":false,"chose_seed":false,"campfire_upgraded":2,"win_rate":0.0,"timestamp":1608523277,"path_taken":["R","?","?","M","?","M","T","R","M","E","$","M","?","M","M","BOSS","R","M","AVR","?","M","R","T","NM","?"],"items_purchased_type":[],"build_version":"2020-12-13","purchased_purges":1,"victory":false,"max_hp_per_floor":[60,60,60,60,60,60,60,60,60,60,60,60,60,60,60,60,60,60,60,60,60,60,60,60,60,60,60,60],"card_choices":[{"not_picked":["Mayhem","HandOfGreed"],"picked":"expansioncontent:QuickStudy","floor":0},{"not_picked":["Slimebound:PressTheAttack","Slimebound:Equalize","Slimebound:SlimeSpikes+1"],"picked":"SKIP","floor":4},{"not_picked":["Slimebound:PressTheAttack","Slimebound:Equalize","Slimebound:SlimeSpikes+1"],"picked":"SKIP","floor":4},{"not_picked":["Slimebound:LeechEnergy","Slimebound:GoopSpray+1"],"picked":"Slimebound:SlimeSpikes+1","floor":5},{"not_picked":["Slimebound:SplitMire+1","Slimebound:BestDefense","Slimebound:RollThrough"],"picked":"SKIP","floor":6},{"not_picked":["Slimebound:LeechEnergy","Slimebound:FinishingTackle"],"picked":"Slimebound:RejuvenatingLick+1","floor":9},{"not_picked":["Slimebound:ViciousTackle","Slimebound:SplitBruiser+1"],"picked":"Slimebound:HauntingLick+1","floor":10},{"not_picked":["Slimebound:ViciousTackle","Slimebound:SlimeSpikes+1"],"picked":"Slimebound:Repurpose+1","floor":11},{"not_picked":["Slimebound:Teamwork+1","Slimebound:Equalize"],"picked":"Slimebound:Prepare+1","floor":12},{"not_picked":["Slimebound:SplitLeeching+1","Slimebound:LeadByExample"],"picked":"Slimebound:SlimeSpikes+1","floor":13},{"not_picked":["Slimebound:FormOfPuddle+1","Slimebound:LeechEnergy"],"picked":"Slimebound:SamplingLick+1","floor":14},{"not_picked":["Slimebound:SpikyOuterGoop","Slimebound:SlimeBrawl+1","Slimebound:ViciousTackle"],"picked":"SKIP","floor":15},{"not_picked":["Slimebound:Teamwork+1","Slimebound:CheckThePlaybook+1"],"picked":"Slimebound:Recycling","floor":16},{"not_picked":["Slimebound:SamplingLick+1","Slimebound:SplitMire+1","Slimebound:GoopSpray+1"],"picked":"SKIP","floor":19},{"not_picked":["Slimebound:ComboTackle","Slimebound:SplitAcid+1","Slimebound:Chomp+1"],"picked":"SKIP","floor":22},{"not_picked":["Slimebound:SplitAcid+1","Slimebound:GoopSpray+1","Slimebound:ComboTackle"],"picked":"SKIP","floor":25}],"player_experience":45298,"relics_obtained":[{"floor":5,"key":"Bag of Preparation"},{"floor":7,"key":"aspiration:SeaSaltIceCream"},{"floor":10,"key":"Smiling Mask"},{"floor":24,"key":"hubris:GlazedTorus"},{"floor":25,"key":"Girya"}],"event_choices":[{"damage_healed":0,"gold_gain":0,"player_choice":"Box","damage_taken":0,"relics_obtained":["Slimebound:PotencyRelic"],"max_hp_gain":0,"max_hp_loss":0,"event_name":"Big Fish","floor":3,"gold_loss":0,"cards_obtained":["Regret"]}],"is_beta":false,"boss_relics":[{"not_picked":["Fusion Hammer","Philosopher\u0027s Stone"],"picked":"Slimebound:TarBlob"}],"items_purged_floors":[11],"is_endless":false,"potions_floor_spawned":[5,6,9,12,13,16],"killed_by":"Cultist and Chosen","ascension_level":0}}