{"host":"6jcxerjfmuawfds2","time":1608546566,"event":{"mods":["BaseMod","Colored Map","Lobotomy","Minty Spire (QoL Compilation)","StSLib","The Poker Player"],"gold_per_floor":[118,68,68,18,29,29,40,40,40,58,84,84,9,24,24,122,122,138,38,49,49,69,69,69,69,69],"floor_reached":24,"playtime":1003,"items_purged":["PokerPlayerMod:Spade1","PokerPlayerMod:Club1"],"score":196,"play_id":"e71c8f23-3d18-4d71-86f6-4d754ec1b2de","local_time":"20201221192926","is_ascension_mode":false,"metric_token":414,"campfire_choices":[{"data":"PokerPlayerMod:Club2","floor":6,"key":"SMITH"},{"data":"PokerPlayerMod:Club3","floor":8,"key":"SMITH"},{"data":"PokerPlayerMod:Spade3","floor":12,"key":"SMITH"},{"data":"PokerPlayerMod:Heart2","floor":15,"key":"SMITH"},{"data":"PokerPlayerMod:Heart3","floor":23,"key":"SMITH"}],"circlet_count":0,"master_deck":["PokerPlayerMod:Diamond2","PokerPlayerMod:Diamond3","PokerPlayerMod:Diamond4","PokerPlayerMod:Diamond5","PokerPlayerMod:Spade2","PokerPlayerMod:Spade4","PokerPlayerMod:Spade4","PokerPlayerMod:Club4","PokerPlayerMod:Heart4","PokerPlayerMod:TrumpStrike","PokerPlayerMod:BadJoker+1","PokerPlayerMod:Mulligan+1","MeatLantern","OldLady","ShyLook","Wellcheers","PokerPlayerMod:Diamond4","BlackSwan","Freischutz","VoidDream","PokerPlayerMod:GamblerForm","LongBird","GreedKing","WhitesApple"],"relics":["PokerPlayerMod:DeckCase","CogitoBucket","Blood Vial","War Paint","Theresia","SlaversCollar"],"acts_visited":["Exordium","TheCity"],"potions_floor_usage":[11,11,16,17,20,24],"damage_taken":[{"damage":0,"enemies":"2 Louse","floor":1,"turns":2},{"damage":1,"enemies":"Jaw Worm","floor":5,"turns":3},{"damage":0,"enemies":"Small Slimes","floor":7,"turns":3},{"damage":0,"enemies":"Red Slaver","floor":10,"turns":3},{"damage":32,"enemies":"Gremlin Nob","floor":11,"turns":5},{"damage":0,"enemies":"3 Louse","floor":14,"turns":2},{"damage":30,"enemies":"Hexaghost","floor":16,"turns":9},{"damage":13,"enemies":"Spheric Guardian","floor":18,"turns":3},{"damage":5,"enemies":"Shell Parasite","floor":20,"turns":4},{"damage":46,"enemies":"Snake Plant","floor":22,"turns":6},{"damage":28,"enemies":"Sentry and Sphere","floor":24,"turns":1}],"seed_played":"-7219206669350990396","potions_obtained":[{"floor":1,"key":"PowerPotion"},{"floor":5,"key":"LiquidBronze"},{"floor":16,"key":"Fruit Juice"},{"floor":18,"key":"BlessingOfTheForge"},{"floor":22,"key":"SteroidPotion"}],"is_trial":false,"path_per_floor":["M","?","?","$","M","R","M","R","T","M","E","R","$","M","R","B",null,"M","$","M","?","M","R","M"],"character_chosen":"THE_POKER_PLAYER","items_purchased":["ColorlessPotion"],"campfire_rested":0,"item_purchase_floors":[4],"current_hp_per_floor":[52,52,57,57,56,56,56,56,56,57,30,30,30,36,36,23,62,49,49,49,49,14,14,0,0,0],"gold":69,"neow_bonus":"","is_daily":false,"chose_seed":false,"campfire_upgraded":5,"win_rate":0.0,"timestamp":1608546566,"path_taken":["M","?","?","$","M","R","M","R","T","M","E","R","?","?","R","BOSS","M","$","M","?","?","R","M"],"items_purchased_type":["Potion"],"build_version":"2020-12-13","purchased_purges":2,"victory":false,"max_hp_per_floor":[52,52,57,57,57,57,57,57,57,57,57,57,57,57,57,57,62,62,62,62,62,62,62,62,62,62],"card_choices":[{"not_picked":["Scorched","Murderer","Bloodbath"],"picked":"Singing Bowl","floor":1},{"not_picked":["MHz","QueenBee"],"picked":"MeatLantern","floor":1},{"not_picked":["PokerPlayerMod:MagicTrick","PokerPlayerMod:HiddenCard","PokerPlayerMod:Trickery"],"picked":"SKIP","floor":1},{"not_picked":["BeautyBeast","Murderer"],"picked":"OldLady","floor":5},{"not_picked":["PokerPlayerMod:Sharpen","PokerPlayerMod:ClubDance","PokerPlayerMod:Diamond2"],"picked":"SKIP","floor":5},{"not_picked":["SpiderBud","CherryBlossoms"],"picked":"ShyLook","floor":7},{"not_picked":["PokerPlayerMod:FlyingCard","PokerPlayerMod:Manipulation","PokerPlayerMod:Club1"],"picked":"SKIP","floor":7},{"not_picked":["QueenOfHatred","LittleHelper"],"picked":"Wellcheers","floor":10},{"not_picked":["PokerPlayerMod:CloakAndDiamond","PokerPlayerMod:DiamondStrike"],"picked":"PokerPlayerMod:Diamond4","floor":10},{"not_picked":["Laetitia","WallGazer"],"picked":"BlackSwan","floor":11},{"not_picked":["PokerPlayerMod:Club6","PokerPlayerMod:Diamond7","PokerPlayerMod:Club10+"],"picked":"SKIP","floor":11},{"not_picked":["CrumblingArmor","SpiderBud"],"picked":"Freischutz","floor":14},{"not_picked":["PokerPlayerMod:JackOfSpades","PokerPlayerMod:DamnStraight","PokerPlayerMod:CloakAndDiamond"],"picked":"SKIP","floor":14},{"not_picked":["Murderer","VoidDream","Variant"],"picked":"Singing Bowl","floor":16},{"not_picked":["SpiderBud","CrumblingArmor"],"picked":"VoidDream","floor":16},{"not_picked":["PokerPlayerMod:Club8","PokerPlayerMod:Diamond9"],"picked":"PokerPlayerMod:GamblerForm","floor":16},{"not_picked":["BeautyBeast","WallGazer"],"picked":"LongBird","floor":18},{"not_picked":["PokerPlayerMod:ClubShade","PokerPlayerMod:Spade3","PokerPlayerMod:FillThePot"],"picked":"SKIP","floor":18},{"not_picked":["DespairKnight","HeroicMonk"],"picked":"GreedKing","floor":20},{"not_picked":["PokerPlayerMod:CloakAndDiamond+1","PokerPlayerMod:JackOfSpades","PokerPlayerMod:Fold"],"picked":"SKIP","floor":20},{"not_picked":["PokerPlayerMod:CloakAndDiamond+1","PokerPlayerMod:JackOfSpades","PokerPlayerMod:Fold"],"picked":"SKIP","floor":20},{"not_picked":["BeautyBeast","SpiderBud","Murderer"],"picked":"Singing Bowl","floor":22},{"not_picked":["LaLuna","Variant"],"picked":"WhitesApple","floor":22},{"not_picked":["PokerPlayerMod:Spade3","PokerPlayerMod:DartThrow","PokerPlayerMod:Diamond2"],"picked":"SKIP","floor":22}],"player_experience":210581,"relics_obtained":[{"floor":9,"key":"Blood Vial"},{"floor":11,"key":"War Paint"}],"event_choices":[{"cards_removed":["PokerPlayerMod:Diamond1"],"damage_healed":0,"gold_gain":0,"player_choice":"Card Removal","damage_taken":0,"max_hp_gain":0,"max_hp_loss":0,"event_name":"The Cleric","floor":2,"gold_loss":50},{"damage_healed":0,"gold_gain":0,"player_choice":"Donut","damage_taken":0,"max_hp_gain":5,"max_hp_loss":0,"event_name":"Big Fish","floor":3,"gold_loss":0},{"damage_healed":0,"gold_gain":0,"player_choice":"Ignored","damage_taken":0,"max_hp_gain":0,"max_hp_loss":0,"event_name":"NoteForYourself","floor":21,"gold_loss":0}],"is_beta":false,"boss_relics":[{"not_picked":["Runic Dome","Calling Bell"],"picked":"SlaversCollar"}],"items_purged_floors":[13,19],"is_endless":false,"potions_floor_spawned":[1,5,16,18,22],"killed_by":"Sentry and Sphere","ascension_level":0}}