{"host":"5ft7yn6ogyq2ib7i","time":1608569720,"event":{"mods":["Act Like it!","BaseMod","Conspire","Defuse TimeMaze Blight","Gensokyo","Hubris","Marisa????????","Minty Spire (QoL Compilation)","Replay The Spire","StSLib","The Jungle"],"gold_per_floor":[118,145,165,177,195,227,402,125,125,125,158,174,174,187,187,282,282,297,297,311,211,211,211,222,239,239,270,290,290,290,315,315,420,420,435,485,59,59,59,59,89,89,89,89,103,120,131,131,131,131,131,131,54,83,83],"floor_reached":56,"playtime":4630,"items_purged":["SuperNova","Doubt","Strike_MRS"],"score":1380,"play_id":"1e54d59f-4952-4d93-a614-e61871a91432","local_time":"20201221175520","is_ascension_mode":false,"campfire_choices":[{"data":"SuperNova","floor":10.0,"key":"SMITH"},{"data":"OortCloud","floor":23,"key":"SMITH"},{"data":"WitchLeyline","floor":30,"key":"SMITH"},{"data":"Orbital","floor":32,"key":"SMITH"},{"floor":40,"key":"RECALL"},{"data":"OrrerysSun","floor":42,"key":"SMITH"},{"data":"JA","floor":44,"key":"SMITH"},{"data":"SprinkleStarSeal","floor":49,"key":"SMITH"},{"data":"CasketOfStar","floor":52,"key":"SMITH"}],"circlet_count":0,"master_deck":["Strike_MRS","Defend_MRS","Defend_MRS","Defend_MRS","Defend_MRS","MasterSpark+1","UpSweep","Parasite","Parasite","WitchLeyline+1","Orbital+1","OrrerysSun+1","SprinkleStarSeal+1","SuperNova+1","GasGiant","PropBag","MachineGunSpark+1","CasketOfStar+1","OortCloud+1","JA+1","ManaRampage+1"],"relics":["MiniHakkero","ShroomBag","ReplayFunnel","hubris:BottledRain","Strawberry","Coffee Dripper","hubris:TenFootPole","Happy Flower","Enchiridion","Blood Vial","Empty Cage","CatCart","hubris:SlimyHat","Toy Ornithopter","Golden Egg","conspire:GiftBox"],"acts_visited":["Exordium","TheCity","TheBeyond","TheEnding"],"potions_floor_usage":[20,24,33,33,33,35,36,36,36,46,46,50,55],"damage_taken":[{"damage":1.0,"enemies":"Cultist","floor":1.0,"turns":3.0},{"damage":0.0,"enemies":"Small Slimes","floor":3.0,"turns":3.0},{"damage":2.0,"enemies":"2 Louse","floor":4.0,"turns":2.0},{"damage":4.0,"enemies":"2 Fungi Beasts","floor":5.0,"turns":3.0},{"damage":14.0,"enemies":"3 Sentries","floor":6.0,"turns":6.0},{"damage":10.0,"enemies":"Lagavulin","floor":11.0,"turns":5.0},{"damage":6.0,"enemies":"Exordium Wildlife","floor":12.0,"turns":4.0},{"damage":15.0,"enemies":"Exordium Thugs","floor":14.0,"turns":6.0},{"damage":34.0,"enemies":"Slime Boss","floor":16.0,"turns":10.0},{"damage":4.0,"enemies":"Spheric Guardian","floor":18.0,"turns":4.0},{"damage":0,"enemies":"3 Byrds","floor":20,"turns":5},{"damage":8,"enemies":"Cultist and Chosen","floor":24,"turns":8},{"damage":0,"enemies":"conspire:HollyBat","floor":25,"turns":5},{"damage":8,"enemies":"Gremlin Leader","floor":27,"turns":5},{"damage":7,"enemies":"Chosen and Byrds","floor":28,"turns":6},{"damage":2,"enemies":"Pondfish","floor":33,"turns":9},{"damage":9,"enemies":"3 Shapes","floor":35,"turns":3},{"damage":0,"enemies":"Orin","floor":36,"turns":7},{"damage":45,"enemies":"Reptomancer","floor":41,"turns":5},{"damage":0,"enemies":"Orb Walker","floor":45,"turns":4},{"damage":22,"enemies":"Jaw Worm Horde","floor":46,"turns":5},{"damage":8,"enemies":"Spire Growth","floor":47,"turns":3},{"damage":104,"enemies":"Awakened One","floor":50,"turns":9},{"damage":43,"enemies":"Shield and Spear","floor":54,"turns":7},{"damage":59,"enemies":"The Heart","floor":55,"turns":8}],"seed_played":"4779602193603729828","potions_obtained":[{"floor":3.0,"key":"FearPotion"},{"floor":4.0,"key":"Fire Potion"},{"floor":6.0,"key":"BottledSpark"},{"floor":12.0,"key":"Energy Potion"},{"floor":24,"key":"Regen Potion"},{"floor":27,"key":"Dexterity Potion"},{"floor":28,"key":"EntropicBrew"},{"floor":33,"key":"BottledSpark"},{"floor":35,"key":"Strength Potion"},{"floor":41,"key":"SteroidPotion"},{"floor":45,"key":"FearPotion"},{"floor":46,"key":"BottledSpark"}],"is_trial":false,"path_per_floor":["M","T","M","M","M","E","?","$","T","R","E","M","?","M","R","B",null,"M","?","M","$","?","R","M","M","T","E","M","?","R","T","R","B",null,"M","?","$","?","?","R","E","R","T","R","M","M","M","$","R","B",null,"R","$","E","B",null],"character_chosen":"MARISA","items_purchased":["SuperNova","GasGiant","hubris:SlimyHat","Toy Ornithopter","DuplicationPotion"],"campfire_rested":0,"item_purchase_floors":[8,8,37,37,53],"current_hp_per_floor":[74,74,75,73,71,61,61,61,61,61,62,60,60,49,73,43,82,78,78,82,82,82,82,78,82,82,78,75,68,68,68,68,82,82,73,79,79,79,79,79,39,39,39,39,45,39,37,37,37,14,82,82,82,43,17],"gold":83,"neow_bonus":"UPGRADE_CARD","is_daily":false,"chose_seed":false,"campfire_upgraded":8,"win_rate":0.0,"timestamp":1608569720,"path_taken":["M","?","M","M","M","E","?","$","T","R","E","M","?","M","R","BOSS","M","?","M","$","?","R","M","?","T","E","M","?","R","?","R","BOSS","M","?","$","?","?","R","E","R","T","R","?","M","M","?","R","BOSS","R","$","E","BOSS"],"items_purchased_type":["Card","Card","Relic","Relic","Potion"],"build_version":"2020-12-13","purchased_purges":3,"victory":true,"max_hp_per_floor":[75,75,75,75,75,75,75,75,75,75,82,82,82,82,82,82,82,82,82,82,82,82,82,82,82,82,82,82,82,82,82,82,82,82,82,82,82,82,82,82,82,82,82,82,82,82,82,82,82,82,82,82,82,82,82],"card_choices":[{"not_picked":["Acceleration","StarlightTyphoon","PowerUp"],"picked":"SKIP","floor":1.0},{"not_picked":["MilkyWay","NonDirectionalLaser"],"picked":"WitchLeyline","floor":3.0},{"not_picked":["6A","DC"],"picked":"Orbital","floor":4.0},{"not_picked":["WitchLeyline","Acceleration"],"picked":"OrrerysSun","floor":5.0},{"not_picked":["GalacticHalo","LuminesStrike"],"picked":"SprinkleStarSeal","floor":6.0},{"not_picked":["SuperNova","DeepEcoloBomb"],"picked":"PropBag","floor":11.0},{"not_picked":["OneTimeOff","DeepEcoloBomb","FairyDestructionRay"],"picked":"SKIP","floor":12.0},{"not_picked":["AsteroidBelt","ChargingUp"],"picked":"MachineGunSpark","floor":14.0},{"not_picked":["BlazingStar","MaximisePower"],"picked":"CasketOfStar","floor":16.0},{"not_picked":["WitchOfGreed","GrandCross","PropBag+1"],"picked":"SKIP","floor":18.0},{"not_picked":["ShootingEcho","GravityBeat","NonDirectionalLaser"],"picked":"SKIP","floor":20},{"not_picked":["MilkyWay","SuperPerseids","IllusionStar"],"picked":"SKIP","floor":24},{"not_picked":["UnstableBomb","ShootTheMoon+1","Acceleration"],"picked":"SKIP","floor":25},{"not_picked":["MagicChant","AsteroidBelt","DeepEcoloBomb"],"picked":"SKIP","floor":27},{"not_picked":["DarkMatter","ChargingUp+1","6A"],"picked":"SKIP","floor":28},{"not_picked":["FinalSpark","StarDustReverie"],"picked":"JA","floor":33},{"not_picked":["Acceleration+1","PowerUp+1","6A"],"picked":"SKIP","floor":35},{"not_picked":["ManaConvection","MachineGunSpark","WitchLeyline+1"],"picked":"SKIP","floor":41},{"not_picked":["WitchOfGreed+1","OortCloud","PowerUp+1"],"picked":"SKIP","floor":45},{"not_picked":["WitchLeyline","DarkSpark+1","ManaRampage"],"picked":"SKIP","floor":46},{"not_picked":["EventHorizon+1","MysteriousBeam+1","PulseMagic"],"picked":"SKIP","floor":47},{"not_picked":["UltimateShortwave","FinalSpark"],"picked":"ManaRampage","floor":54},{"not_picked":["PowerUp+1","StarlightTyphoon+1","MagicAbsorber"],"picked":"SKIP","floor":54}],"player_experience":296096,"relics_obtained":[{"floor":2.0,"key":"ShroomBag"},{"floor":6.0,"key":"ReplayFunnel"},{"floor":9.0,"key":"hubris:BottledRain"},{"floor":11.0,"key":"Strawberry"},{"floor":26,"key":"hubris:TenFootPole"},{"floor":27,"key":"Happy Flower"},{"floor":29,"key":"Enchiridion"},{"floor":31,"key":"Blood Vial"},{"floor":36,"key":"CatCart"},{"floor":41,"key":"Golden Egg"},{"floor":54,"key":"conspire:GiftBox"}],"event_choices":[{"damage_healed":0.0,"max_hp_gain":0.0,"max_hp_loss":0.0,"gold_gain":175.0,"event_name":"Liars Game","player_choice":"AGREE","floor":7.0,"gold_loss":0.0,"damage_taken":0.0,"cards_obtained":["Doubt"]},{"damage_healed":0.0,"max_hp_gain":0.0,"max_hp_loss":0.0,"gold_gain":0.0,"event_name":"conspire:LoneGhost","player_choice":"Disagree","floor":13.0,"gold_loss":0.0,"damage_taken":0.0},{"damage_healed":0.0,"max_hp_gain":0.0,"max_hp_loss":0.0,"gold_gain":0.0,"event_name":"The Library","player_choice":"Read","floor":19.0,"gold_loss":0.0,"damage_taken":0.0,"cards_obtained":["OortCloud"]},{"damage_healed":0,"gold_gain":0,"player_choice":"Ignored","damage_taken":0,"max_hp_gain":0,"max_hp_loss":0,"event_name":"Fountain of Cleansing","floor":22,"gold_loss":0},{"damage_healed":0,"gold_gain":0,"player_choice":"Obtained Book","damage_taken":16,"max_hp_gain":0,"max_hp_loss":0,"event_name":"Cursed Tome","floor":29,"gold_loss":0},{"damage_healed":0,"gold_gain":0,"player_choice":"Fight","damage_taken":0,"max_hp_gain":0,"max_hp_loss":0,"event_name":"OrinTheCat","floor":36,"gold_loss":0},{"damage_healed":0,"gold_gain":0,"player_choice":"Leave","damage_taken":0,"max_hp_gain":0,"max_hp_loss":0,"event_name":"conspire:Investor","floor":38,"gold_loss":0},{"damage_healed":0,"gold_gain":0,"player_choice":"Ignored","damage_taken":0,"max_hp_gain":0,"max_hp_loss":0,"event_name":"Duplicator","floor":39,"gold_loss":0}],"is_beta":false,"boss_relics":[{"not_picked":["hubris:BlackHole","Snecko Eye"],"picked":"Coffee Dripper"},{"not_picked":["Painkiller Herb","conspire:SlowCooker"],"picked":"Empty Cage"}],"items_purged_floors":[8,21,37],"is_endless":false,"potions_floor_spawned":[3,4,6,12,24,27,28,33,35,41,45,46],"ascension_level":0}}