{"host":"lzzc8734","time":1608521507,"event":{"mods":["ATMod(∞¢Ë™Mod)","BaseMod","Colored Map","Luminous","Marisa£®ÏF”Í°°ƒß¿Ì…≥£©","Marked Mod","Minty Spire (QoL Compilation)","READ ME - Guardian Mod","Reimu£®≤©¿ˆ¡È√Œ£©","StSLib","The Gatherer","The Servant 0.9.4","Waifu the Spire","[IsaacMod]“‘»ˆº‚À˛","vexMod"],"gold_per_floor":[118,137,157,13,13,13,46,46,46,62,62,62,82,102,102,197,197,208,208,81,97,97,97,109,120,120,120,130,130,130,160,160,265,265,281,281,2,13,63,63,93,107,107,119,144,155,155,166,166,166],"floor_reached":51,"playtime":2607,"items_purged":["Gatherer:Strike_Gatherer","Gatherer:Strike_Gatherer","Gatherer:Defend_Gatherer","Gatherer:Strike_Gatherer"],"score":1004,"play_id":"1b856575-2655-4c4e-8bde-5f514e9ddc81","local_time":"20201221113147","is_ascension_mode":false,"metric_token":981,"campfire_choices":[{"data":"AT_EmpoweredMortalDraw","floor":6.0,"key":"SMITH"},{"data":"Gatherer:FlowerBeam","floor":8.0,"key":"SMITH"},{"data":"Gatherer:FlowerBeam+1","floor":11.0,"key":"SMITH"},{"data":"Gatherer:LuckyClover","floor":15.0,"key":"SMITH"},{"data":"Gatherer:HeartToFruit","floor":23.0,"key":"SMITH"},{"data":"Gatherer:FlowerPower+1","floor":29,"key":"SMITH"},{"data":"Apotheosis","floor":32,"key":"SMITH"},{"data":"Gatherer:FlowerWhip+1","floor":40,"key":"SMITH"},{"data":"Gatherer:BlackTea","floor":47,"key":"SMITH"},{"data":"Gatherer:Bulldoze","floor":49,"key":"SMITH"}],"circlet_count":0,"master_deck":["Gatherer:Strike_Gatherer","Gatherer:Strike_Gatherer","Gatherer:Defend_Gatherer","Gatherer:Defend_Gatherer","Gatherer:Defend_Gatherer+1","Gatherer:Defend_Gatherer","Gatherer:Centralize","Gatherer:FlowerWhip+2","AT_EmpoweredMortalDraw+1","Gatherer:BambuSword","Gatherer:ScherryThrow+1","Gatherer:FlowerBeam+2","Gatherer:FlowerFalling","Gatherer:Convert","Gatherer:LuckyClover+1","Gatherer:EnergyBasket","Gatherer:Overflowing","Gatherer:HeartToFruit+1","Gatherer:BlackTea+1","Gatherer:FlamingBottle+1","Gatherer:QuickSynthesis","Gatherer:Liquidism+1","Gatherer:FlowerPower+2","Gatherer:WitheringStrike","Apotheosis+1","Gatherer:ScentOfRosmari+1","Gatherer:Bulldoze+1","Gatherer:CollectorsShot","Gatherer:WoolGloves+1","Gatherer:Duality","Gatherer:Solidify+1","Gatherer:RecoveryHerb","Gatherer:BalancedGrowth+1"],"relics":["Gatherer:AlchemyBag","HushsDoor","AT_ATBox","NeowsBlessing","TheBible","White Beast Statue","Mummified Hand","AT_Kusabimaru","Black Star","Gremlin Horn","Whetstone","Happy Flower","SlaversCollar","MomsKnife","AT_BladeRuinedKing","Unceasing Top","GuppysHead","BookofShadows","AT_BellowingDragoncrestRing","Diplopia","AT_SilvercatRing"],"acts_visited":["Exordium","TheCity","TheBeyond"],"potions_floor_usage":[24,33,50,50],"damage_taken":[{"damage":0.0,"enemies":"Cultist","floor":1.0,"turns":1.0},{"damage":0.0,"enemies":"Small Slimes","floor":2.0,"turns":1.0},{"damage":0.0,"enemies":"2 Louse","floor":3.0,"turns":1.0},{"damage":14.0,"enemies":"Gremlin Nob","floor":7.0,"turns":3.0},{"damage":0.0,"enemies":"Blue Slaver","floor":10.0,"turns":1.0},{"damage":6.0,"enemies":"Exordium Thugs","floor":13.0,"turns":4.0},{"damage":0.0,"enemies":"Exordium Wildlife","floor":14.0,"turns":1.0},{"damage":1.0,"enemies":"The Guardian","floor":16.0,"turns":11.0},{"damage":0.0,"enemies":"Shell Parasite","floor":18.0,"turns":3.0},{"damage":0.0,"enemies":"Spheric Guardian","floor":21.0,"turns":3.0},{"damage":15,"enemies":"Snecko","floor":24,"turns":3},{"damage":0,"enemies":"Centurion and Healer","floor":25,"turns":4},{"damage":0,"enemies":"Chosen and Byrds","floor":28,"turns":3},{"damage":9,"enemies":"Gremlin Leader","floor":31,"turns":5},{"damage":0,"enemies":"Champ","floor":33,"turns":9},{"damage":0,"enemies":"3 Darklings","floor":35,"turns":3},{"damage":0,"enemies":"3 Shapes","floor":38,"turns":1},{"damage":0,"enemies":"Mind Bloom Boss Battle","floor":39,"turns":4},{"damage":0,"enemies":"Giant Head","floor":41,"turns":5},{"damage":0,"enemies":"Jaw Worm Horde","floor":42,"turns":1},{"damage":0,"enemies":"Maw","floor":44,"turns":4},{"damage":0,"enemies":"Reptomancer","floor":45,"turns":2},{"damage":0,"enemies":"Spire Growth","floor":46,"turns":3},{"damage":0,"enemies":"Jaw Worm Horde","floor":48,"turns":1},{"damage":0,"enemies":"Awakened One","floor":50,"turns":6}],"seed_played":"-4261557252409847302","potions_obtained":[{"floor":1.0,"key":"BottledMiracle"},{"floor":3.0,"key":"Ancient Potion"},{"floor":7.0,"key":"SmokeBomb"},{"floor":10.0,"key":"Fire Potion"},{"floor":18.0,"key":"Regen Potion"},{"floor":21.0,"key":"SpeedPotion"},{"floor":24,"key":"AttackPotion"},{"floor":28,"key":"Dexterity Potion"},{"floor":33,"key":"DistilledChaos"}],"is_trial":false,"path_per_floor":["M","M","M","$","T","R","E","R","T","M","R","?","M","M","R","B",null,"M","?","$","M","?","R","M","M","T","?","M","R","?","E","R","B",null,"M","?","$","M","?","R","E","M","T","M","E","M","R","M","R","B",null],"character_chosen":"THE_GATHERER","items_purchased":["Gatherer:FlowerBeam","Gatherer:HeartToFruit","Gatherer:BlackTea","Gatherer:QuickSynthesis","MomsKnife","AT_BladeRuinedKing"],"campfire_rested":0,"item_purchase_floors":[4,17,17,20,34,37],"current_hp_per_floor":[72,72,72,72,72,72,58,58,58,58,58,44,38,38,38,37,59,59,59,59,59,59,59,44,44,44,44,44,44,44,35,35,39,31,31,31,31,35,35,35,35,35,35,35,35,35,35,35,35,35],"gold":166,"neow_bonus":"THREE_ENEMY_KILL","is_daily":false,"chose_seed":false,"campfire_upgraded":10,"win_rate":0.0,"timestamp":1608521507,"path_taken":["M","M","M","$","?","R","E","R","T","M","R","?","M","M","R","BOSS","M","?","$","M","?","R","M","M","T","?","?","R","?","E","R","BOSS","M","?","$","M","?","R","E","M","T","?","E","M","R","M","R","BOSS"],"items_purchased_type":["Card","Card","Card","Card","Relic","Relic"],"build_version":"2020-12-18","purchased_purges":4,"victory":true,"max_hp_per_floor":[72,72,72,72,72,72,72,72,72,72,72,72,72,72,72,72,59,59,59,59,59,59,59,59,59,59,59,59,59,59,59,59,63,31,31,31,31,35,35,35,35,35,35,35,35,35,35,35,35,35],"card_choices":[{"not_picked":["Gatherer:CarefulStrike","Gatherer:Frenzy"],"picked":"Gatherer:BambuSword","floor":1.0},{"not_picked":["Gatherer:PotentialSlash","Gatherer:Polymorphism"],"picked":"Gatherer:ScherryThrow","floor":2.0},{"not_picked":["Gatherer:ScherryThrow","Gatherer:SaveValuables"],"picked":"Gatherer:FlowerShield","floor":3.0},{"not_picked":["Bomb","Gatherer:GatherMaterial"],"picked":"Gatherer:FlowerFalling","floor":7.0},{"not_picked":["Gatherer:Liquidism","Bomb"],"picked":"Gatherer:Convert","floor":10.0},{"not_picked":["Gatherer:Duality","Gatherer:SaveValuables"],"picked":"Gatherer:LuckyClover","floor":13.0},{"not_picked":["Gatherer:RottenStipe","Gatherer:FlowerShield"],"picked":"Gatherer:EnergyBasket","floor":14.0},{"not_picked":["Gatherer:StoneFence","Gatherer:GrowBook"],"picked":"Gatherer:Overflowing","floor":16.0},{"not_picked":["Gatherer:FragileHammer","Gatherer:SealedBomb","Gatherer:SmartManeuver"],"picked":"SKIP","floor":18.0},{"not_picked":["Gatherer:VenomBarrier+1","Gatherer:Snatch","Gatherer:TreeGrowth"],"picked":"SKIP","floor":21.0},{"not_picked":["Gatherer:QuickSynthesis","Gatherer:TacticalStrike+1"],"picked":"Gatherer:Liquidism+1","floor":24},{"not_picked":["Gatherer:GatherMaterial","Gatherer:FlowerFalling"],"picked":"Gatherer:FlowerPower+1","floor":25},{"not_picked":["Gatherer:BalancedGrowth","Gatherer:FragileHammer"],"picked":"Gatherer:WitheringStrike","floor":28},{"not_picked":["Gatherer:OddSpoils","Gatherer:EnergyBasket"],"picked":"Gatherer:ScentOfRosmari+1","floor":31},{"not_picked":["Gatherer:PoisonMastery","Gatherer:CursedBlade"],"picked":"Gatherer:Bulldoze","floor":33},{"not_picked":["Gatherer:BigPouch","Gatherer:GatherMaterial+1"],"picked":"Gatherer:CollectorsShot","floor":35},{"not_picked":["Gatherer:AromaProtection+1","Gatherer:EnergyBasket+1"],"picked":"Gatherer:WoolGloves+1","floor":38},{"not_picked":["Gatherer:PotentialSlash","Gatherer:AromaProtection+1"],"picked":"Gatherer:Duality","floor":39},{"not_picked":["Gatherer:FlowerShield+1","Gatherer:EnergyBasket+1"],"picked":"Gatherer:Solidify+1","floor":41},{"not_picked":["Gatherer:PotentialSlash+1","Gatherer:RottenStipe"],"picked":"Gatherer:RecoveryHerb","floor":42},{"not_picked":["Gatherer:ScherryThrow+1","Gatherer:RecipeChange+1","Gatherer:FlowerFalling"],"picked":"SKIP","floor":44},{"not_picked":["Gatherer:HeartToFruit","Gatherer:Misfortune+1","Gatherer:PotentialSlash"],"picked":"SKIP","floor":45},{"not_picked":["Gatherer:FlowerShield+1","Gatherer:FruitForce+1","Gatherer:EchoOfNature"],"picked":"SKIP","floor":46},{"not_picked":["Gatherer:BigPouch","Gatherer:WoolGloves+1"],"picked":"Gatherer:BalancedGrowth+1","floor":48}],"player_experience":173827,"relics_obtained":[{"floor":5.0,"key":"White Beast Statue"},{"floor":7.0,"key":"Mummified Hand"},{"floor":9.0,"key":"AT_Kusabimaru"},{"floor":26,"key":"Gremlin Horn"},{"floor":31,"key":"Whetstone"},{"floor":31,"key":"Happy Flower"},{"floor":39,"key":"Unceasing Top"},{"floor":41,"key":"GuppysHead"},{"floor":41,"key":"BookofShadows"},{"floor":43,"key":"AT_BellowingDragoncrestRing"},{"floor":45,"key":"Diplopia"},{"floor":45,"key":"AT_SilvercatRing"}],"event_choices":[{"damage_healed":0.0,"max_hp_gain":0.0,"max_hp_loss":0.0,"gold_gain":0.0,"event_name":"Shining Light","player_choice":"Entered Light","floor":12.0,"gold_loss":0.0,"damage_taken":14.0,"cards_upgraded":["Gatherer:ScherryThrow","Gatherer:Defend_Gatherer"]},{"damage_healed":0.0,"max_hp_gain":0.0,"max_hp_loss":0.0,"gold_gain":0.0,"event_name":"Match and Keep!","player_choice":"1 cards matched","floor":19.0,"gold_loss":0.0,"damage_taken":0.0,"cards_obtained":["Gatherer:FlamingBottle"]},{"damage_healed":0.0,"max_hp_gain":0.0,"max_hp_loss":0.0,"gold_gain":0.0,"event_name":"Vampires","player_choice":"Ignored","floor":22.0,"gold_loss":0.0,"damage_taken":0.0},{"damage_healed":0,"gold_gain":0,"player_choice":"Ignored","damage_taken":0,"max_hp_gain":0,"max_hp_loss":0,"event_name":"Cursed Tome","floor":27,"gold_loss":0},{"cards_removed":["Gatherer:FlowerShield"],"damage_healed":0,"gold_gain":0,"player_choice":"Removed Skill","damage_taken":0,"max_hp_gain":0,"max_hp_loss":0,"event_name":"Falling","floor":36,"gold_loss":0},{"damage_healed":0,"gold_gain":0,"player_choice":"Fight","damage_taken":0,"max_hp_gain":0,"max_hp_loss":0,"event_name":"MindBloom","floor":39,"gold_loss":0}],"is_beta":true,"boss_relics":[{"not_picked":["Cursed Key","vexMod:EndlessSickness"],"picked":"Black Star"},{"not_picked":[]},{"not_picked":["Sozu","Philosopher\u0027s Stone"],"picked":"SlaversCollar"},{"not_picked":[]}],"items_purged_floors":[4,17,20,37],"is_endless":false,"potions_floor_spawned":[1,3,7,10,13,14,16,18,21,24,25,28,31,33,35,38,39,41,42,44,45,46,48],"ascension_level":0}}