{"host":"9fh35csyvbzgxvf9","time":1608515531,"event":{"mods":["BaseMod","Block Reminder","Colored Map","DeckTracker","Minty Spire (QoL Compilation)"],"gold_per_floor":[112,131,145,145,101,101,113,135,135,135,154,168,195,209,209,314,314,329,94,126,57,76,76,94,94,94,94,94,122,132,158,158,261,261,271,281,281,281,294,294,294],"floor_reached":40,"playtime":5988,"items_purged":[],"score":478,"play_id":"9cccad1d-4be6-4e51-b9e0-a2df542c682f","local_time":"20201220205211","is_ascension_mode":false,"campfire_choices":[{"data":"Double Energy","floor":6,"key":"SMITH"},{"floor":10,"key":"REST"},{"data":"Fission","floor":15,"key":"SMITH"},{"data":"Dualcast","floor":23,"key":"SMITH"},{"floor":25,"key":"REST"},{"data":"Fission","floor":27,"key":"SMITH"},{"data":"Buffer","floor":32,"key":"SMITH"}],"circlet_count":0,"master_deck":["Strike_B","Strike_B","Strike_B","Defend_B","Defend_B","Defend_B","Defend_B","Zap","Dualcast+1","Buffer+1","Double Energy+1","Glacier","Coolheaded","Coolheaded","Melter","BootSequence","Hologram","Fission+1","Chaos","Fission+1","Hologram","Blizzard","Rebound","Aggregate","Leap","Undo+1","Chaos","Steam+1","Darkness","Creative AI","Blizzard","Consume+1","Stack+1"],"relics":["Cracked Core","Letter Opener","Odd Mushroom","Potion Belt","Blue Candle","SlaversCollar","Lantern","Red Mask","Symbiotic Virus","Regal Pillow","Bag of Marbles","Black Star"],"acts_visited":["Exordium","TheCity","TheBeyond"],"potions_floor_usage":[13,13,13,13,13,13,13,13,16,31,33,33,40],"damage_taken":[{"damage":4,"enemies":"Jaw Worm","floor":1,"turns":4},{"damage":4,"enemies":"2 Louse","floor":2,"turns":3},{"damage":0,"enemies":"Small Slimes","floor":3,"turns":4},{"damage":0,"enemies":"3 Louse","floor":7,"turns":5},{"damage":13,"enemies":"The Mushroom Lair","floor":8,"turns":4},{"damage":0,"enemies":"Red Slaver","floor":11,"turns":4},{"damage":1,"enemies":"Exordium Thugs","floor":12,"turns":6},{"damage":0,"enemies":"Gremlin Nob","floor":13,"turns":3},{"damage":0,"enemies":"2 Fungi Beasts","floor":14,"turns":2},{"damage":26,"enemies":"The Guardian","floor":16,"turns":18},{"damage":0,"enemies":"2 Thieves","floor":18,"turns":5},{"damage":0,"enemies":"Masked Bandits","floor":20,"turns":4},{"damage":22,"enemies":"3 Byrds","floor":22,"turns":5},{"damage":15,"enemies":"Centurion and Healer","floor":24,"turns":13},{"damage":9,"enemies":"Gremlin Leader","floor":29,"turns":7},{"damage":8,"enemies":"Cultist and Chosen","floor":30,"turns":9},{"damage":0,"enemies":"Book of Stabbing","floor":31,"turns":5},{"damage":39,"enemies":"Champ","floor":33,"turns":18},{"damage":2,"enemies":"3 Darklings","floor":35,"turns":7},{"damage":2,"enemies":"Orb Walker","floor":36,"turns":3},{"damage":16,"enemies":"3 Darklings","floor":39,"turns":5},{"damage":92,"enemies":"Giant Head","floor":40,"turns":12}],"seed_played":"2612883933074302415","potions_obtained":[{"floor":1,"key":"DuplicationPotion"},{"floor":8,"key":"ColorlessPotion"},{"floor":11,"key":"Strength Potion"},{"floor":12,"key":"EntropicBrew"},{"floor":13,"key":"Energy Potion"},{"floor":22,"key":"PotionOfCapacity"},{"floor":31,"key":"AttackPotion"},{"floor":33,"key":"LiquidBronze"},{"floor":36,"key":"Regen Potion"},{"floor":39,"key":"EssenceOfSteel"}],"is_trial":false,"path_per_floor":["M","M","M","?","?","R","M","?","T","R","M","M","E","M","R","B",null,"M","$","?","$","M","R","M","R","T","R","?","E","M","E","R","B",null,"M","M","$","?","M","E"],"character_chosen":"DEFECT","items_purchased":["Blizzard","Lantern","Aggregate"],"campfire_rested":2,"item_purchase_floors":[19,19,21],"current_hp_per_floor":[71,67,67,49,49,49,49,36,36,58,58,57,57,57,57,31,75,75,75,75,75,53,53,38,60,60,60,60,51,43,43,43,4,75,73,71,71,71,55,0,0],"gold":294,"neow_bonus":"ONE_RANDOM_RARE_CARD","is_daily":false,"chose_seed":false,"campfire_upgraded":5,"win_rate":0.0,"timestamp":1608515531,"path_taken":["M","M","M","?","?","R","M","?","T","R","M","M","E","M","R","BOSS","M","$","?","$","M","R","M","R","T","R","?","E","M","E","R","BOSS","M","M","$","?","?","E"],"items_purchased_type":["Card","Relic","Card"],"build_version":"2020-12-13","purchased_purges":0,"victory":false,"max_hp_per_floor":[75,75,75,75,75,75,75,75,75,75,75,75,75,75,75,75,75,75,75,75,75,75,75,75,75,75,75,75,75,75,75,75,75,75,75,75,75,75,75,75,75],"card_choices":[{"not_picked":["Hello World","Ball Lightning"],"picked":"Double Energy","floor":1},{"not_picked":["Reinforced Body","Reprogram"],"picked":"Glacier","floor":2},{"not_picked":["Steam","Beam Cell"],"picked":"Coolheaded","floor":3},{"not_picked":["Stack","Go for the Eyes"],"picked":"Coolheaded","floor":7},{"not_picked":["Steam","Self Repair"],"picked":"Melter","floor":8},{"not_picked":["Barrage","Stack"],"picked":"BootSequence","floor":11},{"not_picked":["Steam","Leap"],"picked":"Hologram","floor":12},{"not_picked":["Hologram","Gash"],"picked":"Fission","floor":13},{"not_picked":["Gash","Coolheaded"],"picked":"Chaos","floor":14},{"not_picked":["All For One","Multi-Cast"],"picked":"Fission","floor":16},{"not_picked":["Compile Driver","Scrape"],"picked":"Hologram","floor":18},{"not_picked":["Compile Driver","Hello World"],"picked":"Rebound","floor":20},{"not_picked":["Turbo","Barrage"],"picked":"Leap","floor":22},{"not_picked":["FTL","Core Surge"],"picked":"Undo+1","floor":24},{"not_picked":["Beam Cell","Ball Lightning"],"picked":"Chaos","floor":29},{"not_picked":["Leap+1","Undo"],"picked":"Steam+1","floor":30},{"not_picked":["Redo","FTL+1"],"picked":"Darkness","floor":31},{"not_picked":["Multi-Cast","All For One"],"picked":"Creative AI","floor":33},{"not_picked":["Barrage","Hologram+1"],"picked":"Blizzard","floor":35},{"not_picked":["Sweeping Beam","Darkness"],"picked":"Consume+1","floor":36},{"not_picked":["Sweeping Beam","Steam Power+1"],"picked":"Stack+1","floor":39}],"player_experience":219682,"relics_obtained":[{"floor":8,"key":"Odd Mushroom"},{"floor":9,"key":"Potion Belt"},{"floor":13,"key":"Blue Candle"},{"floor":20,"key":"Red Mask"},{"floor":26,"key":"Symbiotic Virus"},{"floor":29,"key":"Regal Pillow"},{"floor":31,"key":"Bag of Marbles"}],"event_choices":[{"damage_healed":0,"gold_gain":0,"player_choice":"Success","damage_taken":18,"relics_obtained":["Letter Opener"],"max_hp_gain":0,"max_hp_loss":0,"event_name":"Scrap Ooze","floor":4,"gold_loss":0},{"damage_healed":0,"gold_gain":0,"player_choice":"Left Gold","damage_taken":0,"max_hp_gain":0,"max_hp_loss":0,"event_name":"World of Goop","floor":5,"gold_loss":44},{"damage_healed":0,"gold_gain":0,"player_choice":"Fought Mushrooms","damage_taken":0,"max_hp_gain":0,"max_hp_loss":0,"event_name":"Mushrooms","floor":8,"gold_loss":0},{"damage_healed":0,"gold_gain":0,"player_choice":"Fought Bandits","damage_taken":0,"max_hp_gain":0,"max_hp_loss":0,"event_name":"Masked Bandits","floor":20,"gold_loss":0},{"cards_removed":["Strike_B"],"damage_healed":0,"gold_gain":0,"player_choice":"Offered Basic","damage_taken":0,"max_hp_gain":0,"max_hp_loss":0,"event_name":"Bonfire Elementals","floor":28,"gold_loss":0},{"damage_healed":0,"gold_gain":0,"player_choice":"Ignored","damage_taken":0,"max_hp_gain":0,"max_hp_loss":0,"event_name":"SecretPortal","floor":38,"gold_loss":0}],"is_beta":false,"boss_relics":[{"not_picked":["Sozu","Ectoplasm"],"picked":"SlaversCollar"},{"not_picked":["Velvet Choker","Calling Bell"],"picked":"Black Star"}],"items_purged_floors":[],"is_endless":false,"potions_floor_spawned":[1,8,11,12,13,22,31,33,36,39],"killed_by":"Giant Head","ascension_level":0}}