{"host":"ljnkpwbnfujn5lym","time":1608590660,"event":{"mods":["Bard","BaseMod","Better Note","Colored Map","Colored Powertips","Exacting","Googly Eyes","Highlight Path","Infinite Spire","Minty Spire (QoL Compilation)","Permanent Neow","Quick Restart","Relic Sorter","Relic Stats","Replay The Spire","StSLib","The IronCluck","slay the spire mod where everything is the same but ironclad has a cowboy hat"],"gold_per_floor":[115,165,180,213,227,227,256,256,256,288,301,312,358,358,358,432,432,372,372],"floor_reached":18,"playtime":962,"items_purged":[],"score":418,"play_id":"5f153396-7e7c-4525-b06b-4ec9b2b0727c","local_time":"20201221164420","is_ascension_mode":true,"campfire_choices":[{"data":"Cloak And Dagger","floor":6.0,"key":"SMITH"},{"data":"Neutralize","floor":8,"key":"SMITH"}],"circlet_count":0,"master_deck":["AscendersBane","Strike_G","Strike_G","Strike_G","Strike_G","Strike_G","Defend_G","Defend_G","Defend_G","Defend_G","Defend_G","Survivor","Neutralize+1","Cloak And Dagger+1","PiercingWail","Deflect","Blur+1","Dodge and Roll","Terror","Riddle With Holes","Malaise+1","Pot Of Greed","Pot Of Greed","Poisoned Stab","ReplayTheSpireMod:From All Sides"],"relics":["Replay:Bronze Core","Shovel","Counterbalance","Ornamental Fan","Grinning Jar","Cursed Key"],"acts_visited":["Exordium","TheCity"],"potions_floor_usage":[7,7,13,16],"damage_taken":[{"damage":1.0,"enemies":"Jaw Worm","floor":1.0,"turns":6.0},{"damage":0.0,"enemies":"Cultist","floor":3.0,"turns":4.0},{"damage":8.0,"enemies":"Small Slimes","floor":4.0,"turns":6.0},{"damage":3.0,"enemies":"Exordium Thugs","floor":5.0,"turns":5.0},{"damage":6,"enemies":"Replay:BlueRogue","floor":7,"turns":15},{"damage":28,"enemies":"3 Sentries","floor":10,"turns":15},{"damage":0,"enemies":"Blue Slaver","floor":11,"turns":5},{"damage":0,"enemies":"Looter","floor":12,"turns":2},{"damage":1,"enemies":"Gremlin Nob","floor":13,"turns":5},{"damage":0,"enemies":"Hexaghost","floor":16,"turns":15},{"damage":24,"enemies":"2 Thieves","floor":18,"turns":3}],"seed_played":"-2514820174562215558","potions_obtained":[{"floor":4.0,"key":"AttackPotion"},{"floor":5.0,"key":"Cursed Concoction"},{"floor":11,"key":"Milkshake"},{"floor":12,"key":"Strength Potion"},{"floor":13,"key":"ColorlessPotion"}],"is_trial":false,"path_per_floor":["M","?","M","M","M","R","E","R","T","E","M","M","E","?","R_BF","B",null,"M"],"character_chosen":"THE_SILENT","items_purchased":[],"campfire_rested":0,"item_purchase_floors":[],"current_hp_per_floor":[58,58,58,50,47,47,41,41,41,13,13,13,12,12,31,31,57,33,33],"gold":372,"neow_bonus":"BOSS_RELIC","is_daily":false,"chose_seed":false,"campfire_upgraded":2,"win_rate":0.0,"timestamp":1608590660,"path_taken":["M","?","M","?","M","R","E","R","T","E","M","M","E","?","R_BF","BOSS","M"],"items_purchased_type":[],"build_version":"2020-12-13","purchased_purges":0,"victory":false,"max_hp_per_floor":[66,66,66,66,66,66,66,66,66,66,66,66,66,66,66,66,66,66,66],"relic_stats":{"Shovel":0,"counters":[11,80],"Ornamental Fan":[44],"Cursed Key":0,"obtain_stats":[{"Shovel":7,"Ornamental Fan":10,"Replay:Bronze Core":0,"Counterbalance":9,"Grinning Jar":13,"Cursed Key":17,"Ring of the Snake":0},{"Shovel":5,"Ornamental Fan":6,"Replay:Bronze Core":0,"Counterbalance":5,"Grinning Jar":9,"Cursed Key":10,"Ring of the Snake":0},{"Shovel":36,"Ornamental Fan":51,"Replay:Bronze Core":0,"Counterbalance":36,"Grinning Jar":63,"Cursed Key":78,"Ring of the Snake":0}]},"card_choices":[{"not_picked":["Outmaneuver","Prepared"],"picked":"Cloak And Dagger","floor":1.0},{"not_picked":["Concentrate","Tactician"],"picked":"PiercingWail","floor":3.0},{"not_picked":["Outmaneuver","Choke"],"picked":"Deflect","floor":4.0},{"not_picked":["Acrobatics","ReplayTheSpireMod:Tripwire"],"picked":"Blur","floor":5.0},{"not_picked":["Escape Plan","Distraction"],"picked":"Dodge and Roll","floor":7},{"not_picked":["Hidden Blade","Well Laid Plans"],"picked":"Terror","floor":10},{"not_picked":["Backflip","Underhanded Strike"],"picked":"Riddle With Holes","floor":11},{"not_picked":["Dodge and Roll","Poisoned Stab"],"picked":"Malaise","floor":12},{"not_picked":["Blade Dance","Dodge and Roll"],"picked":"Poisoned Stab","floor":13},{"not_picked":["Storm of Steel","infinitespire:Neurotoxin"],"picked":"ReplayTheSpireMod:From All Sides","floor":16}],"player_experience":620121,"relics_obtained":[{"floor":7,"key":"Shovel"},{"floor":9,"key":"Counterbalance"},{"floor":10,"key":"Ornamental Fan"},{"floor":13,"key":"Grinning Jar"}],"event_choices":[{"damage_healed":0.0,"max_hp_gain":0.0,"max_hp_loss":0.0,"gold_gain":50.0,"event_name":"Golden Shrine","player_choice":"Pray","floor":2.0,"gold_loss":0.0,"damage_taken":0.0},{"damage_healed":0,"gold_gain":0,"player_choice":"Upgraded","damage_taken":0,"max_hp_gain":0,"max_hp_loss":0,"event_name":"Upgrade Shrine","floor":14,"gold_loss":0,"cards_upgraded":["Malaise"]}],"is_beta":false,"boss_relics":[{"not_picked":["Empty Cage","Fusion Hammer"],"picked":"Cursed Key"}],"items_purged_floors":[],"is_endless":false,"potions_floor_spawned":[4,5,11,12,13],"killed_by":"2 Thieves","ascension_level":16}}