{"host":"wghdsg8ym2wc7ov9","time":1608573538,"event":{"mods":["AchievementEnabler","BaseMod","Better Altar","Better Note","Colored Map","Hermit","Highlight Path","Jorbs\u0027s Wanderer Trilogy","Minty Spire (QoL Compilation)","Random Character Button","Relic Stats","Shop Mod","StSLib","The Bug Knight","The Cursed","The Hierophant","The Servant 0.9.4"],"gold_per_floor":[115,126,126,143,154,154,154],"floor_reached":6,"playtime":839,"items_purged":[],"score":40,"play_id":"ec80fd19-4cc1-434d-9606-01dd7dac199d","local_time":"20201221095858","is_ascension_mode":true,"campfire_choices":[],"circlet_count":0,"master_deck":["Strike_P","Strike_P","Strike_P","Strike_P","Defend_P","Defend_P","Defend_P","Defend_P","Eruption","Vigilance","Regret","Magnetism","CutThroughFate","Protect","Indignation","LikeWater"],"relics":["PureWater"],"acts_visited":["Exordium"],"potions_floor_usage":[],"damage_taken":[{"damage":3,"enemies":"2 Louse","floor":1,"turns":3},{"damage":6,"enemies":"Jaw Worm","floor":2,"turns":3},{"damage":16,"enemies":"Cultist","floor":4,"turns":6},{"damage":32,"enemies":"Blue Slaver","floor":5,"turns":5},{"damage":17,"enemies":"HollowMod:MossKnight","floor":6,"turns":4}],"seed_played":"-8860559345773913549","potions_obtained":[{"floor":1,"key":"Dexterity Potion"},{"floor":4,"key":"Weak Potion"}],"is_trial":false,"path_per_floor":["M","M","?","M","M","E"],"character_chosen":"WATCHER","items_purchased":[],"campfire_rested":0,"item_purchase_floors":[],"current_hp_per_floor":[69,63,63,47,15,0,0],"gold":154,"neow_bonus":"RANDOM_COLORLESS_2","is_daily":false,"chose_seed":false,"campfire_upgraded":0,"win_rate":0.0,"timestamp":1608573538,"path_taken":["M","M","?","M","M","E"],"items_purchased_type":[],"build_version":"2020-12-13","purchased_purges":0,"victory":false,"max_hp_per_floor":[72,72,72,72,72,72,72],"relic_stats":{"counters":[5,21],"obtain_stats":[{"PureWater":0},{"PureWater":0},{"PureWater":0}]},"card_choices":[{"not_picked":["Mayhem","The Bomb"],"picked":"Magnetism","floor":0},{"not_picked":["BowlingBash","Fasting2"],"picked":"CutThroughFate","floor":1},{"not_picked":["CrushJoints","Prostrate"],"picked":"Protect","floor":2},{"not_picked":["EmptyFist","ThirdEye"],"picked":"Indignation","floor":4},{"not_picked":["Evaluate","CutThroughFate"],"picked":"LikeWater","floor":5}],"player_experience":498678,"relics_obtained":[],"event_choices":[{"damage_healed":0,"gold_gain":0,"player_choice":"Ignored","damage_taken":0,"max_hp_gain":0,"max_hp_loss":0,"event_name":"Shining Light","floor":3,"gold_loss":0}],"is_beta":false,"boss_relics":[],"items_purged_floors":[],"is_endless":false,"potions_floor_spawned":[1,4],"killed_by":"HollowMod:MossKnight","ascension_level":1}}