{"host":"fuszjwm6fqgjjp4d","time":1608592537,"event":{"mods":["BaseMod","Bestiary","Colored Map","DeckTracker","Minty Spire (QoL Compilation)","Permanent Neow","Relic Sorter","Relic Stats","StSLib"],"gold_per_floor":[119,137,137,149,149,149,149,149],"floor_reached":7,"playtime":326,"items_purged":[],"score":82,"play_id":"3f4efd31-8cfa-4107-8e0c-51728b841480","local_time":"20201221171537","is_ascension_mode":true,"campfire_choices":[{"data":"Mayhem","floor":6,"key":"SMITH"}],"circlet_count":0,"master_deck":["AscendersBane","Strike_G","Strike_G","Strike_G","Strike_G","Strike_G+1","Defend_G","Defend_G+1","Defend_G","Defend_G","Defend_G","Survivor","Neutralize","Mayhem+1","Escape Plan","Crippling Poison","Blade Dance","Neutralize"],"relics":["Ring of the Snake"],"acts_visited":["Exordium"],"potions_floor_usage":[7],"damage_taken":[{"damage":1,"enemies":"2 Louse","floor":1,"turns":3},{"damage":0,"enemies":"Cultist","floor":2,"turns":4},{"damage":2,"enemies":"Jaw Worm","floor":4,"turns":5},{"damage":19,"enemies":"Lagavulin","floor":7,"turns":9}],"seed_played":"-510850249539824407","potions_obtained":[{"floor":2,"key":"SpeedPotion"},{"floor":4,"key":"Ancient Potion"}],"is_trial":false,"path_per_floor":["M","M","?","M","?","R","E"],"character_chosen":"THE_SILENT","items_purchased":[],"campfire_rested":0,"item_purchase_floors":[],"current_hp_per_floor":[43,43,23,21,21,21,2,2],"gold":149,"neow_bonus":"RANDOM_COLORLESS_2","is_daily":false,"chose_seed":false,"campfire_upgraded":1,"win_rate":0.0,"timestamp":1608592537,"path_taken":["M","M","?","M","?","R","E"],"items_purchased_type":[],"build_version":"2020-12-13","purchased_purges":0,"victory":false,"max_hp_per_floor":[66,66,66,66,66,66,66,66],"relic_stats":{"counters":[4,21],"obtain_stats":[{"Ring of the Snake":0},{"Ring of the Snake":0},{"Ring of the Snake":0}],"Ring of the Snake":[8]},"card_choices":[{"not_picked":["Master of Strategy","The Bomb"],"picked":"Mayhem","floor":0},{"not_picked":["Prepared","Expertise"],"picked":"Escape Plan","floor":1},{"not_picked":["Dagger Throw","Distraction"],"picked":"Crippling Poison","floor":2},{"not_picked":["Heel Hook","Prepared"],"picked":"Blade Dance","floor":4}],"player_experience":1194782,"relics_obtained":[],"event_choices":[{"damage_healed":0,"gold_gain":0,"player_choice":"Entered Light","damage_taken":20,"max_hp_gain":0,"max_hp_loss":0,"event_name":"Shining Light","floor":3,"gold_loss":0,"cards_upgraded":["Strike_G","Defend_G"]},{"damage_healed":0,"gold_gain":0,"player_choice":"1 cards matched","damage_taken":0,"max_hp_gain":0,"max_hp_loss":0,"event_name":"Match and Keep!","floor":5,"gold_loss":0,"cards_obtained":["Neutralize"]}],"is_beta":false,"boss_relics":[],"items_purged_floors":[],"is_endless":false,"potions_floor_spawned":[2,4],"killed_by":"Lagavulin","ascension_level":20}}