{"host":"e73i1h3j8sub0lkx","time":1608516122,"event":{"mods":["BaseMod","Downfall","Minty Spire (QoL Compilation)","Quick Restart","Small Relic Pack","StSLib","Trackpad"],"gold_per_floor":[99,124,124,152,152,165,165,15,28,56,67,52,65,76,92,191,241,241,256,275,109,109,109],"floor_reached":22,"playtime":1317,"items_purged":[],"score":306,"play_id":"c3c16d6c-3fff-4ec9-bae3-dd3f6e50cf51","local_time":"20201220210202","is_ascension_mode":false,"campfire_choices":[{"floor":1,"key":"RECALL"},{"data":"sneckomod:Nope","floor":8,"key":"SMITH"},{"data":"sneckomod:UnknownRarePower","floor":18,"key":"SMITH"}],"circlet_count":0,"master_deck":["sneckomod:Strike","sneckomod:Strike","sneckomod:Strike","sneckomod:Defend","sneckomod:Defend","sneckomod:TailWhip","sneckomod:SnekBite","sneckomod:Unknown","sneckomod:Unknown","sneckomod:UnknownWeak","sneckomod:SnekBeam","sneckomod:UnknownVulnerable","sneckomod:Nope+1","sneckomod:Unknown1Cost","sneckomod:UnknownClassGREEN","sneckomod:UnknownClassHEXA_GHOST_PURPLE","sneckomod:UnknownUncommonAttack+1","sneckomod:UnknownRarePower+1","sneckomod:UnknownClassHEXA_GHOST_PURPLE","sneckomod:TrashToTreasure","sneckomod:UnlimitedRolls","sneckomod:SnakeSap","sneckomod:DefensiveFlair","sneckomod:DiceBoulder+1","sneckomod:SnakeSap+1","sneckomod:CheapStock","sneckomod:UnknownRareAttack"],"relics":["sneckomod:SneckoSoul","downfall:HeartsMalice","Mummified Hand","Blood Vial","downfall:HeartBlessingRed","downfall:HeartBlessingBlue","Art of War","Tiny House"],"acts_visited":["Exordium","TheCity"],"potions_floor_usage":[4,13,17,22],"damage_taken":[{"damage":0,"enemies":"Lagavulin","floor":2,"turns":1},{"damage":0,"enemies":"Gremlin Nob","floor":4,"turns":1},{"damage":0,"enemies":"Jaw Worm","floor":5,"turns":1},{"damage":0,"enemies":"Cultist","floor":6,"turns":3},{"damage":0,"enemies":"Small Slimes","floor":9,"turns":2},{"damage":19,"enemies":"Lagavulin","floor":10,"turns":5},{"damage":4,"enemies":"3 Louse","floor":11,"turns":3},{"damage":0,"enemies":"downfall:FleeingMerchant","floor":12,"turns":4},{"damage":0,"enemies":"Blue Slaver","floor":13,"turns":2},{"damage":14,"enemies":"Exordium Thugs","floor":14,"turns":3},{"damage":7,"enemies":"3 Louse","floor":15,"turns":3},{"damage":38,"enemies":"downfall:Ironclad","floor":16,"turns":5},{"damage":22,"enemies":"Spheric Guardian","floor":19,"turns":4},{"damage":21,"enemies":"Snake Plant","floor":20,"turns":4},{"damage":2,"enemies":"downfall:FleeingMerchant","floor":21,"turns":4},{"damage":87,"enemies":"Slavers","floor":22,"turns":4}],"seed_played":"3631199040005485178","potions_obtained":[{"floor":4,"key":"Fruit Juice"},{"floor":6,"key":"SteroidPotion"},{"floor":9,"key":"Block Potion"},{"floor":15,"key":"sneckomod:OffclassReductionPotion"},{"floor":16,"key":"AttackPotion"},{"floor":17,"key":"Fruit Juice"},{"floor":20,"key":"sneckomod:OffclassReductionPotion"}],"is_trial":false,"path_per_floor":["R","E","?","E","M","M","T","R","M","E","M","$","M","M","M","B",null,"R","M","M","$","E"],"character_chosen":"THE_SNECKO","items_purchased":["sneckomod:CheapStock","sneckomod:UnknownRareAttack"],"campfire_rested":0,"item_purchase_floors":[21,21],"current_hp_per_floor":[90,91,91,96,97,97,97,107,108,107,106,111,112,99,94,58,123,123,101,82,83,0,0],"gold":109,"neow_bonus":"THREE_ENEMY_KILL","is_daily":false,"chose_seed":false,"campfire_upgraded":2,"win_rate":0.0,"timestamp":1608516122,"path_taken":["R","E","?","E","?","M","T","R","M","E","M","$","M","M","M","BOSS","R","M","M","$","E"],"items_purchased_type":["Card","Card"],"build_version":"2020-12-13","purchased_purges":0,"victory":false,"max_hp_per_floor":[90,91,91,96,97,97,97,107,108,109,110,111,112,113,113,113,123,123,123,123,124,124,124],"card_choices":[{"not_picked":["sneckomod:DiceBlock","sneckomod:SoulDraw"],"picked":"sneckomod:UnknownWeak","floor":2},{"not_picked":["sneckomod:UnknownClassTHE_CHAMP_GRAY","sneckomod:UnknownX"],"picked":"sneckomod:SnekBeam","floor":4},{"not_picked":["sneckomod:Unknown1Cost","sneckomod:DiceBlock"],"picked":"sneckomod:UnknownVulnerable","floor":5},{"not_picked":["sneckomod:Mudshield","sneckomod:RainOfDice"],"picked":"sneckomod:Nope","floor":6},{"not_picked":["sneckomod:SoulCleanse","sneckomod:UnknownCommonSkill"],"picked":"sneckomod:Unknown1Cost","floor":9},{"not_picked":["sneckomod:UnknownStrike","sneckomod:WideSting"],"picked":"sneckomod:UnknownClassGREEN","floor":10},{"not_picked":["sneckomod:UnknownClassBLUE","sneckomod:UnknownX"],"picked":"sneckomod:UnknownClassHEXA_GHOST_PURPLE","floor":11},{"not_picked":["sneckomod:UnknownWeak","sneckomod:UnknownCommonSkill"],"picked":"sneckomod:UnknownUncommonAttack","floor":12},{"not_picked":["sneckomod:Nope","sneckomod:UnknownStrike"],"picked":"sneckomod:UnknownRarePower","floor":13},{"not_picked":["sneckomod:UnknownVulnerable","sneckomod:Unknown2Cost"],"picked":"sneckomod:UnknownClassHEXA_GHOST_PURPLE","floor":14},{"not_picked":["sneckomod:SoulRoll","sneckomod:RainOfDice"],"picked":"sneckomod:TrashToTreasure","floor":15},{"not_picked":["sneckomod:DangerNoodle","sneckomod:Restock"],"picked":"sneckomod:UnlimitedRolls","floor":16},{"not_picked":["sneckomod:QuickBite","sneckomod:SnekBeam"],"picked":"sneckomod:SnakeSap","floor":17},{"not_picked":["sneckomod:RainOfDice","sneckomod:Nope"],"picked":"sneckomod:DefensiveFlair","floor":19},{"not_picked":["sneckomod:DiceBlock+1","sneckomod:UnknownBlock"],"picked":"sneckomod:DiceBoulder+1","floor":20},{"not_picked":["sneckomod:RainOfDice","sneckomod:UnknownEthereal"],"picked":"sneckomod:SnakeSap+1","floor":21}],"player_experience":490600,"relics_obtained":[{"floor":2,"key":"Mummified Hand"},{"floor":4,"key":"Blood Vial"},{"floor":10,"key":"Art of War"}],"event_choices":[{"cards_removed":["sneckomod:Defend"],"damage_healed":0,"gold_gain":0,"player_choice":"Offered Basic","damage_taken":0,"max_hp_gain":0,"max_hp_loss":0,"event_name":"Bonfire Elementals","floor":3,"gold_loss":0}],"is_beta":false,"boss_relics":[{"not_picked":["Calling Bell","Pandora\u0027s Box"],"picked":"Tiny House"}],"items_purged_floors":[],"is_endless":false,"potions_floor_spawned":[4,6,9,15,16,20],"killed_by":"Slavers","ascension_level":0}}