{"host":"d4km6p8r92tm3vpl","time":1608552952,"event":{"mods":["BaseMod","Hermit","Jorbs\u0027s Wanderer Trilogy","Marisa????????","Minty Spire (QoL Compilation)","Relic Stats","SIMod","StSLib","The Cursed","The Poker Player"],"gold_per_floor":[112,112,112,128,128,128,141,141,141,141,141,206,241,261,261,261,261],"floor_reached":16,"playtime":515,"items_purged":[],"score":98,"play_id":"3ac2f087-8b05-4947-b7f1-cc56f471668b","local_time":"20201221071552","is_ascension_mode":false,"campfire_choices":[{"data":"AllByMyself","floor":6,"key":"SMITH"},{"data":"TenInstruments","floor":8,"key":"SMITH"},{"data":"PinkiePromise","floor":10,"key":"SMITH"},{"data":"PartyCana","floor":15,"key":"SMITH"}],"circlet_count":0,"master_deck":["Strike_AJ","Strike_TS","Strike_RR+1","Strike_RD","Defend_TS","Defend_PP","Defend_FS","Defend_AJ","ConcertedEfforts","HarmonyShield","AllByMyself+1","PinkiePromise+1","Celebrities+1","TenInstruments+1","PartyCana+1","FarmExpert","DynamicVision"],"relics":["The_element_of_harmony","NeowsBlessing","Pyrelight","FaceOfCleric","Eternal Feather","Omamori","Gambling Chip"],"acts_visited":["Exordium"],"potions_floor_usage":[16,16],"damage_taken":[{"damage":0,"enemies":"Small Slimes","floor":1,"turns":1},{"damage":0,"enemies":"2 Louse","floor":4,"turns":1},{"damage":0,"enemies":"Cultist","floor":7,"turns":1},{"damage":17,"enemies":"3 Sentries","floor":12,"turns":8},{"damage":36,"enemies":"Gremlin Nob","floor":13,"turns":4},{"damage":11,"enemies":"Looter","floor":14,"turns":2},{"damage":18,"enemies":"Hexaghost","floor":16,"turns":9}],"seed_played":"-6892143861192834699","potions_obtained":[{"floor":4,"key":"AttackPotion"},{"floor":12,"key":"Dexterity Potion"},{"floor":14,"key":"Weak Potion"}],"is_trial":false,"path_per_floor":["M","?","?","M","?","R","M","R","T","R","?","?","E","M","R","B"],"character_chosen":"TWI_CLASS","items_purchased":[],"campfire_rested":0,"item_purchase_floors":[],"current_hp_per_floor":[82,82,82,82,82,82,83,83,83,83,66,50,15,5,14,0,0],"gold":261,"neow_bonus":"THREE_ENEMY_KILL","is_daily":false,"chose_seed":false,"campfire_upgraded":4,"win_rate":0.0,"timestamp":1608552952,"path_taken":["M","?","?","M","?","R","?","R","T","R","?","?","E","M","R","BOSS"],"items_purchased_type":[],"build_version":"2020-12-13","purchased_purges":0,"victory":false,"max_hp_per_floor":[82,82,82,82,82,82,83,83,83,83,83,84,85,86,86,86,86],"relic_stats":{"FaceOfCleric":4,"counters":[7,26],"Gambling Chip":[7],"Eternal Feather":9,"obtain_stats":[{"NeowsBlessing":0,"FaceOfCleric":5,"Gambling Chip":13,"The_element_of_harmony":0,"Eternal Feather":9,"Pyrelight":2,"Omamori":12},{"NeowsBlessing":0,"FaceOfCleric":2,"Gambling Chip":5,"The_element_of_harmony":0,"Eternal Feather":3,"Pyrelight":1,"Omamori":4},{"NeowsBlessing":0,"FaceOfCleric":2,"Gambling Chip":15,"The_element_of_harmony":0,"Eternal Feather":3,"Pyrelight":1,"Omamori":11}]},"card_choices":[{"not_picked":["Charge"],"picked":"AllByMyself","floor":1},{"not_picked":["RashStunts","Return_To_Past"],"picked":"SKIP","floor":1},{"not_picked":["Honesty"],"picked":"PinkiePromise","floor":4},{"not_picked":["Yay"],"picked":"Celebrities","floor":4},{"not_picked":["SwiftKick"],"picked":"TenInstruments","floor":7},{"not_picked":["Magictrain","Magic"],"picked":"SKIP","floor":7},{"not_picked":["TenInstruments"],"picked":"PartyCana","floor":13},{"not_picked":["Overwhelming"],"picked":"FarmExpert","floor":13},{"not_picked":["Celebrities"],"picked":"DynamicVision","floor":14},{"not_picked":["Charge","PartyAlone"],"picked":"SKIP","floor":14}],"player_experience":803284,"relics_obtained":[{"floor":9,"key":"Eternal Feather"},{"floor":12,"key":"Omamori"},{"floor":13,"key":"Gambling Chip"}],"event_choices":[{"damage_healed":0,"gold_gain":0,"player_choice":"Ignored","damage_taken":0,"max_hp_gain":0,"max_hp_loss":0,"event_name":"Liars Game","floor":3,"gold_loss":0},{"damage_healed":0,"gold_gain":0,"player_choice":"Trade","damage_taken":0,"relics_obtained":["FaceOfCleric"],"max_hp_gain":0,"max_hp_loss":0,"event_name":"FaceTrader","floor":5,"gold_loss":0},{"damage_healed":0,"gold_gain":0,"player_choice":"Entered Light","damage_taken":17,"max_hp_gain":0,"max_hp_loss":0,"event_name":"Shining Light","floor":11,"gold_loss":0,"cards_upgraded":["Celebrities","Strike_RR"]},{"damage_healed":0,"gold_gain":0,"player_choice":"Searched \u00272\u0027 times","damage_taken":0,"max_hp_gain":0,"max_hp_loss":0,"event_name":"Dead Adventurer","floor":12,"gold_loss":0}],"is_beta":false,"boss_relics":[],"items_purged_floors":[],"is_endless":false,"potions_floor_spawned":[4,12,14],"killed_by":"Hexaghost","ascension_level":0}}