{"host":"epfbbx82en3p4qzo","time":1608574515,"event":{"mods":["BaseMod","Hunter 猎人","Luminous","Minty Spire (QoL Compilation)","StSLib","The Bug Knight","WarShipGirlsR/战舰少女R mod","[IsaacMod]以撒尖塔","[地精首领爬塔]The Maniac","vexMod"],"gold_per_floor":[116,116,116,116,130,130,174,194,194,194,218,241,241,255,255,374,374,419,187,203,224,243,243,278,278,278,278,303,402,402,418,418,537,537,562,580,580,596,596,596],"floor_reached":39,"playtime":1900,"items_purged":["Luminous:Dark_Abyssal_Drop"],"score":405,"play_id":"d746a815-49ed-4504-8602-ba02dd7ffa8a","local_time":"20201222021515","is_ascension_mode":false,"campfire_choices":[{"data":"Luminous:Light_Reflection","floor":6,"key":"SMITH"},{"data":"DoctorFetus","floor":10,"key":"SMITH"},{"floor":13,"key":"REST"},{"data":"Luminous:Light_Track","floor":15,"key":"SMITH"},{"data":"Luminous:Lania_Blessing_Luminous","floor":23,"key":"SMITH"},{"data":"Luminous:Darkness_Mastery_Luminous","floor":25,"key":"SMITH"},{"data":"Luminous:Magic_Accelerate_Luminous","floor":27,"key":"SMITH"},{"floor":32,"key":"REST"}],"circlet_count":0,"master_deck":["Luminous:Light_Flash_Shower","Luminous:Light_Flash_Shower","Luminous:Light_Flash_Shower","Luminous:Dark_Abyssal_Drop","Luminous:Dark_Abyssal_Drop","Luminous:Defend_Luminous","Luminous:Defend_Luminous","Luminous:Defend_Luminous","Luminous:Defend_Luminous","Luminous:Switch_Luminous","DoctorFetus+1","Luminous:Light_Spectral_Light","Luminous:Light_Reflection+1","Luminous:Light_Track+1","Luminous:Light_Gather","Luminous:Light_Disperse","Luminous:Lania_Blessing_Luminous+1","Luminous:Date_of_Light_Luminous","Luminous:Flash_Blink_Luminous","Luminous:Magic_Boost_Luminous+1","Luminous:Light_Wash_Luminous","Luminous:Darkness_Mastery_Luminous+1","Luminous:Magic_Accelerate_Luminous+1","Luminous:Concentrate_Luminous+1","Apotheosis","Luminous:Dusk_Guard_Luminous","Luminous:Phantom_Treasure_Luminous","Luminous:Ethereal_Form_Luminous","Transmutation","Mind Blast","Luminous:Balance_Ender+1"],"relics":["Luminous:MirrorRelic","HushsDoor","PunchingBag","Golden Idol","PokeGo","TungstenRod","Velvet Choker","Chemical X","Dream Catcher","Question Card","Busted Crown"],"acts_visited":["Exordium","TheCity","TheBeyond"],"potions_floor_usage":[7,16,16,21,22,36,39],"damage_taken":[{"damage":6,"enemies":"2 Louse","floor":1,"turns":3},{"damage":6,"enemies":"Small Slimes","floor":5,"turns":4},{"damage":32,"enemies":"3 Sentries","floor":7,"turns":5},{"damage":1,"enemies":"Jaw Worm","floor":8,"turns":3},{"damage":6,"enemies":"Gremlin Gang","floor":11,"turns":2},{"damage":8,"enemies":"Lots of Slimes","floor":12,"turns":4},{"damage":0,"enemies":"Exordium Thugs","floor":14,"turns":4},{"damage":13,"enemies":"The Guardian","floor":16,"turns":8},{"damage":13,"enemies":"2 Thieves","floor":18,"turns":4},{"damage":19,"enemies":"Spheric Guardian","floor":20,"turns":4},{"damage":9,"enemies":"3 Cultists","floor":21,"turns":5},{"damage":26,"enemies":"Cultist and Chosen","floor":22,"turns":6},{"damage":17,"enemies":"HollowMod:Nosk","floor":24,"turns":8},{"damage":0,"enemies":"Snake Plant","floor":28,"turns":6},{"damage":3,"enemies":"Centurion and Healer","floor":31,"turns":7},{"damage":4,"enemies":"Champ","floor":33,"turns":10},{"damage":31,"enemies":"3 Shapes","floor":35,"turns":8},{"damage":20,"enemies":"3 Darklings","floor":36,"turns":8},{"damage":37,"enemies":"Transient","floor":38,"turns":5},{"damage":26,"enemies":"Jaw Worm Horde","floor":39,"turns":1}],"seed_played":"3212317138860431313","potions_obtained":[{"floor":5,"key":"SkillPotion"},{"floor":7,"key":"AttackPotion"},{"floor":11,"key":"FearPotion"},{"floor":14,"key":"Explosive Potion"},{"floor":18,"key":"Fire Potion"},{"floor":28,"key":"EssenceOfSteel"},{"floor":36,"key":"Regen Potion"}],"is_trial":false,"path_per_floor":["M","?","?","?","M","R","E","M","T","R","M","M","R","M","R","B",null,"M","$","M","M","M","R","E","R","T","R","M","?","?","M","R","B",null,"M","M","?","M","M"],"character_chosen":"LuminousClass","items_purchased":["Luminous:Date_of_Light_Luminous","Chemical X"],"campfire_rested":2,"item_purchase_floors":[17,19],"current_hp_per_floor":[76,76,81,60,54,54,22,21,21,21,15,7,33,33,33,20,83,70,70,56,47,31,31,19,19,19,19,19,19,19,21,45,56,83,62,62,58,21,0,0],"gold":596,"neow_bonus":"TEN_PERCENT_HP_BONUS","is_daily":false,"chose_seed":false,"campfire_upgraded":6,"win_rate":0.0,"timestamp":1608574515,"path_taken":["M","?","?","?","M","R","E","M","T","R","M","M","R","?","R","BOSS","M","?","?","M","M","R","E","R","T","R","M","?","?","M","R","BOSS","M","M","?","M","M"],"items_purchased_type":["Card","Relic"],"build_version":"2020-12-13","purchased_purges":1,"victory":false,"max_hp_per_floor":[82,82,87,87,87,87,87,87,87,87,87,87,87,87,87,87,83,83,83,83,83,83,83,83,83,83,83,83,83,83,83,83,83,83,83,83,83,83,83,83],"card_choices":[{"not_picked":[],"picked":"DoctorFetus","floor":0},{"not_picked":["Luminous:Accumulation_Luminous","Luminous:Light_Gather"],"picked":"Luminous:Light_Spectral_Light","floor":1},{"not_picked":["Luminous:Mana_Well_Luminous","Luminous:Reverse_Spell_Luminous"],"picked":"Luminous:Light_Reflection","floor":5},{"not_picked":["Bomb","Luminous:Dark_Raid"],"picked":"Luminous:Light_Track","floor":7},{"not_picked":["Bomb","Luminous:Mana_Well_Luminous"],"picked":"Luminous:Light_Gather","floor":8},{"not_picked":["Luminous:Shadow_Shell_Luminous","Luminous:Blinding_Pillar_Luminous","Luminous:Light_Spectral_Light"],"picked":"SKIP","floor":11},{"not_picked":["Bomb","Luminous:Magic_Guard_Luminous"],"picked":"Luminous:Light_Disperse","floor":12},{"not_picked":["Luminous:Light_Disperse","Luminous:Dark_Pressure_Void","Luminous:Accumulation_Luminous"],"picked":"SKIP","floor":14},{"not_picked":["Luminous:Dark_Crescendo_Luminous","Luminous:Freud_Wisdom1_Luminous"],"picked":"Luminous:Lania_Blessing_Luminous","floor":16},{"not_picked":["Luminous:Light_Disperse","Luminous:Light_Glare"],"picked":"Luminous:Flash_Blink_Luminous","floor":18},{"not_picked":["Luminous:Balance_Death_Scythe","Luminous:Concentrate_Luminous"],"picked":"Luminous:Magic_Boost_Luminous+1","floor":20},{"not_picked":["Luminous:Dark_Dim_Erosion+1","Luminous:Accumulation_Luminous+1"],"picked":"Luminous:Light_Wash_Luminous","floor":21},{"not_picked":["Luminous:Light_Reflection","Luminous:Concentrate_Luminous"],"picked":"Luminous:Darkness_Mastery_Luminous","floor":22},{"not_picked":["Luminous:Magic_Boost_Luminous","Luminous:Mirror_Force_Luminous"],"picked":"Luminous:Magic_Accelerate_Luminous","floor":24},{"not_picked":["Luminous:Dark_Raid","Luminous:Dark_Pressure_Void","Luminous:Light_Sylvan_Lance"],"picked":"Luminous:Concentrate_Luminous+1","floor":28},{"not_picked":["Luminous:Dark_Raid","Luminous:Magic_Accelerate_Luminous","Luminous:Accumulation_Luminous"],"picked":"Luminous:Dusk_Guard_Luminous","floor":31},{"not_picked":["Luminous:Dark_Morning_Star+1","Luminous:Light_Sylvan_Lance","Luminous:Light_Gather"],"picked":"Luminous:Phantom_Treasure_Luminous","floor":32},{"not_picked":["Luminous:Balance_Aether_Conduit","Luminous:Arcane_Rage_Luminous","Luminous:Erosion_Luminous"],"picked":"Luminous:Ethereal_Form_Luminous","floor":33},{"not_picked":["Luminous:Concentrate_Luminous","Luminous:Magic_Guard_Luminous+1"],"picked":"SKIP","floor":35},{"not_picked":["Luminous:Reverse_Spell_Luminous","Luminous:Tune_Luminous"],"picked":"SKIP","floor":36},{"not_picked":["Master of Strategy"],"picked":"Transmutation","floor":37},{"not_picked":["PanicButton"],"picked":"Mind Blast","floor":37},{"not_picked":["Luminous:Light_Disperse"],"picked":"Luminous:Balance_Ender+1","floor":38}],"player_experience":18153,"relics_obtained":[{"floor":7,"key":"PokeGo"},{"floor":9,"key":"TungstenRod"},{"floor":24,"key":"Dream Catcher"},{"floor":26,"key":"Question Card"}],"event_choices":[{"damage_healed":0,"gold_gain":0,"player_choice":"Donut","damage_taken":0,"max_hp_gain":5,"max_hp_loss":0,"event_name":"Big Fish","floor":3,"gold_loss":0},{"damage_healed":0,"gold_gain":0,"player_choice":"Take Damage","damage_taken":21,"relics_obtained":["Golden Idol"],"max_hp_gain":0,"max_hp_loss":0,"event_name":"Golden Idol","floor":4,"gold_loss":0},{"damage_healed":0,"gold_gain":99,"player_choice":"Stole From Cult","damage_taken":0,"max_hp_gain":0,"max_hp_loss":0,"event_name":"Nest","floor":29,"gold_loss":0},{"damage_healed":0,"gold_gain":0,"player_choice":"Memory 2","damage_taken":5,"max_hp_gain":0,"max_hp_loss":0,"event_name":"SensoryStone","floor":37,"gold_loss":0}],"is_beta":false,"boss_relics":[{"not_picked":["vexMod:TanglingVine","vexMod:DeviousBotling"],"picked":"Velvet Choker"},{"not_picked":[]},{"not_picked":["SlaversCollar","Black Star"],"picked":"Busted Crown"},{"not_picked":[]}],"items_purged_floors":[19],"is_endless":false,"potions_floor_spawned":[5,7,11,14,18,28,36],"killed_by":"Jaw Worm Horde","ascension_level":0}}