{"host":"nox","time":1608555721,"event":{"mods":["Aspiration","BaseMod","Better Third Choice","Colored Powertips","Conspire","Hubris","Infinite Spire","Minty Spire (QoL Compilation)","Quick Restart","Rare Cards Sparkle","Replay The Spire","Shop Mod","Spikes Relics","StSLib","SuperFastMode","The Alterego","vexMod"],"gold_per_floor":[114,114,128,138,138,138,170,190,190,190,204,204,76,103,103,202,202,222,241,241,241,260,260,260,260],"floor_reached":24,"playtime":682,"items_purged":[],"score":272,"play_id":"eae42a75-c315-4496-82ef-56505e7beeba","local_time":"20201221200201","is_ascension_mode":true,"campfire_choices":[{"data":"Sweeping Beam","floor":6,"key":"SMITH"},{"floor":10,"key":"REST"},{"floor":12,"key":"RECALL"},{"data":"Forethought","floor":15,"key":"SMITH"},{"data":"Capacitor","floor":23,"key":"SMITH"}],"circlet_count":0,"master_deck":["Strike_B","Strike_B","Strike_B","Strike_B","Defend_B","Defend_B","Defend_B","Zap","Dualcast","Sweeping Beam+1","Capacitor","Mayhem","Violence","Forethought+1","Meteor Strike","Tempest+1","Barrage+1","Strike_B","Strike_B","Strike_B","Strike_B","Defend_B","Defend_B","Defend_B","Zap","Dualcast","Sweeping Beam+1","Capacitor+1","Mayhem","Violence","Forethought+1","Meteor Strike","Tempest+1","Barrage+1","Panic Button+1"],"relics":["hubris:RunicObelisk","aspiration:StickyExplosives_weak","infinitespire:EmpoweringShard","ReplayTheSpireMod:ShopPack","CrustySpines","Coffee Dripper"],"acts_visited":["Exordium","TheCity"],"potions_floor_usage":[7,16,16,16,18],"damage_taken":[{"damage":0,"enemies":"Small Slimes","floor":1,"turns":3},{"damage":5,"enemies":"infinitespire:Voidling","floor":3,"turns":3},{"damage":4,"enemies":"Jaw Worm","floor":4,"turns":3},{"damage":25,"enemies":"Lagavulin","floor":7,"turns":7},{"damage":7,"enemies":"2 Fungi Beasts","floor":8,"turns":3},{"damage":4,"enemies":"Red Slaver","floor":11,"turns":2},{"damage":25,"enemies":"3 Sentries","floor":14,"turns":5},{"damage":40,"enemies":"Fading Forest","floor":16,"turns":11},{"damage":16,"enemies":"2 Thieves","floor":18,"turns":3},{"damage":23,"enemies":"conspire:FuzzyDice","floor":19,"turns":4},{"damage":7,"enemies":"Cultist and Chosen","floor":22,"turns":3},{"damage":31,"enemies":"Gremlin Leader","floor":24,"turns":3}],"seed_played":"-2614948379767497849","potions_obtained":[{"floor":3,"key":"FearPotion"},{"floor":4,"key":"FocusPotion"},{"floor":11,"key":"Flashbang"},{"floor":14,"key":"SteroidPotion"},{"floor":16,"key":"LifebloodPotion"}],"is_trial":false,"path_per_floor":["M","?","M","M","?","R","E","M","T","R","M","R","$","E","R","B",null,"M","M","?","?","M","R","E"],"character_chosen":"DEFECT","items_purchased":["ReplayTheSpireMod:ShopPack"],"campfire_rested":1,"item_purchase_floors":[13],"current_hp_per_floor":[75,75,70,66,66,66,41,34,34,56,52,52,52,27,27,15,75,59,36,36,36,29,29,0,0],"gold":260,"neow_bonus":"BOSS_RELIC","is_daily":false,"chose_seed":false,"campfire_upgraded":3,"win_rate":0.0,"timestamp":1608555721,"path_taken":["M","?","M","M","?","R","E","M","T","R","?","R","$","E","R","BOSS","M","M","?","?","M","R","E"],"items_purchased_type":["Relic"],"build_version":"2020-11-17","purchased_purges":0,"victory":false,"max_hp_per_floor":[75,75,75,75,75,75,75,75,75,75,75,75,75,75,75,75,75,75,75,75,75,75,75,75,75],"card_choices":[{"not_picked":["Beam Cell","Undo"],"picked":"Sweeping Beam","floor":1},{"not_picked":["ReplayTheSpireMod:Reroute Power","Fusion","Glacier"],"picked":"SKIP","floor":3},{"not_picked":["ReplaySort","Stack"],"picked":"Capacitor","floor":4},{"not_picked":["Turbo","BootSequence","Tempest"],"picked":"SKIP","floor":7},{"not_picked":["Compile Driver","Cold Snap","Redo"],"picked":"SKIP","floor":8},{"not_picked":["Panic Button","Creative AI","Conserve Battery"],"picked":"SKIP","floor":11},{"not_picked":["vexMod:StairwayStrike","Master of Strategy"],"picked":"Mayhem","floor":13},{"not_picked":["ReplayTheSpireMod:Private Reserves","Bandage Up"],"picked":"Violence","floor":13},{"not_picked":["PanicButton","ReplayTheSpireMod:Trickstab"],"picked":"Forethought","floor":13},{"not_picked":["Turbo","ReplayTheSpireMod:Repulse","Coolheaded"],"picked":"SKIP","floor":14},{"not_picked":["Fission","Multi-Cast"],"picked":"Meteor Strike","floor":16},{"not_picked":["Coolheaded","Barrage+1"],"picked":"Tempest+1","floor":18},{"not_picked":["Conserve Battery","Streamline"],"picked":"Barrage+1","floor":19},{"not_picked":["Skim","Streamline+1"],"picked":"Panic Button+1","floor":22}],"player_experience":207321,"relics_obtained":[{"floor":7,"key":"aspiration:StickyExplosives_weak"},{"floor":9,"key":"infinitespire:EmpoweringShard"},{"floor":14,"key":"CrustySpines"}],"event_choices":[{"damage_healed":0,"gold_gain":0,"player_choice":"Bought 0 Potions","damage_taken":0,"max_hp_gain":0,"max_hp_loss":0,"event_name":"The Woman in Blue","floor":5,"gold_loss":0}],"is_beta":true,"boss_relics":[{"not_picked":["vexMod:FluxCapacitor","hubris:Stopwatch"],"picked":"Coffee Dripper"}],"items_purged_floors":[],"is_endless":false,"potions_floor_spawned":[3,4,11,14,16],"killed_by":"Gremlin Leader","ascension_level":4}}