{"host":"byu8oejwd0fdcxn8","time":1608570517,"event":{"mods":["Act Like it!","Arknights The Spire","BaseMod","Colored Map","Minty Spire (QoL Compilation)","StSLib"],"gold_per_floor":[112,112,126,138,43,43,57,57,84,98,98,111,111,111,111,215,215,232,36,48,147,147,147,27,27,27,42,42,42],"floor_reached":28,"playtime":1097,"items_purged":[],"score":208,"play_id":"4361d803-955a-4017-94e0-d2eeac4892dd","local_time":"20201222020837","is_ascension_mode":false,"campfire_choices":[{"data":"ats:Sunburst","floor":15,"key":"SMITH"},{"data":"ats:Hook Shot","floor":23,"key":"SMITH"},{"data":"ats:Flexible Camouflage","floor":25,"key":"SMITH"}],"circlet_count":0,"master_deck":["ats:Powerful Strike","ats:Powerful Strike","ats:Powerful Strike","ats:Armor Crushing Shot","ats:Defend Up","ats:Defend Up","ats:Defend Up","ats:Defend Up","ats:Emotion Absorption+1","ats:Emotion Absorption+1","ats:Sunburst+1","ats:Hook Shot+1","ats:Blood Oath","ats:Cat Scratch","ats:Chain Hook","ats:Beaten Up+1","ats:Poison Spread","ats:Charging Defense","ats:Rat Pack","ats:Consecutive Shot: Auto","ats:Just Like an Apocalypse","ats:Poison Spread+1","ats:Overload","ats:Flexible Camouflage+1","ats:Fate"],"relics":["ats:Sanity Plus","NlothsMask","ats:Originium","ats:Originium","ats:Originium","Vajra","MutagenicStrength","Ornamental Fan"],"acts_visited":["Exordium","TheCity"],"potions_floor_usage":[16,16,16,16,16,28,28],"damage_taken":[{"damage":1,"enemies":"Jaw Worm","floor":1,"turns":3},{"damage":1,"enemies":"Cultist","floor":3,"turns":3},{"damage":0,"enemies":"Small Slimes","floor":4,"turns":3},{"damage":8,"enemies":"Red Slaver","floor":7,"turns":3},{"damage":21,"enemies":"Large Slime","floor":10,"turns":10},{"damage":0,"enemies":"2 Fungi Beasts","floor":12,"turns":2},{"damage":138,"enemies":"Hexaghost","floor":16,"turns":14},{"damage":30,"enemies":"Shell Parasite","floor":18,"turns":9},{"damage":20,"enemies":"2 Thieves","floor":20,"turns":4},{"damage":31,"enemies":"Shelled Parasite and Fungi","floor":27,"turns":6},{"damage":10,"enemies":"Snake Plant","floor":28,"turns":1}],"seed_played":"-2098140006681324657","potions_obtained":[{"floor":1,"key":"EntropicBrew"},{"floor":3,"key":"PowerPotion"},{"floor":16,"key":"EssenceOfSteel"},{"floor":20,"key":"FearPotion"}],"is_trial":false,"path_per_floor":["M","?","M","M","$","R","M","R","T","M","?","M","R","?","R","B",null,"M","$","M","?","?","R","$","R","T","M","M"],"character_chosen":"DOCTOR_CLASS","items_purchased":["ats:Cat Scratch","ats:Chain Hook","Vajra","ats:Just Like an Apocalypse","ats:Overload","ats:Flexible Camouflage"],"campfire_rested":0,"item_purchase_floors":[5,5,19,19,24,24],"current_hp_per_floor":[71,71,70,70,70,70,62,62,62,53,53,56,56,56,56,4,72,48,48,30,30,30,30,30,30,30,3,0,0],"gold":42,"neow_bonus":"UPGRADE_CARD","is_daily":false,"chose_seed":false,"campfire_upgraded":3,"win_rate":0.0,"timestamp":1608570517,"path_taken":["M","?","M","M","$","R","?","R","T","M","?","M","R","?","R","BOSS","M","$","M","?","?","R","$","R","T","M","M"],"items_purchased_type":["Card","Card","Relic","Card","Card","Card"],"build_version":"2020-12-13","purchased_purges":0,"victory":false,"max_hp_per_floor":[72,72,72,72,72,72,72,72,72,72,72,72,72,72,72,72,72,72,72,72,72,72,72,72,72,72,72,72,72],"card_choices":[{"not_picked":["ats:Composite Medical Shells","ats:Charging Defense"],"picked":"ats:Sunburst","floor":1},{"not_picked":["ats:Flexible Camouflage","ats:Attack Strengthen"],"picked":"ats:Hook Shot","floor":3},{"not_picked":["ats:Just Like an Apocalypse","ats:Shell Defense"],"picked":"ats:Blood Oath","floor":4},{"not_picked":["ats:Revitalization","ats:Shadow Raid"],"picked":"ats:Beaten Up","floor":7},{"not_picked":["ats:Flexible Camouflage","ats:Attack Strengthen"],"picked":"ats:Poison Spread","floor":10},{"not_picked":["ats:Explosion Area Strengthen","ats:Red Shift"],"picked":"ats:Charging Defense","floor":12},{"not_picked":["ats:Beaten Up","ats:Disruption Kick"],"picked":"ats:Rat Pack","floor":16},{"not_picked":["ats:Revitalization","ats:Just Like an Apocalypse"],"picked":"ats:Consecutive Shot: Auto","floor":18},{"not_picked":["ats:Revitalization","ats:Curse Doll"],"picked":"ats:Poison Spread+1","floor":20},{"not_picked":["ats:Poison Spread","ats:Curse Doll"],"picked":"ats:Fate","floor":27}],"player_experience":1037400,"relics_obtained":[{"floor":6,"key":"ats:Originium"},{"floor":8,"key":"ats:Originium"},{"floor":13,"key":"ats:Originium"},{"floor":26,"key":"Ornamental Fan"}],"event_choices":[{"damage_healed":0,"gold_gain":0,"player_choice":"Trade","damage_taken":0,"relics_obtained":["NlothsMask"],"max_hp_gain":0,"max_hp_loss":0,"event_name":"FaceTrader","floor":2,"gold_loss":0},{"damage_healed":0,"gold_gain":0,"player_choice":"Grow","damage_taken":0,"max_hp_gain":0,"max_hp_loss":0,"event_name":"Living Wall","floor":11,"gold_loss":0,"cards_upgraded":["ats:Beaten Up"]},{"damage_healed":0,"gold_gain":0,"player_choice":"Upgraded","damage_taken":0,"max_hp_gain":0,"max_hp_loss":0,"event_name":"Upgrade Shrine","floor":14,"gold_loss":0,"cards_upgraded":["ats:Emotion Absorption"]},{"damage_healed":0,"gold_gain":99,"player_choice":"Stole From Cult","damage_taken":0,"max_hp_gain":0,"max_hp_loss":0,"event_name":"Nest","floor":21,"gold_loss":0},{"damage_healed":0,"gold_gain":0,"player_choice":"Inject Mutagens","damage_taken":0,"relics_obtained":["MutagenicStrength"],"max_hp_gain":0,"max_hp_loss":0,"event_name":"Drug Dealer","floor":22,"gold_loss":0}],"is_beta":false,"boss_relics":[{"not_picked":["Runic Dome","Cursed Key"],"picked":"ats:Sanity Plus"}],"items_purged_floors":[],"is_endless":false,"potions_floor_spawned":[1,3,16,20],"killed_by":"Snake Plant","ascension_level":0}}