{"host":"x1qj4d8ympd5jdqh","time":1608550519,"event":{"mods":["AchievementEnabler","AlwaysNeverKeys","BaseMod","Colored Map","Custom Start","DeckTracker","Highlight Path","Minty Spire (QoL Compilation)","StSLib","SuperFastMode"],"gold_per_floor":[216,228,153,153,24,36,67,83,83,83,83,109,109,109,109,183,183,198,210,210,110,128,128,128,161,161,175,175,205,220,231,231,231,231],"floor_reached":33,"playtime":1232,"items_purged":["Strike_R","Parasite"],"score":640,"play_id":"aefab6c9-5ed9-435e-ab99-f331bd484314","local_time":"20201221203519","is_ascension_mode":true,"campfire_choices":[{"data":"Whirlwind","floor":11.0,"key":"SMITH"},{"floor":13.0,"key":"REST"},{"data":"Carnage","floor":15.0,"key":"SMITH"},{"data":"Armaments","floor":23.0,"key":"SMITH"},{"data":"Offering","floor":28.0,"key":"SMITH"},{"data":"Battle Trance","floor":32.0,"key":"SMITH"}],"circlet_count":0,"master_deck":["AscendersBane","Bash","Body Slam+1","Shockwave","Whirlwind+1","Carnage+1","Fiend Fire","Battle Trance+1","Offering+1","Anger","Rampage","Armaments+1","Pommel Strike","Impervious","Evolve","Necronomicurse","Shrug It Off"],"relics":["Burning Blood","Oddly Smooth Stone","StrikeDummy","Ginger","Pandora\u0027s Box","Necronomicon","Mango","HornCleat","PreservedInsect"],"acts_visited":["Exordium","TheCity"],"potions_floor_usage":[33],"damage_taken":[{"damage":4.0,"enemies":"2 Louse","floor":1.0,"turns":4.0},{"damage":10.0,"enemies":"Small Slimes","floor":2.0,"turns":4.0},{"damage":8.0,"enemies":"Jaw Worm","floor":6.0,"turns":5.0},{"damage":40.0,"enemies":"3 Sentries","floor":7.0,"turns":5.0},{"damage":8.0,"enemies":"Exordium Thugs","floor":8.0,"turns":4.0},{"damage":29.0,"enemies":"Gremlin Nob","floor":12.0,"turns":4.0},{"damage":18.0,"enemies":"Slime Boss","floor":16.0,"turns":6.0},{"damage":9.0,"enemies":"3 Byrds","floor":18.0,"turns":3.0},{"damage":6.0,"enemies":"Chosen","floor":19.0,"turns":2.0},{"damage":13.0,"enemies":"Snecko","floor":22.0,"turns":3.0},{"damage":23.0,"enemies":"Book of Stabbing","floor":25.0,"turns":4.0},{"damage":22.0,"enemies":"Centurion and Healer","floor":27.0,"turns":2.0},{"damage":6.0,"enemies":"Slavers","floor":29.0,"turns":2.0},{"damage":0.0,"enemies":"3 Cultists","floor":30.0,"turns":2.0},{"damage":6.0,"enemies":"Snecko","floor":31.0,"turns":2.0},{"damage":14,"enemies":"Automaton","floor":33,"turns":6}],"seed_played":"-7837080272075371990","potions_obtained":[{"floor":6.0,"key":"PowerPotion"},{"floor":18.0,"key":"Dexterity Potion"},{"floor":19.0,"key":"HeartOfIron"},{"floor":22.0,"key":"Fruit Juice"},{"floor":25.0,"key":"LiquidBronze"}],"is_trial":false,"path_per_floor":["M","M","?","?","$","M","E","M","T","?","R","E","R","?","R","B",null,"M","M","?","$","M","R","?","E","T","M","R","E","M","M","R","B"],"character_chosen":"IRONCLAD","items_purchased":["Dexterity Potion"],"campfire_rested":1,"item_purchase_floors":[5],"current_hp_per_floor":[70,66,66,66,66,64,30,28,28,46,46,23,45,45,45,33,65,62,62,41,41,39,39,39,36,36,20,20,20,26,26,26,12,12],"gold":231,"neow_bonus":"HUNDRED_GOLD","is_daily":false,"chose_seed":false,"campfire_upgraded":5,"win_rate":0.0,"timestamp":1608550519,"path_taken":["M","M","?","?","$","M","E","M","T","?","R","E","R","?","R","BOSS","M","M","?","$","M","R","?","E","T","M","R","E","?","M","R","BOSS"],"items_purchased_type":["Potion"],"build_version":"2020-12-13","purchased_purges":2,"victory":false,"max_hp_per_floor":[75,75,75,75,75,75,75,75,75,75,75,75,75,75,75,75,75,75,75,75,72,77,77,77,91,91,91,91,91,91,91,91,91,91],"card_choices":[{"not_picked":["Thunderclap","Dual Wield"],"picked":"Body Slam","floor":1.0},{"not_picked":["Whirlwind","Clash"],"picked":"Shockwave","floor":2.0},{"not_picked":["Disarm","Warcry"],"picked":"Whirlwind","floor":6.0},{"not_picked":["Reckless Charge","Pummel"],"picked":"Carnage","floor":7.0},{"not_picked":["Headbutt","Searing Blow"],"picked":"Fiend Fire","floor":8.0},{"not_picked":["Thunderclap","Sword Boomerang"],"picked":"Battle Trance","floor":12.0},{"not_picked":["Bludgeon","Limit Break"],"picked":"Offering","floor":16.0},{"not_picked":["Flex","True Grit","Headbutt"],"picked":"SKIP","floor":18.0},{"not_picked":["Heavy Blade","Metallicize","Havoc"],"picked":"SKIP","floor":19.0},{"not_picked":["Havoc","Heavy Blade","Pommel Strike"],"picked":"SKIP","floor":22.0},{"not_picked":["Havoc","Heavy Blade","Pommel Strike"],"picked":"SKIP","floor":22.0},{"not_picked":["Impervious","Sword Boomerang","Iron Wave+1"],"picked":"SKIP","floor":25.0},{"not_picked":["Battle Trance","Warcry","Carnage"],"picked":"SKIP","floor":27.0},{"not_picked":["Havoc","Anger","Infernal Blade"],"picked":"SKIP","floor":29.0},{"not_picked":["Combust","Headbutt"],"picked":"Shrug It Off","floor":30.0},{"not_picked":["Cleave","Flex","Anger"],"picked":"SKIP","floor":31.0}],"player_experience":1258424,"relics_obtained":[{"floor":7.0,"key":"Oddly Smooth Stone"},{"floor":9.0,"key":"StrikeDummy"},{"floor":12.0,"key":"Ginger"},{"floor":20.0,"key":"Necronomicon"},{"floor":25.0,"key":"Mango"},{"floor":26.0,"key":"HornCleat"},{"floor":29.0,"key":"PreservedInsect"}],"event_choices":[{"cards_removed":["Strike_R"],"damage_healed":0.0,"max_hp_gain":0.0,"max_hp_loss":0.0,"gold_gain":0.0,"event_name":"The Cleric","player_choice":"Card Removal","floor":3.0,"gold_loss":75.0,"damage_taken":0.0},{"damage_healed":0.0,"max_hp_gain":0.0,"max_hp_loss":0.0,"gold_gain":0.0,"event_name":"Living Wall","player_choice":"Grow","floor":4.0,"gold_loss":0.0,"damage_taken":0.0,"cards_upgraded":["Body Slam"]},{"damage_healed":18.0,"max_hp_gain":0.0,"max_hp_loss":0.0,"gold_gain":0.0,"event_name":"Mushrooms","player_choice":"Healed and dodged fight","floor":10.0,"gold_loss":0.0,"damage_taken":0.0,"cards_obtained":["Parasite"]},{"damage_healed":0.0,"max_hp_gain":0.0,"max_hp_loss":0.0,"gold_gain":0.0,"event_name":"Liars Game","player_choice":"Ignored","floor":14.0,"gold_loss":0.0,"damage_taken":0.0},{"damage_healed":0.0,"max_hp_gain":0.0,"max_hp_loss":0.0,"gold_gain":0.0,"event_name":"Cursed Tome","player_choice":"Obtained Book","floor":20.0,"gold_loss":0.0,"damage_taken":21.0},{"cards_removed":["Twin Strike"],"damage_healed":0.0,"max_hp_gain":0.0,"max_hp_loss":0.0,"gold_gain":0.0,"event_name":"Back to Basics","player_choice":"Elegance","floor":24.0,"gold_loss":0.0,"damage_taken":0.0}],"is_beta":false,"boss_relics":[{"not_picked":["Philosopher\u0027s Stone","Black Blood"],"picked":"Pandora\u0027s Box"}],"items_purged_floors":[5,21],"is_endless":false,"potions_floor_spawned":[6,7,12,18,19,22,25],"killed_by":"Automaton","ascension_level":20}}