{"host":"kpyoctgc7jne3jiy","time":1608570790,"event":{"mods":["AchievementEnabler","BaseMod","Minty Spire (QoL Compilation)"],"gold_per_floor":[144,189,189,121,166,166,261,261,261,273,380,157,157,202,202,502,502,547,172,217,262,307,307,397,397,422,472,517,567,249,294,294,594,594,639,417,467,20,95,185,230,280,280,405,455,500,590,640,640,640],"floor_reached":51,"playtime":1857,"items_purged":["Corruption","Brutality"],"score":940,"play_id":"4d173e82-0ee3-4b4e-8993-9c0c6a23ecfd","local_time":"20201221181310","daily_mods":["Shiny","Vintage","Midas"],"is_ascension_mode":false,"campfire_choices":[{"floor":6,"key":"REST"},{"floor":8,"key":"REST"},{"floor":10,"key":"REST"},{"floor":13,"key":"REST"},{"floor":15,"key":"REST"},{"floor":23,"key":"REST"},{"floor":25,"key":"REST"},{"floor":32,"key":"REST"},{"floor":49,"key":"REST"}],"circlet_count":0,"master_deck":["Double Tap+1","Demon Form+1","Bludgeon+1","Feed+1","Limit Break+1","Barricade+1","Fiend Fire+1","Berserk+1","Impervious+1","Juggernaut+1","Reaper+1","Exhume+1","Offering+1","Immolate+1","Seeing Red+1","Dark Shackles+1","Double Tap+1","CurseOfTheBell","Thunderclap+1","Rupture+1","Impervious+1","Inflame+1","Offering+1","Armaments+1","Limit Break+1"],"relics":["Burning Blood","Bottled Flame","Pen Nib","SsserpentHead","Tiny Chest","Singing Bowl","MawBank","Anchor","Blood Vial","StoneCalendar","Calling Bell","Bag of Preparation","Ornamental Fan","Torii","PreservedInsect","Happy Flower","Oddly Smooth Stone","Charon\u0027s Ashes","Bronze Scales","Juzu Bracelet","MealTicket","Art of War","Paper Frog","Frozen Egg 2","Toxic Egg 2","Bag of Marbles","Mummified Hand","Philosopher\u0027s Stone","Strawberry","Brimstone","HornCleat","Whetstone","Regal Pillow","Mercury Hourglass","Meat on the Bone","Mark of the Bloom","Bottled Lightning","White Beast Statue","Omamori","Orichalcum"],"acts_visited":["Exordium","TheCity","TheBeyond"],"potions_floor_usage":[16,21,24,50,50],"damage_taken":[{"damage":17.0,"enemies":"Jaw Worm","floor":1.0,"turns":3.0},{"damage":12.0,"enemies":"Cultist","floor":2.0,"turns":3.0},{"damage":0,"enemies":"Small Slimes","floor":5,"turns":1},{"damage":31,"enemies":"Exordium Thugs","floor":7,"turns":4},{"damage":16,"enemies":"Looter","floor":11,"turns":3},{"damage":0,"enemies":"2 Fungi Beasts","floor":14,"turns":1},{"damage":32,"enemies":"Slime Boss","floor":16,"turns":5},{"damage":34,"enemies":"Shell Parasite","floor":18,"turns":5},{"damage":36,"enemies":"Spheric Guardian","floor":20,"turns":4},{"damage":6,"enemies":"Snake Plant","floor":21,"turns":4},{"damage":1,"enemies":"Centurion and Healer","floor":22,"turns":3},{"damage":19,"enemies":"Book of Stabbing","floor":24,"turns":2},{"damage":24,"enemies":"3 Cultists","floor":28,"turns":4},{"damage":8,"enemies":"Sentry and Sphere","floor":31,"turns":4},{"damage":49,"enemies":"Champ","floor":33,"turns":7},{"damage":6,"enemies":"3 Darklings","floor":35,"turns":1},{"damage":6,"enemies":"Giant Head","floor":40,"turns":4},{"damage":6,"enemies":"Orb Walker","floor":41,"turns":1},{"damage":6,"enemies":"Spire Growth","floor":46,"turns":1},{"damage":12,"enemies":"Reptomancer","floor":47,"turns":1},{"damage":63,"enemies":"Time Eater","floor":50,"turns":5}],"seed_played":"7329645460642280970","potions_obtained":[{"floor":1.0,"key":"Energy Potion"},{"floor":2.0,"key":"FearPotion"},{"floor":14,"key":"FearPotion"},{"floor":20,"key":"FairyPotion"},{"floor":24,"key":"Dexterity Potion"},{"floor":33,"key":"LiquidMemories"},{"floor":35,"key":"SkillPotion"},{"floor":46,"key":"Strength Potion"}],"is_trial":false,"path_per_floor":["M","M","?","$","M","R","M","R","T","R","M","$","R","M","R","B",null,"M","$","M","M","M","R","E","R","T","?","M","T","$","M","R","B",null,"M","$","?","$","T","E","M","?","T","T","?","M","E","?","R","B",null],"character_chosen":"IRONCLAD","items_purchased":["Seeing Red","Blood Vial","Dark Shackles","Happy Flower","Oddly Smooth Stone","Bag of Marbles","Rupture+1","Inflame+1","Brimstone","HornCleat","Whetstone","Armaments+1"],"campfire_rested":9,"item_purchase_floors":[4,12,12,19,19,30,30,36,36,38,38,38],"current_hp_per_floor":[75,73,73,73,82,83,64,83,83,83,84,84,86,86,86,80,86,58,58,30,39,53,80,75,92,92,92,83,83,95,93,95,82,95,102,102,102,102,102,104,104,104,104,104,104,98,86,86,86,23],"gold":640,"neow_bonus":"","is_daily":true,"chose_seed":false,"campfire_upgraded":0,"win_rate":0.0,"timestamp":1608570790,"path_taken":["M","M","?","$","M","R","?","R","T","R","?","$","R","M","R","BOSS","M","$","M","M","M","R","E","R","T","?","M","?","$","M","R","BOSS","M","$","?","$","?","E","M","?","T","?","?","M","E","?","R","BOSS"],"items_purchased_type":["Card","Relic","Card","Relic","Relic","Relic","Card","Card","Relic","Relic","Relic","Card"],"build_version":"2020-12-13","purchased_purges":2,"victory":true,"max_hp_per_floor":[80,80,80,80,83,83,83,83,83,83,86,86,86,86,86,86,86,86,86,86,89,92,92,92,92,92,92,95,95,95,95,95,95,95,102,102,102,102,102,104,104,104,104,104,104,104,106,106,106,110],"card_choices":[{"not_picked":["Demon Form","Barricade"],"picked":"Double Tap","floor":16},{"not_picked":["Body Slam+1","Reckless Charge"],"picked":"Thunderclap+1","floor":24},{"not_picked":["Corruption+1","Juggernaut+1"],"picked":"Impervious+1","floor":33},{"not_picked":["Cleave+1","Battle Trance+1","Fire Breathing+1"],"picked":"Singing Bowl","floor":40},{"not_picked":["Iron Wave+1","Whirlwind+1","Combust+1"],"picked":"Singing Bowl","floor":47}],"player_experience":231272,"relics_obtained":[{"floor":1.0,"key":"Bottled Flame"},{"floor":2.0,"key":"Pen Nib"},{"floor":5,"key":"Tiny Chest"},{"floor":7,"key":"Singing Bowl"},{"floor":9,"key":"MawBank"},{"floor":11,"key":"Anchor"},{"floor":14,"key":"StoneCalendar"},{"floor":17,"key":"Bag of Preparation"},{"floor":17,"key":"Ornamental Fan"},{"floor":17,"key":"Torii"},{"floor":18,"key":"PreservedInsect"},{"floor":20,"key":"Charon\u0027s Ashes"},{"floor":21,"key":"Bronze Scales"},{"floor":22,"key":"Juzu Bracelet"},{"floor":24,"key":"MealTicket"},{"floor":26,"key":"Art of War"},{"floor":27,"key":"Paper Frog"},{"floor":28,"key":"Frozen Egg 2"},{"floor":29,"key":"Toxic Egg 2"},{"floor":31,"key":"Mummified Hand"},{"floor":35,"key":"Strawberry"},{"floor":39,"key":"Regal Pillow"},{"floor":40,"key":"Mercury Hourglass"},{"floor":41,"key":"Meat on the Bone"},{"floor":43,"key":"Bottled Lightning"},{"floor":44,"key":"White Beast Statue"},{"floor":46,"key":"Omamori"},{"floor":47,"key":"Orichalcum"}],"event_choices":[{"damage_healed":0.0,"max_hp_gain":0.0,"max_hp_loss":0.0,"gold_gain":0.0,"event_name":"FaceTrader","player_choice":"Trade","floor":3.0,"gold_loss":0.0,"damage_taken":0.0,"relics_obtained":["SsserpentHead"]},{"damage_healed":0,"gold_gain":0,"player_choice":"Relic","damage_taken":0,"max_hp_gain":0,"max_hp_loss":0,"event_name":"Wheel of Change","floor":27,"gold_loss":0},{"damage_healed":0,"gold_gain":0,"player_choice":"1 cards matched","damage_taken":0,"max_hp_gain":0,"max_hp_loss":0,"event_name":"Match and Keep!","floor":37,"gold_loss":0,"cards_obtained":["Offering"]},{"damage_healed":0,"gold_gain":0,"player_choice":"Upgrade","damage_taken":0,"relics_obtained":["Mark of the Bloom"],"max_hp_gain":0,"max_hp_loss":0,"event_name":"MindBloom","floor":42,"gold_loss":0,"cards_upgraded":["Double Tap","Demon Form","Feed","Limit Break","Barricade","Fiend Fire","Berserk","Impervious","Juggernaut","Reaper","Exhume","Offering","Seeing Red","Dark Shackles","Double Tap"]},{"damage_healed":0,"gold_gain":0,"player_choice":"Ignored","damage_taken":0,"max_hp_gain":0,"max_hp_loss":0,"event_name":"Transmorgrifier","floor":45,"gold_loss":0},{"damage_healed":0,"gold_gain":0,"player_choice":"Copied","damage_taken":0,"max_hp_gain":0,"max_hp_loss":0,"event_name":"Duplicator","floor":48,"gold_loss":0,"cards_obtained":["Limit Break"]}],"is_beta":false,"boss_relics":[{"not_picked":["Runic Dome","Black Star"],"picked":"Calling Bell"},{"not_picked":["Astrolabe","Runic Pyramid"],"picked":"Philosopher\u0027s Stone"}],"items_purged_floors":[19,30],"is_endless":false,"potions_floor_spawned":[1,2,14,20,24,33,35,46,47],"ascension_level":0}}