{"host":"thn8o1tmql8xszd5","time":1608593410,"event":{"mods":["AchievementEnabler","Act Like it!","BaseMod","Block Reminder","Colored Map","DeckTracker","Gensokyo","Highlight Path","Minty Spire (QoL Compilation)","Permanent Neow","Quick Restart","Relic Stats","Robot Space Explorer","StSLib","The Blue Laboratory"],"gold_per_floor":[109,109,129,146,146,171,171,191,215,230,230,257,267,298,298,399,399,415,295,0,14,14,14,48,48,116,116,116,116],"floor_reached":28,"playtime":1643,"items_purged":[],"score":373,"play_id":"77914e21-195a-4409-84e9-bf9c052b20aa","local_time":"20201221183010","is_ascension_mode":true,"campfire_choices":[{"data":"Gensokyo:CrescentMoonSlash","floor":7,"key":"SMITH"},{"floor":11,"key":"REST"},{"floor":15,"key":"REST"},{"data":"Armaments","floor":23,"key":"SMITH"},{"data":"Uppercut","floor":27,"key":"SMITH"}],"circlet_count":0,"master_deck":["Strike_R+1","Strike_R","Strike_R+1","Strike_R","Defend_R","Defend_R+1","Defend_R","Defend_R","Bash","Offering","Battle Trance","Sword Boomerang","Warcry","Shrug It Off","Clothesline","Gensokyo:CrescentMoonSlash+1","Reckless Charge","Havoc","Armaments+1","Uppercut+1","Rupture","Fiend Fire","Gensokyo:Shovel","Gensokyo:LockedMedkit","Flame Barrier","Clumsy"],"relics":["Burning Blood","Red Skull","Smiling Mask","Bronze Scales","CaptainsWheel","Cursed Key","Incense Burner","Pear"],"acts_visited":["Exordium","Gensokyo:Gensokyo"],"potions_floor_usage":[6,13,13,16,21],"damage_taken":[{"damage":20,"enemies":"Gensokyo:3_Fairies","floor":1,"turns":5},{"damage":3,"enemies":"Gensokyo:Gryphon","floor":3,"turns":3},{"damage":6,"enemies":"Gensokyo:2_Kodama","floor":4,"turns":2},{"damage":46,"enemies":"Gensokyo:Mamizou","floor":6,"turns":11},{"damage":6,"enemies":"Gensokyo:VengefulSpirit","floor":8,"turns":2},{"damage":7,"enemies":"Gensokyo:2_Rabbits","floor":10,"turns":2},{"damage":22,"enemies":"Gensokyo:Aya","floor":12,"turns":3},{"damage":10,"enemies":"Gensokyo:Kitsune","floor":13,"turns":2},{"damage":6,"enemies":"Gensokyo:Cirno","floor":14,"turns":4},{"damage":26,"enemies":"Gensokyo:Kokoro","floor":16,"turns":8},{"damage":22,"enemies":"Gensokyo:AngelMirror","floor":18,"turns":2},{"damage":6,"enemies":"Gensokyo:Chomper","floor":21,"turns":2},{"damage":36,"enemies":"Gensokyo:Reisen","floor":24,"turns":6},{"damage":27,"enemies":"Gensokyo:Slime_Group","floor":28,"turns":3}],"seed_played":"8124458677252789880","potions_obtained":[{"floor":3,"key":"blueLaboratory:BottledHope"},{"floor":4,"key":"SkillPotion"},{"floor":10,"key":"PowerPotion"},{"floor":13,"key":"blueLaboratory:HummingbirdPotion"},{"floor":14,"key":"SteroidPotion"},{"floor":24,"key":"FearPotion"}],"is_trial":false,"path_per_floor":["M","?","M","M","?","E","R","M","T","M","R","E","M","E","R","B",null,"M","COS","?","M","$","R","E","?","T","R","M"],"character_chosen":"IRONCLAD","items_purchased":[],"campfire_rested":2,"item_purchase_floors":[],"current_hp_per_floor":[58,58,61,61,54,14,14,14,14,13,34,18,14,14,35,15,58,42,42,42,42,42,42,12,12,22,22,0,0],"gold":116,"neow_bonus":"THREE_RARE_CARDS","is_daily":false,"chose_seed":false,"campfire_upgraded":3,"win_rate":0.0,"timestamp":1608593410,"path_taken":["M","?","M","M","?","E","R","M","T","?","R","E","M","E","R","BOSS","M","COS","?","M","$","R","E","?","T","R","M"],"items_purchased_type":[],"build_version":"2020-12-13","purchased_purges":0,"victory":false,"max_hp_per_floor":[72,72,72,72,72,72,72,72,72,72,72,72,72,72,72,72,72,72,72,72,72,72,72,72,72,82,82,82,82],"relic_stats":{"counters":[14,55],"Bronze Scales":[57],"Smiling Mask":0,"Cursed Key":1,"obtain_stats":[{"CaptainsWheel":14,"Pear":26,"Bronze Scales":12,"Incense Burner":24,"Smiling Mask":9,"Cursed Key":17,"Burning Blood":0,"Red Skull":6},{"CaptainsWheel":9,"Pear":13,"Bronze Scales":7,"Incense Burner":13,"Smiling Mask":5,"Cursed Key":10,"Burning Blood":0,"Red Skull":4},{"CaptainsWheel":34,"Pear":52,"Bronze Scales":28,"Incense Burner":52,"Smiling Mask":23,"Cursed Key":42,"Burning Blood":0,"Red Skull":21}],"Burning Blood":78},"card_choices":[{"not_picked":["Limit Break","Exhume"],"picked":"Offering","floor":0},{"not_picked":["Warcry","Heavy Blade"],"picked":"Battle Trance","floor":1},{"not_picked":["Battle Trance","Shrug It Off"],"picked":"Sword Boomerang","floor":2},{"not_picked":["Wild Strike","Perfected Strike"],"picked":"Warcry","floor":2},{"not_picked":["Heavy Blade","Warcry"],"picked":"Shrug It Off","floor":3},{"not_picked":["Limit Break","Pommel Strike"],"picked":"Clothesline","floor":4},{"not_picked":["Feel No Pain","Barricade"],"picked":"Reckless Charge","floor":6},{"not_picked":["Hemokinesis","Anger"],"picked":"Havoc","floor":8},{"not_picked":["Pommel Strike","Entrench"],"picked":"Armaments","floor":10},{"not_picked":["Battle Trance","Shrug It Off"],"picked":"Uppercut","floor":12},{"not_picked":["Dual Wield","Pommel Strike","Body Slam"],"picked":"SKIP","floor":13},{"not_picked":["Wild Strike","Barricade"],"picked":"Rupture","floor":14},{"not_picked":["Demon Form","Feed"],"picked":"Fiend Fire","floor":16},{"not_picked":["Perfected Strike","Pommel Strike","Fire Breathing"],"picked":"SKIP","floor":18},{"not_picked":["Heavy Blade","Blood for Blood"],"picked":"Flame Barrier","floor":21},{"not_picked":["Dual Wield","Anger","Perfected Strike"],"picked":"SKIP","floor":24}],"player_experience":511445,"relics_obtained":[{"floor":6,"key":"Red Skull"},{"floor":9,"key":"Smiling Mask"},{"floor":12,"key":"Bronze Scales"},{"floor":14,"key":"CaptainsWheel"},{"floor":24,"key":"Incense Burner"},{"floor":26,"key":"Pear"}],"event_choices":[],"is_beta":false,"boss_relics":[{"not_picked":["Astrolabe","Calling Bell"],"picked":"Cursed Key"}],"items_purged_floors":[],"is_endless":false,"potions_floor_spawned":[3,4,10,13,14,24],"killed_by":"Gensokyo:Slime_Group","ascension_level":8}}