{"host":"ja297la2wpvv1dvv","time":1608588829,"event":{"mods":["AchievementEnabler","BaseMod","Bestiary","Colored Map","Colored Powertips","Curses Come First","Minty Spire (QoL Compilation)","StSLib"],"gold_per_floor":[114,131,131,81,95,124,124,141,141,174,174,200,220,232,232,335,335,351,351,5,5,23,23,357,357,430,455,481,481,505,533,533,645,645,668,668,731,240,285,285,285],"floor_reached":40,"playtime":5571,"items_purged":["Strike_P"],"score":451,"play_id":"c8cdfb75-d322-4953-b1e3-63e2df7843f3","local_time":"20201221161349","is_ascension_mode":false,"campfire_choices":[{"floor":7.0,"key":"REST"},{"data":"Eruption","floor":11.0,"key":"SMITH"},{"data":"Scrawl","floor":15.0,"key":"SMITH"},{"data":"SpiritShield","floor":23,"key":"SMITH"},{"data":"PathToVictory","floor":25,"key":"SMITH"},{"data":"Adaptation","floor":29,"key":"SMITH"},{"data":"TalkToTheHand","floor":32,"key":"SMITH"}],"circlet_count":0,"master_deck":["Strike_P+1","Defend_P","Defend_P","Eruption+1","Vigilance","Weave","EmptyFist","Scrawl+1","SpiritShield+1","JustLucky+1","ThirdEye","EmptyBody","Nirvana+1","CrushJoints","Tantrum","LessonLearned","CarveReality+1","EmptyMind","TalkToTheHand+1","BattleHymn","FlurryOfBlows","Swift Strike","PathToVictory+1","Adaptation+1","Halt","FollowUp","Wireheading+1","FearNoEvil","DevaForm","CutThroughFate+1","Ragnarok","Chrysalis"],"relics":["PureWater","Eternal Feather","Yang","Meat on the Bone","Pen Nib","Black Star","Bronze Scales","Matryoshka","Old Coin","CeramicFish","Shuriken","Sozu","Torii","Mercury Hourglass","Boot","Bag of Marbles"],"acts_visited":["Exordium","TheCity","TheBeyond"],"potions_floor_usage":[33,33,33],"damage_taken":[{"damage":7.0,"enemies":"Cultist","floor":1.0,"turns":3.0},{"damage":0.0,"enemies":"2 Louse","floor":2.0,"turns":2.0},{"damage":0.0,"enemies":"Jaw Worm","floor":5.0,"turns":2.0},{"damage":35.0,"enemies":"3 Sentries","floor":6.0,"turns":7.0},{"damage":0.0,"enemies":"Exordium Wildlife","floor":8.0,"turns":2.0},{"damage":15.0,"enemies":"Lagavulin","floor":10.0,"turns":7.0},{"damage":31.0,"enemies":"Gremlin Nob","floor":12.0,"turns":5.0},{"damage":8.0,"enemies":"Exordium Thugs","floor":13.0,"turns":5.0},{"damage":8.0,"enemies":"Gremlin Gang","floor":14.0,"turns":4.0},{"damage":15.0,"enemies":"Hexaghost","floor":16.0,"turns":6.0},{"damage":0.0,"enemies":"3 Byrds","floor":18.0,"turns":4.0},{"damage":9,"enemies":"Shell Parasite","floor":22,"turns":3},{"damage":23,"enemies":"Slavers","floor":24,"turns":6},{"damage":0,"enemies":"3 Cultists","floor":27,"turns":3},{"damage":33,"enemies":"Shelled Parasite and Fungi","floor":28,"turns":5},{"damage":12,"enemies":"Snake Plant","floor":30,"turns":2},{"damage":9,"enemies":"Centurion and Healer","floor":31,"turns":4},{"damage":25,"enemies":"Champ","floor":33,"turns":6},{"damage":17,"enemies":"3 Shapes","floor":35,"turns":3},{"damage":42,"enemies":"2 Orb Walkers","floor":37,"turns":4},{"damage":37,"enemies":"Nemesis","floor":40,"turns":2}],"seed_played":"-5634898070682541749","potions_obtained":[{"floor":1.0,"key":"ColorlessPotion"},{"floor":2.0,"key":"Regen Potion"},{"floor":10.0,"key":"AttackPotion"},{"floor":18.0,"key":"Strength Potion"},{"floor":21,"key":"CultistPotion"},{"floor":21,"key":"DistilledChaos"},{"floor":24,"key":"BlessingOfTheForge"},{"floor":27,"key":"Regen Potion"},{"floor":33,"key":"Ambrosia"}],"is_trial":false,"path_per_floor":["M","M","?","?","M","E","R","M","T","E","R","E","M","M","R","B",null,"M","?","$","?","M","R","E","R","T","M","M","R","M","M","R","B",null,"M","?","?","$","T","E"],"character_chosen":"WATCHER","items_purchased":["BattleHymn","Bronze Scales","FlurryOfBlows","Swift Strike","Mercury Hourglass","Chrysalis"],"campfire_rested":1,"item_purchase_floors":[20,20,20,20,38,38],"current_hp_per_floor":[72,72,72,72,72,37,66,66,66,51,60,41,45,46,55,40,79,79,79,79,79,70,79,56,71,71,71,50,65,53,44,59,46,79,62,62,32,32,32,0,0],"gold":285,"neow_bonus":"TEN_PERCENT_HP_BONUS","is_daily":false,"chose_seed":false,"campfire_upgraded":6,"win_rate":0.0,"timestamp":1608588829,"path_taken":["M","M","?","?","M","E","R","M","T","E","R","E","M","M","R","BOSS","M","?","$","?","?","R","E","R","T","M","M","R","M","?","R","BOSS","M","?","?","$","?","E"],"items_purchased_type":["Card","Relic","Card","Card","Relic","Card"],"build_version":"2020-12-13","purchased_purges":1,"victory":false,"max_hp_per_floor":[79,79,79,79,79,79,79,79,79,79,79,79,79,79,79,79,79,79,79,79,79,79,79,79,79,79,79,79,79,79,79,79,79,79,79,75,75,75,75,75,75],"card_choices":[{"not_picked":["Swivel","Halt"],"picked":"Weave","floor":1.0},{"not_picked":["SashWhip","Protect"],"picked":"EmptyFist","floor":2.0},{"not_picked":["ClearTheMind","Fasting2"],"picked":"SpiritShield","floor":5.0},{"not_picked":["PathToVictory","Tantrum"],"picked":"JustLucky","floor":6.0},{"not_picked":["ClearTheMind","DeceiveReality"],"picked":"ThirdEye","floor":8.0},{"not_picked":["SignatureMove","WreathOfFlame"],"picked":"EmptyBody","floor":10.0},{"not_picked":["Sanctity","MentalFortress"],"picked":"Nirvana","floor":12.0},{"not_picked":["FlurryOfBlows","Adaptation"],"picked":"CrushJoints","floor":13.0},{"not_picked":["SashWhip","ThirdEye"],"picked":"Tantrum","floor":14.0},{"not_picked":["ConjureBlade","Judgement"],"picked":"LessonLearned","floor":16.0},{"not_picked":["Prostrate","Perseverance"],"picked":"CarveReality+1","floor":18.0},{"not_picked":["WindmillStrike","EmptyBody"],"picked":"PathToVictory","floor":22},{"not_picked":["Omniscience","BowlingBash"],"picked":"Adaptation","floor":24},{"not_picked":["Prostrate","EmptyFist"],"picked":"Halt","floor":27},{"not_picked":["Crescendo","WheelKick"],"picked":"FollowUp","floor":28},{"not_picked":["TalkToTheHand","SashWhip"],"picked":"Wireheading+1","floor":30},{"not_picked":["WreathOfFlame","Protect"],"picked":"FearNoEvil","floor":31},{"not_picked":["Wish","DeusExMachina"],"picked":"DevaForm","floor":33},{"not_picked":["BowlingBash+1","Prostrate"],"picked":"CutThroughFate+1","floor":35},{"not_picked":["BowlingBash+1","CutThroughFate+1"],"picked":"Ragnarok","floor":37}],"player_experience":157992,"relics_obtained":[{"floor":6.0,"key":"Eternal Feather"},{"floor":9.0,"key":"Yang"},{"floor":10.0,"key":"Meat on the Bone"},{"floor":12.0,"key":"Pen Nib"},{"floor":24,"key":"Matryoshka"},{"floor":24,"key":"Old Coin"},{"floor":26,"key":"CeramicFish"},{"floor":26,"key":"Shuriken"},{"floor":37,"key":"Torii"},{"floor":39,"key":"Boot"},{"floor":39,"key":"Bag of Marbles"}],"event_choices":[{"damage_healed":0.0,"max_hp_gain":0.0,"max_hp_loss":0.0,"gold_gain":0.0,"cards_transformed":["Strike_P"],"event_name":"Living Wall","player_choice":"Change","floor":3.0,"gold_loss":0.0,"damage_taken":0.0,"cards_obtained":["Scrawl"]},{"cards_removed":["Defend_P"],"damage_healed":0.0,"max_hp_gain":0.0,"max_hp_loss":0.0,"gold_gain":0.0,"event_name":"The Cleric","player_choice":"Card Removal","floor":4.0,"gold_loss":50.0,"damage_taken":0.0},{"damage_healed":0.0,"max_hp_gain":0.0,"max_hp_loss":0.0,"gold_gain":0.0,"cards_transformed":["Strike_P","Defend_P"],"event_name":"Drug Dealer","player_choice":"Became Test Subject","floor":19.0,"gold_loss":0.0,"damage_taken":0.0,"cards_obtained":["EmptyMind","TalkToTheHand"]},{"damage_healed":0,"gold_gain":0,"player_choice":"Got Potions","damage_taken":0,"max_hp_gain":0,"max_hp_loss":0,"event_name":"Lab","floor":21,"gold_loss":0},{"damage_healed":0,"gold_gain":0,"player_choice":"Max HP","damage_taken":0,"max_hp_gain":0,"max_hp_loss":4,"event_name":"Winding Halls","floor":36,"gold_loss":0},{"damage_healed":0,"gold_gain":0,"player_choice":"Fight","damage_taken":0,"max_hp_gain":0,"max_hp_loss":0,"event_name":"Mysterious Sphere","floor":37,"gold_loss":0}],"is_beta":false,"boss_relics":[{"not_picked":["SacredBark","Cursed Key"],"picked":"Black Star"},{"not_picked":["Snecko Eye","Astrolabe"],"picked":"Sozu"}],"items_purged_floors":[38],"is_endless":false,"potions_floor_spawned":[1,2,10,18,24,27,33,35],"killed_by":"Nemesis","ascension_level":0}}