{"host":"q9718omregw4er46","time":1608575708,"event":{"mods":["BaseMod","Bestiary","Colored Powertips","Minty Spire (QoL Compilation)","Quick Restart","Relic Stats"],"gold_per_floor":[117,129,147,157,157,157,191,191,191,202,219,250,250,260,260,260,260],"floor_reached":16,"playtime":376,"items_purged":[],"score":228,"play_id":"aa1dd583-bb4f-40a3-9923-4db006c7c25d","local_time":"20201221233508","is_ascension_mode":true,"campfire_choices":[{"data":"Sunder","floor":6.0,"key":"SMITH"},{"floor":8.0,"key":"REST"},{"floor":15,"key":"REST"}],"circlet_count":0,"master_deck":["AscendersBane","Strike_B","Strike_B","Strike_B","Defend_B","Defend_B","Defend_B","Defend_B","Zap","Dualcast","Sunder+1","Ball Lightning","White Noise","Static Discharge"],"relics":["Sozu","Dead Branch","Thread and Needle","Du-Vu Doll"],"acts_visited":["Exordium"],"potions_floor_usage":[],"damage_taken":[{"damage":2.0,"enemies":"2 Louse","floor":1.0,"turns":3.0},{"damage":4.0,"enemies":"Small Slimes","floor":2.0,"turns":3.0},{"damage":7.0,"enemies":"Jaw Worm","floor":3.0,"turns":2.0},{"damage":7.0,"enemies":"Exordium Wildlife","floor":4.0,"turns":3.0},{"damage":30.0,"enemies":"Gremlin Nob","floor":7.0,"turns":4.0},{"damage":0.0,"enemies":"Large Slime","floor":10.0,"turns":3.0},{"damage":1.0,"enemies":"Gremlin Gang","floor":11.0,"turns":3.0},{"damage":18,"enemies":"Lagavulin","floor":12,"turns":4},{"damage":0,"enemies":"Lots of Slimes","floor":14,"turns":1},{"damage":32,"enemies":"The Guardian","floor":16,"turns":8}],"seed_played":"-1439027698071237838","potions_obtained":[],"is_trial":false,"path_per_floor":["M","M","M","M","?","R","E","R","T","M","M","E","?","M","R","B"],"character_chosen":"DEFECT","items_purchased":[],"campfire_rested":2,"item_purchase_floors":[],"current_hp_per_floor":[62,58,51,44,44,44,14,35,35,35,34,16,9,9,30,0,0],"gold":260,"neow_bonus":"BOSS_RELIC","is_daily":false,"chose_seed":false,"campfire_upgraded":1,"win_rate":0.0,"timestamp":1608575708,"path_taken":["M","M","M","M","?","R","E","R","T","M","M","E","?","M","R","BOSS"],"items_purchased_type":[],"build_version":"2020-12-13","purchased_purges":0,"victory":false,"max_hp_per_floor":[71,71,71,71,71,71,71,71,71,71,71,71,71,71,71,71,71],"relic_stats":{"Sozu":5,"counters":[10,34],"Dead Branch":[9],"obtain_stats":[{"Sozu":0,"Du-Vu Doll":12,"Dead Branch":7,"Thread and Needle":9,"Cracked Core":0},{"Sozu":0,"Du-Vu Doll":8,"Dead Branch":5,"Thread and Needle":5,"Cracked Core":0},{"Sozu":0,"Du-Vu Doll":25,"Dead Branch":15,"Thread and Needle":15,"Cracked Core":0}]},"card_choices":[{"not_picked":["Gash","Consume"],"picked":"Sunder","floor":1.0},{"not_picked":["Turbo","Beam Cell"],"picked":"Ball Lightning","floor":2.0},{"not_picked":["Hologram","Auto Shields","Gash"],"picked":"SKIP","floor":3.0},{"not_picked":["Hello World","Streamline","Skim"],"picked":"SKIP","floor":4.0},{"not_picked":["Heatsinks","Steam Power"],"picked":"White Noise","floor":7.0},{"not_picked":["Turbo","Rainbow","Hologram"],"picked":"SKIP","floor":10.0},{"not_picked":["Melter","Reprogram","Turbo"],"picked":"SKIP","floor":11.0},{"not_picked":["Force Field","Loop"],"picked":"Static Discharge","floor":12},{"not_picked":["Barrage","Auto Shields","Conserve Battery"],"picked":"SKIP","floor":14}],"player_experience":1084439,"relics_obtained":[{"floor":7.0,"key":"Dead Branch"},{"floor":9.0,"key":"Thread and Needle"},{"floor":12,"key":"Du-Vu Doll"}],"event_choices":[{"damage_healed":0.0,"max_hp_gain":0.0,"max_hp_loss":0.0,"gold_gain":0.0,"event_name":"Liars Game","player_choice":"Ignored","floor":5.0,"gold_loss":0.0,"damage_taken":0.0},{"cards_removed":["Strike_B"],"damage_healed":0,"gold_gain":0,"player_choice":"Card Removal","damage_taken":7,"max_hp_gain":0,"max_hp_loss":0,"event_name":"Golden Wing","floor":13,"gold_loss":0}],"is_beta":false,"boss_relics":[],"items_purged_floors":[],"is_endless":false,"potions_floor_spawned":[1,2,7,11,14],"killed_by":"The Guardian","ascension_level":20}}