{"host":"f6xgumyvn8a66tyr","time":1608518983,"event":{"mods":["BaseMod","Card Forge","ChefMod","Downfall","Hermit","Infinite Spire","Jedi Mod","Marisa????????","Melee Mod","Minty Spire (QoL Compilation)","Replay The Spire","Small Relic Pack","Spicy Shops","StSLib","The Bladedancer","The Marked","The Runesmith","The Servant 0.9.4","TheSwordswoman","Waifu the Spire","WarShipGirlsR/????R mod"],"gold_per_floor":[144,144,194,233,43,43,97,175,229,125,221,275,275,53,53,284,284,323,362,277,277,328,328,382,307,307,307,59,155,194,227,227,461,461,494,542,117,117,192,288,375,408,408,447,552,585,621,25,25,262,484,484,532,14,74,131,320,419,473,572,572,671,731,767,806,51,51,273,273,330,330,369,294,336,423,504,603,708,792,876,109,184,259,259,481,481,535,535,616,691,198,276,112,196,289,346,385,424,469,511,511,730,949,949,982,994,1057,1165,1255,1357,1453,1552,1645,1696,1708,1048,1102,407,407,641,791,827,664,757,799,799,901,994,573,663,310,406,484,107,143,143,389,389,425,434,509,542,36,132,132,258,357,441,441,525,630,377,377,596,836,836,893,580,625,625,560,662,662,593,707,812,845,845],"floor_reached":167,"playtime":138439,"items_purged":["Strike_R","Sever Soul","Berserk+1","Iron Wave","Rupture+1"],"score":15343,"play_id":"0e390bde-195b-4d1c-88dd-5359959fb308","local_time":"20201220214943","daily_mods":["Vintage","Heirloom","Time Dilation","Flight","DeadlyEvents","Elite Swarm","Lethality","Midas"],"is_ascension_mode":true,"campfire_choices":[{"floor":6.0,"key":"REST"},{"floor":13.0,"key":"REST"},{"floor":15.0,"key":"REST"},{"data":"1","floor":23.0,"key":"LIFT"},{"data":"2","floor":27.0,"key":"LIFT"},{"data":"3","floor":32.0,"key":"LIFT"},{"data":"Immolate","floor":49.0,"key":"PURGE"},{"floor":67.0,"key":"REST"},{"data":"Bludgeon+1","floor":84.0,"key":"PURGE"},{"floor":101.0,"key":"REST"},{"data":"Swift Strike","floor":119.0,"key":"PURGE"},{"data":"Bludgeon+1","floor":136.0,"key":"PURGE"},{"data":"Armaments","floor":145.0,"key":"PURGE"},{"data":"Bludgeon+1","floor":153.0,"key":"PURGE"},{"data":"Feed+1","floor":163.0,"key":"PURGE"}],"circlet_count":6,"master_deck":["AscendersBane","Inflame","Reaper","Heavy Blade","Limit Break","Flex+1","Offering","Inflame","Whirlwind","Offering","Flex","Thunderclap","Dark Embrace+1","Battle Trance","Double Tap","Armaments","Demon Form+1","Uppercut+1","Headbutt+1","Anger+1","Flex","Feed+1","Feed+1","Dropkick+1","Wish","Burning Pact","Apotheosis","Pummel+1","Vault+1","Dramatic Entrance+1","Buffer+1","Limit Break+1","Apotheosis+1","Blasphemy+1","Limit Break+1","DevaForm+1","Meteor Strike+1"],"relics":["Burning Blood","TungstenRod","Centennial Puzzle","Strawberry","War Paint","CaptainsWheel","Meat on the Bone","Whetstone","Torii","Potion Belt","HandDrill","SacredBark","Girya","Bottled Flame","Gambling Chip","Bag of Marbles","Vajra","Bird Faced Urn","Chemical X","Lantern","Frozen Egg 2","Eternal Feather","Pandora\u0027s Box","Matryoshka","Pocketwatch","Champion Belt","Peace Pipe","Mercury Hourglass","HornCleat","Sundial","Kunai","Darkstone Periapt","Ginger","Molten Egg 2","Toy Ornithopter","Magic Flower","Self Forming Clay","Regal Pillow","DollysMirror","Philosopher\u0027s Stone","Question Card","PreservedInsect","StrikeDummy","Odd Mushroom","Pear","Unceasing Top","Pantograph","Calipers","Mummified Hand","Blue Candle","Smiling Mask","FossilizedHelix","Incense Burner","Black Star","Tiny Chest","Gremlin Horn","Blood Vial","Bottled Tornado","White Beast Statue","Brimstone","SlaversCollar","Singing Bowl","Anchor","Toolbox","Happy Flower","Bronze Scales","Du-Vu Doll","Pen Nib","InkBottle","Ancient Tea Set","CeramicFish","Coffee Dripper","MawBank","MealTicket","Boot","Paper Frog","Bag of Preparation","PrismaticShard","Bottled Lightning","Lee\u0027s Waffle","Shuriken","Ornamental Fan","Tiny House","Art of War","Omamori","Nunchaku","Red Skull","Membership Card","Akabeko","Oddly Smooth Stone","Frozen Eye","Orichalcum","Lizard Tail","Toxic Egg 2","The Courier","Letter Opener","Charon\u0027s Ashes","Dead Branch","Thread and Needle","Mango","Ice Cream","Prayer Wheel","Calling Bell","Circlet","Turnip","StoneCalendar","Dream Catcher","Cauldron","Medical Kit","Sling"],"acts_visited":[],"potions_floor_usage":[],"damage_taken":[{"damage":9.0,"enemies":"Small Slimes","floor":1.0,"turns":3.0},{"damage":0.0,"enemies":"2 Louse","floor":4.0,"turns":2.0},{"damage":0.0,"enemies":"Cultist","floor":7.0,"turns":2.0},{"damage":28.0,"enemies":"3 Sentries","floor":8.0,"turns":7.0},{"damage":8.0,"enemies":"Gremlin Nob","floor":11.0,"turns":3.0},{"damage":0.0,"enemies":"Gremlin Gang","floor":12.0,"turns":2.0},{"damage":16.0,"enemies":"The Guardian","floor":16.0,"turns":7.0},{"damage":5.0,"enemies":"2 Thieves","floor":18.0,"turns":1.0},{"damage":14.0,"enemies":"Chosen","floor":19.0,"turns":3.0},{"damage":16.0,"enemies":"Centurion and Healer","floor":22.0,"turns":2.0},{"damage":0.0,"enemies":"3 Cultists","floor":24.0,"turns":3.0},{"damage":5.0,"enemies":"Gremlin Leader","floor":29.0,"turns":3.0},{"damage":10.0,"enemies":"Cultist and Chosen","floor":30.0,"turns":1.0},{"damage":5.0,"enemies":"Shelled Parasite and Fungi","floor":31.0,"turns":1.0},{"damage":10.0,"enemies":"Collector","floor":33.0,"turns":1.0},{"damage":9.0,"enemies":"3 Shapes","floor":35.0,"turns":2.0},{"damage":5.0,"enemies":"Orb Walker","floor":36.0,"turns":1.0},{"damage":5.0,"enemies":"Mind Bloom Boss Battle","floor":39.0,"turns":2.0},{"damage":10.0,"enemies":"Nemesis","floor":40.0,"turns":1.0},{"damage":10.0,"enemies":"Reptomancer","floor":41.0,"turns":2.0},{"damage":6.0,"enemies":"4 Shapes","floor":42.0,"turns":1.0},{"damage":10.0,"enemies":"Jaw Worm Horde","floor":44.0,"turns":1.0},{"damage":21.0,"enemies":"Giant Head","floor":45.0,"turns":2.0},{"damage":11.0,"enemies":"Transient","floor":46.0,"turns":6.0},{"damage":5.0,"enemies":"Writhing Mass","floor":47.0,"turns":1.0},{"damage":10.0,"enemies":"Time Eater","floor":50.0,"turns":1.0},{"damage":28.0,"enemies":"Donu and Deca","floor":51.0,"turns":3.0},{"damage":0.0,"enemies":"2 Louse","floor":53.0,"turns":1.0},{"damage":0.0,"enemies":"The Mushroom Lair","floor":55.0,"turns":1.0},{"damage":0.0,"enemies":"Gremlin Nob","floor":57.0,"turns":2.0},{"damage":0.0,"enemies":"Lagavulin","floor":58.0,"turns":1.0},{"damage":0.0,"enemies":"Small Slimes","floor":59.0,"turns":1.0},{"damage":0.0,"enemies":"Gremlin Nob","floor":60.0,"turns":2.0},{"damage":0.0,"enemies":"Lagavulin","floor":62.0,"turns":1.0},{"damage":0.0,"enemies":"Jaw Worm","floor":63.0,"turns":1.0},{"damage":5.0,"enemies":"Exordium Thugs","floor":64.0,"turns":1.0},{"damage":0.0,"enemies":"Blue Slaver","floor":65.0,"turns":1.0},{"damage":100.0,"enemies":"Hexaghost","floor":68.0,"turns":3.0},{"damage":0.0,"enemies":"2 Thieves","floor":70.0,"turns":1.0},{"damage":0.0,"enemies":"3 Byrds","floor":72.0,"turns":1.0},{"damage":0.0,"enemies":"3 Cultists","floor":74.0,"turns":1.0},{"damage":0.0,"enemies":"Book of Stabbing","floor":75.0,"turns":1.0},{"damage":0.0,"enemies":"Slavers","floor":76.0,"turns":1.0},{"damage":22.0,"enemies":"Gremlin Leader","floor":77.0,"turns":2.0},{"damage":5.0,"enemies":"Slavers","floor":78.0,"turns":1.0},{"damage":0.0,"enemies":"Gremlin Leader","floor":79.0,"turns":1.0},{"damage":0.0,"enemies":"Slavers","floor":80.0,"turns":1.0},{"damage":0.0,"enemies":"Book of Stabbing","floor":82.0,"turns":1.0},{"damage":0.0,"enemies":"Slavers","floor":83.0,"turns":1.0},{"damage":5.0,"enemies":"Collector","floor":85.0,"turns":1.0},{"damage":0.0,"enemies":"3 Shapes","floor":87.0,"turns":1.0},{"damage":5.0,"enemies":"Giant Head","floor":89.0,"turns":2.0},{"damage":5.0,"enemies":"Reptomancer","floor":90.0,"turns":1.0},{"damage":0.0,"enemies":"Giant Head","floor":92.0,"turns":3.0},{"damage":0.0,"enemies":"Reptomancer","floor":94.0,"turns":1.0},{"damage":0.0,"enemies":"Giant Head","floor":95.0,"turns":2.0},{"damage":0.0,"enemies":"3 Darklings","floor":96.0,"turns":1.0},{"damage":0.0,"enemies":"4 Shapes","floor":97.0,"turns":1.0},{"damage":0.0,"enemies":"Transient","floor":98.0,"turns":4.0},{"damage":5.0,"enemies":"Sphere and 2 Shapes","floor":99.0,"turns":1.0},{"damage":0.0,"enemies":"3 Darklings","floor":100.0,"turns":1.0},{"damage":5.0,"enemies":"Awakened One","floor":102.0,"turns":2.0},{"damage":28.0,"enemies":"Donu and Deca","floor":103.0,"turns":2.0},{"damage":0.0,"enemies":"Small Slimes","floor":105.0,"turns":1.0},{"damage":0.0,"enemies":"2 Louse","floor":107.0,"turns":1.0},{"damage":0.0,"enemies":"Lagavulin","floor":108.0,"turns":1.0},{"damage":0.0,"enemies":"Gremlin Nob","floor":109.0,"turns":1.0},{"damage":0.0,"enemies":"3 Sentries","floor":110.0,"turns":1.0},{"damage":0.0,"enemies":"Gremlin Nob","floor":111.0,"turns":1.0},{"damage":10.0,"enemies":"Lagavulin","floor":112.0,"turns":1.0},{"damage":13.0,"enemies":"3 Sentries","floor":113.0,"turns":2.0},{"damage":0.0,"enemies":"Jaw Worm","floor":114.0,"turns":1.0},{"damage":0.0,"enemies":"Looter","floor":117.0,"turns":1.0},{"damage":0.0,"enemies":"The Guardian","floor":120.0,"turns":1.0},{"damage":0.0,"enemies":"2 Thieves","floor":122.0,"turns":1.0},{"damage":0.0,"enemies":"Slavers","floor":124.0,"turns":1.0},{"damage":0.0,"enemies":"Spheric Guardian","floor":125.0,"turns":1.0},{"damage":0.0,"enemies":"Book of Stabbing","floor":127.0,"turns":1.0},{"damage":0.0,"enemies":"Gremlin Leader","floor":128.0,"turns":1.0},{"damage":5.0,"enemies":"Book of Stabbing","floor":130.0,"turns":1.0},{"damage":5.0,"enemies":"Slavers","floor":132.0,"turns":1.0},{"damage":0.0,"enemies":"Book of Stabbing","floor":133.0,"turns":1.0},{"damage":0.0,"enemies":"Snake Plant","floor":135.0,"turns":1.0},{"damage":5.0,"enemies":"Automaton","floor":137.0,"turns":2.0},{"damage":5.0,"enemies":"Orb Walker","floor":139.0,"turns":2.0},{"damage":0.0,"enemies":"Nemesis","floor":141.0,"turns":1.0},{"damage":0.0,"enemies":"3 Darklings","floor":142.0,"turns":1.0},{"damage":0.0,"enemies":"Reptomancer","floor":144.0,"turns":1.0},{"damage":0.0,"enemies":"Nemesis","floor":146.0,"turns":1.0},{"damage":0.0,"enemies":"Giant Head","floor":147.0,"turns":1.0},{"damage":0.0,"enemies":"Reptomancer","floor":148.0,"turns":1.0},{"damage":5.0,"enemies":"Nemesis","floor":150.0,"turns":1.0},{"damage":5.0,"enemies":"Giant Head","floor":151.0,"turns":1.0},{"damage":0.0,"enemies":"Time Eater","floor":154.0,"turns":1.0},{"damage":0.0,"enemies":"Donu and Deca","floor":155.0,"turns":1.0},{"damage":0.0,"enemies":"2 Louse","floor":157.0,"turns":1.0},{"damage":5.0,"enemies":"Cultist","floor":159.0,"turns":1.0},{"damage":0.0,"enemies":"Gremlin Nob","floor":162.0,"turns":1.0},{"damage":5.0,"enemies":"Lagavulin","floor":165.0,"turns":1.0},{"damage":0.0,"enemies":"Gremlin Nob","floor":166.0,"turns":1.0},{"damage":0.0,"enemies":"Jaw Worm","floor":167.0,"turns":1.0}],"seed_played":"342258131296336532","potions_obtained":[{"floor":11.0,"key":"LiquidBronze"},{"floor":12.0,"key":"Explosive Potion"},{"floor":16.0,"key":"DistilledChaos"},{"floor":19.0,"key":"SkillPotion"},{"floor":24.0,"key":"Ancient Potion"},{"floor":30.0,"key":"SkillPotion"},{"floor":31.0,"key":"ElixirPotion"},{"floor":35.0,"key":"FairyPotion"},{"floor":44.0,"key":"SteroidPotion"},{"floor":45.0,"key":"LiquidMemories"},{"floor":50.0,"key":"DistilledChaos"},{"floor":57.0,"key":"ColorlessPotion"},{"floor":74.0,"key":"Regen Potion"},{"floor":75.0,"key":"BloodPotion"},{"floor":102.0,"key":"DuplicationPotion"},{"floor":103.0,"key":"Weak Potion"},{"floor":105.0,"key":"Swift Potion"},{"floor":110.0,"key":"Fruit Juice"},{"floor":113.0,"key":"ColorlessPotion"},{"floor":144.0,"key":"DistilledChaos"},{"floor":157.0,"key":"DuplicationPotion"},{"floor":158.0,"key":"Fruit Juice"},{"floor":158.0,"key":"Swift Potion"}],"is_trial":true,"path_per_floor":["M","?","?","M","$","R","M","E","T","$","E","M","R","$","R","B",null,"M","M","?","?","M","R","M","?","T","R","$","E","M","M","R","B",null,"M","M","$","?","?","E","E","M","T","M","E","M","M","$","R","B","B",null,"M","$","?","?","?","E","M","E","T","E","M","M","M","$","R","B",null,"M","?","M","?","M","E","E","E","E","E","E","$","E","E","R","B",null,"M","?","E","E","$","E","$","E","E","M","M","M","M","M","R","B","B",null,"M","?","M","E","E","E","E","E","E","M","?","$","M","$","R","B",null,"M","$","E","M","?","E","E","$","E","$","E","E","$","M","R","B",null,"M","?","E","M","$","E","R","E","E","E","?","E","E","$","R","B","B",null,"M","$","M","?","$","E","R","$","E","E","M"],"character_chosen":"IRONCLAD","items_purchased":["Inflame","Armaments","Cleave","Heavy Blade","HandDrill","Flex","Chemical X","Whirlwind","Champion Belt","Self Forming Clay","Regal Pillow","DollysMirror","PreservedInsect","StrikeDummy","Uppercut+1","FossilizedHelix","Incense Burner","Rupture+1","Flex","Bottled Tornado","White Beast Statue","Brimstone","Anchor","Toolbox","Happy Flower","Bronze Scales","Paper Frog","Bag of Preparation","PrismaticShard","Dropkick+1","Lee\u0027s Waffle","Shuriken","Ornamental Fan","Omamori","Red Skull","Membership Card","Akabeko","Burning Pact","Oddly Smooth Stone","Frozen Eye","Orichalcum","Apotheosis","Lizard Tail","Toxic Egg 2","Pummel+1","Dead Branch","Thread and Needle","Mango","Ice Cream","Prayer Wheel","Apotheosis+1","Limit Break+1","StoneCalendar","Dream Catcher","Cauldron","Medical Kit","Sling"],"campfire_rested":5,"item_purchase_floors":[5,5,5,10,14,14,28,28,37,48,48,48,54,54,54,66,66,66,66,81,81,81,91,91,91,93,116,116,116,116,118,118,118,123,129,129,129,129,131,131,131,131,134,134,134,143,143,143,143,152,152,158,158,158,158,161,164],"current_hp_per_floor":[65,63,63,69,69,82,82,60,60,60,58,65,82,82,82,72,80,82,74,74,74,64,64,82,82,82,82,82,82,82,82,82,80,82,80,81,81,81,82,82,78,80,80,80,71,82,82,82,82,82,71,79,82,82,82,82,92,92,92,92,92,92,92,92,92,92,92,90,92,92,92,92,92,92,92,92,79,92,92,92,92,96,100,100,104,104,108,110,112,118,118,120,120,126,128,128,128,128,132,136,136,146,146,151,156,156,156,158,160,170,172,184,190,194,194,194,198,205,205,207,214,218,218,222,226,226,232,238,238,244,244,254,260,260,264,264,268,268,272,267,282,282,296,300,300,302,308,312,312,314,320,320,320,326,326,326,326,326,326,326,326,326,326,326,326,326,326,326],"gold":845,"neow_bonus":"","is_daily":false,"chose_seed":false,"campfire_upgraded":0,"win_rate":0.0,"timestamp":1608518983,"path_taken":["M","?","?","?","$","R","M","E","T","$","?","M","R","?","R","BOSS","M","M","?","?","M","R","M","?","T","R","$","?","M","M","R","BOSS","M","M","$","?","?","E","E","M","T","M","?","M","?","$","R","BOSS","BOSS","M","$","?","?","?","E","M","E","T","E","?","M","?","$","R","BOSS","M","?","?","?","M","E","?","?","E","?","E","$","E","E","R","BOSS","M","?","?","?","$","E","$","E","E","M","M","M","M","M","R","BOSS","BOSS","M","?","M","?","?","E","E","E","E","?","?","$","?","$","R","BOSS","M","$","?","?","?","E","E","$","E","?","?","?","$","?","R","BOSS","M","?","?","?","$","E","R","E","E","?","?","?","E","$","R","BOSS","BOSS","M","$","?","?","?","E","R","$","E","?","?"],"items_purchased_type":["Card","Card","Card","Card","Relic","Card","Relic","Card","Relic","Relic","Relic","Relic","Relic","Relic","Card","Relic","Relic","Card","Card","Relic","Relic","Relic","Relic","Relic","Relic","Relic","Relic","Relic","Relic","Card","Relic","Relic","Relic","Relic","Relic","Relic","Relic","Card","Relic","Relic","Relic","Card","Relic","Relic","Card","Relic","Relic","Relic","Relic","Relic","Card","Card","Relic","Relic","Relic","Relic","Relic"],"build_version":"2020-12-13","purchased_purges":5,"victory":false,"max_hp_per_floor":[75,82,82,82,82,82,82,82,82,82,82,82,82,82,82,82,82,82,82,82,82,82,82,82,82,82,82,82,82,82,82,82,82,82,82,82,82,82,82,82,82,82,82,82,82,82,82,82,82,82,82,82,82,82,82,82,92,92,92,92,92,92,92,92,92,92,92,92,92,92,92,92,92,92,92,92,92,92,92,92,92,96,100,100,104,104,108,110,112,118,118,120,120,126,128,128,128,128,132,136,136,146,152,152,156,156,156,158,160,170,172,184,190,194,194,194,198,205,205,207,214,218,218,222,226,226,232,238,238,244,244,254,260,260,264,264,268,268,272,276,282,282,296,300,300,302,308,312,312,314,320,320,320,326,326,326,326,326,326,326,326,326,326,326,326,326,326,326],"card_choices":[{"not_picked":["Juggernaut","Double Tap"],"picked":"Reaper","floor":8.0},{"not_picked":["Bludgeon","Demon Form"],"picked":"Limit Break","floor":11.0},{"not_picked":["Double Tap","Feed"],"picked":"Offering","floor":16.0},{"not_picked":["Bludgeon","Limit Break"],"picked":"Offering","floor":29.0},{"not_picked":["Corruption+1","Bludgeon"],"picked":"Berserk+1","floor":33.0},{"not_picked":["Purity","Trip"],"picked":"Swift Strike","floor":38.0},{"not_picked":["Thunderclap","Heavy Blade+1"],"picked":"Iron Wave","floor":39.0},{"not_picked":["Corruption+1","Impervious","Berserk+1"],"picked":"SKIP","floor":40.0},{"not_picked":["Juggernaut+1","Impervious","Brutality+1"],"picked":"SKIP","floor":41.0},{"not_picked":["Juggernaut+1","Offering"],"picked":"Double Tap","floor":45.0},{"not_picked":["Corruption+1","Limit Break"],"picked":"Demon Form+1","floor":51.0},{"not_picked":["Fire Breathing+1","Dark Embrace+1","Iron Wave+1"],"picked":"Headbutt+1","floor":55.0},{"not_picked":["Power Through","Thunderclap+1","Perfected Strike+1"],"picked":"Anger+1","floor":57.0},{"not_picked":["Double Tap","Limit Break","Reaper+1"],"picked":"Bludgeon+1","floor":58.0},{"not_picked":["Brutality+1","Barricade+1","Double Tap"],"picked":"Bludgeon+1","floor":60.0},{"not_picked":["Corruption+1","Demon Form+1","Double Tap","Limit Break"],"picked":"SKIP","floor":62.0},{"not_picked":["Demon Form+1","Barricade+1","Immolate+1","Fiend Fire+1"],"picked":"SKIP","floor":75.0},{"not_picked":["Reaper+1","Fiend Fire+1","Juggernaut+1","Berserk+1"],"picked":"SKIP","floor":76.0},{"not_picked":["Barricade+1","Reaper+1","Limit Break"],"picked":"Feed+1","floor":77.0},{"not_picked":["Immolate+1","Reaper+1","Exhume"],"picked":"Feed+1","floor":78.0},{"not_picked":["Fiend Fire+1","Exhume","Limit Break"],"picked":"Feed+1","floor":79.0},{"not_picked":["Bludgeon+1","Demon Form+1","Juggernaut+1","Corruption+1"],"picked":"SKIP","floor":80.0},{"not_picked":["Immolate+1","Feed+1","Demon Form+1"],"picked":"Bludgeon+1","floor":82.0},{"not_picked":["Exhume","Bludgeon+1","Brutality+1","Immolate+1"],"picked":"SKIP","floor":83.0},{"not_picked":["Discovery","Jack Of All Trades","Swift Strike+1","Good Instincts"],"picked":"Singing Bowl","floor":88.0},{"not_picked":["Offering","Berserk+1","Demon Form+1","Juggernaut+1"],"picked":"Singing Bowl","floor":89.0},{"not_picked":["Exhume","Double Tap","Feed+1","Brutality+1"],"picked":"Singing Bowl","floor":90.0},{"not_picked":["Bludgeon+1","Double Tap","Impervious","Reaper+1"],"picked":"Singing Bowl","floor":92.0},{"not_picked":["Berserk+1","Offering","Barricade+1","Reaper+1"],"picked":"Singing Bowl","floor":94.0},{"not_picked":["Limit Break","Impervious","Juggernaut+1","Double Tap"],"picked":"Singing Bowl","floor":95.0},{"not_picked":["Demon Form+1","Berserk+1","Impervious","Reaper+1"],"picked":"Singing Bowl","floor":102.0},{"not_picked":["Corruption+1","Double Tap","Juggernaut+1","Impervious"],"picked":"Singing Bowl","floor":103.0},{"not_picked":["Impervious","Reaper+1","Double Tap","Fiend Fire+1"],"picked":"Singing Bowl","floor":108.0},{"not_picked":["Demon Form+1","Limit Break","Double Tap","Corruption+1"],"picked":"Singing Bowl","floor":109.0},{"not_picked":["Exhume","Offering","Juggernaut+1","Brutality+1"],"picked":"Singing Bowl","floor":110.0},{"not_picked":["Fiend Fire+1","Corruption+1","Impervious","Feed+1"],"picked":"Singing Bowl","floor":111.0},{"not_picked":["Demon Form+1","Reaper+1","Brutality+1","Juggernaut+1"],"picked":"Singing Bowl","floor":112.0},{"not_picked":["Immolate+1","Berserk+1","Brutality+1","Exhume"],"picked":"Singing Bowl","floor":113.0},{"not_picked":["Offering","Transmutation","ConjureBlade","Fiend Fire+1"],"picked":"Singing Bowl","floor":120.0},{"not_picked":["Wild Strike+1","PiercingWail","Combust+1","Underhanded Strike+1"],"picked":"Singing Bowl","floor":121.0},{"not_picked":["Rainbow","Thunder Strike+1","Burst"],"picked":"Wish","floor":124.0},{"not_picked":["Immolate+1","Transmutation","Rainbow","Wish"],"picked":"Singing Bowl","floor":127.0},{"not_picked":["Double Tap","Impervious","Omniscience","Hyperbeam+1"],"picked":"Singing Bowl","floor":128.0},{"not_picked":["Double Tap","LessonLearned+1","Violence","Glass Knife+1"],"picked":"Singing Bowl","floor":130.0},{"not_picked":["Tools of the Trade+1","Echo Form+1","Barricade+1","Night Terror"],"picked":"Singing Bowl","floor":132.0},{"not_picked":["Vault","Magnetism+1","SpiritShield","Brutality+1"],"picked":"Singing Bowl","floor":133.0},{"not_picked":["Alpha+1","The Bomb+1","DevaForm+1"],"picked":"Vault+1","floor":137.0},{"not_picked":["Swift Strike+1","Secret Weapon+1","Purity+1","Discovery+1"],"picked":"Singing Bowl","floor":140.0},{"not_picked":["Magnetism+1","Forethought+1","Dark Shackles+1"],"picked":"Dramatic Entrance+1","floor":140.0},{"not_picked":["Mind Blast+1","Purity+1","Panache+1","Flash of Steel+1"],"picked":"Singing Bowl","floor":140.0},{"not_picked":["A Thousand Cuts+1","Alpha+1","Electrodynamics+1","Ragnarok+1"],"picked":"Singing Bowl","floor":141.0},{"not_picked":["Ragnarok+1","Machine Learning+1","Secret Technique+1"],"picked":"Buffer+1","floor":144.0},{"not_picked":["Multi-Cast+1","Seek+1","Night Terror+1","Master of Strategy+1"],"picked":"Singing Bowl","floor":146.0},{"not_picked":["Sadistic Nature+1","Judgement+1","Fission+1","Seek+1"],"picked":"Singing Bowl","floor":147.0},{"not_picked":["Unload+1","Transmutation+1","After Image+1"],"picked":"Limit Break+1","floor":148.0},{"not_picked":["Exhume+1","ConjureBlade+1","Secret Weapon+1","Transmutation+1"],"picked":"Singing Bowl","floor":150.0},{"not_picked":["Master of Strategy+1","Reboot+1","Meteor Strike+1","Rainbow+1"],"picked":"Singing Bowl","floor":151.0},{"not_picked":["Impervious+1","Biased Cognition+1","Adrenaline+1","Demon Form+1"],"picked":"Singing Bowl","floor":154.0},{"not_picked":["Reboot+1","Secret Technique+1","Secret Weapon+1"],"picked":"Blasphemy+1","floor":155.0},{"not_picked":["Corruption+1","Doppelganger+1","Secret Technique+1"],"picked":"DevaForm+1","floor":162.0},{"not_picked":["Judgement+1","Envenom+1","Fission+1"],"picked":"Meteor Strike+1","floor":165.0},{"not_picked":["Violence+1","Fission+1","Creative AI+1","Secret Technique+1"],"picked":"Singing Bowl","floor":166.0}],"player_experience":109556,"relics_obtained":[{"floor":1.0,"key":"Centennial Puzzle"},{"floor":4.0,"key":"War Paint"},{"floor":7.0,"key":"CaptainsWheel"},{"floor":8.0,"key":"Meat on the Bone"},{"floor":9.0,"key":"Whetstone"},{"floor":11.0,"key":"Torii"},{"floor":12.0,"key":"Potion Belt"},{"floor":18.0,"key":"Girya"},{"floor":19.0,"key":"Bottled Flame"},{"floor":22.0,"key":"Bag of Marbles"},{"floor":24.0,"key":"Vajra"},{"floor":26.0,"key":"Bird Faced Urn"},{"floor":29.0,"key":"Lantern"},{"floor":30.0,"key":"Frozen Egg 2"},{"floor":31.0,"key":"Eternal Feather"},{"floor":35.0,"key":"Matryoshka"},{"floor":36.0,"key":"Pocketwatch"},{"floor":39.0,"key":"Peace Pipe"},{"floor":40.0,"key":"Mercury Hourglass"},{"floor":41.0,"key":"HornCleat"},{"floor":42.0,"key":"Sundial"},{"floor":43.0,"key":"Kunai"},{"floor":43.0,"key":"Darkstone Periapt"},{"floor":44.0,"key":"Ginger"},{"floor":45.0,"key":"Molten Egg 2"},{"floor":46.0,"key":"Toy Ornithopter"},{"floor":47.0,"key":"Magic Flower"},{"floor":53.0,"key":"Question Card"},{"floor":55.0,"key":"Odd Mushroom"},{"floor":59.0,"key":"Unceasing Top"},{"floor":61.0,"key":"Pantograph"},{"floor":61.0,"key":"Calipers"},{"floor":63.0,"key":"Mummified Hand"},{"floor":64.0,"key":"Blue Candle"},{"floor":65.0,"key":"Smiling Mask"},{"floor":70.0,"key":"Tiny Chest"},{"floor":72.0,"key":"Gremlin Horn"},{"floor":74.0,"key":"Blood Vial"},{"floor":87.0,"key":"Singing Bowl"},{"floor":96.0,"key":"Du-Vu Doll"},{"floor":97.0,"key":"Pen Nib"},{"floor":98.0,"key":"InkBottle"},{"floor":99.0,"key":"Ancient Tea Set"},{"floor":100.0,"key":"CeramicFish"},{"floor":105.0,"key":"MawBank"},{"floor":107.0,"key":"MealTicket"},{"floor":114.0,"key":"Boot"},{"floor":117.0,"key":"Bottled Lightning"},{"floor":122.0,"key":"Art of War"},{"floor":125.0,"key":"Nunchaku"},{"floor":135.0,"key":"The Courier"},{"floor":139.0,"key":"Letter Opener"},{"floor":142.0,"key":"Charon\u0027s Ashes"},{"floor":156.0,"key":"Circlet"},{"floor":156.0,"key":"Circlet"},{"floor":156.0,"key":"Circlet"},{"floor":157.0,"key":"Turnip"},{"floor":159.0,"key":"Circlet"},{"floor":167,"key":"Circlet"}],"event_choices":[{"damage_healed":0.0,"max_hp_gain":0.0,"max_hp_loss":0.0,"gold_gain":0.0,"event_name":"Scrap Ooze","player_choice":"Success","floor":2.0,"gold_loss":0.0,"damage_taken":11.0,"relics_obtained":["Strawberry"]},{"damage_healed":0.0,"max_hp_gain":0.0,"max_hp_loss":0.0,"gold_gain":50.0,"event_name":"Golden Shrine","player_choice":"Pray","floor":3.0,"gold_loss":0.0,"damage_taken":0.0},{"damage_healed":0.0,"max_hp_gain":0.0,"max_hp_loss":0.0,"gold_gain":0.0,"event_name":"Addict","player_choice":"Obtained Relic","floor":20.0,"gold_loss":85.0,"damage_taken":0.0,"relics_obtained":["Gambling Chip"]},{"damage_healed":0.0,"max_hp_gain":0.0,"max_hp_loss":0.0,"gold_gain":0.0,"event_name":"The Library","player_choice":"Read","floor":21.0,"gold_loss":0.0,"damage_taken":0.0,"cards_obtained":["Inflame"]},{"cards_removed":["Defend_R"],"damage_healed":0.0,"max_hp_gain":0.0,"max_hp_loss":0.0,"gold_gain":0.0,"event_name":"Beggar","player_choice":"Gave Gold","floor":25.0,"gold_loss":75.0,"damage_taken":0.0},{"damage_healed":0.0,"max_hp_gain":0.0,"max_hp_loss":0.0,"gold_gain":0.0,"event_name":"SensoryStone","player_choice":"Memory 1","floor":38.0,"gold_loss":0.0,"damage_taken":0.0},{"damage_healed":0.0,"max_hp_gain":0.0,"max_hp_loss":0.0,"gold_gain":0.0,"event_name":"MindBloom","player_choice":"Fight","floor":39.0,"gold_loss":0.0,"damage_taken":0.0},{"damage_healed":0.0,"max_hp_gain":0.0,"max_hp_loss":0.0,"gold_gain":0.0,"event_name":"Mushrooms","player_choice":"Fought Mushrooms","floor":55.0,"gold_loss":0.0,"damage_taken":0.0},{"damage_healed":0.0,"max_hp_gain":0.0,"max_hp_loss":0.0,"gold_gain":57.0,"event_name":"Golden Wing","player_choice":"Gained Gold","floor":56.0,"gold_loss":0.0,"damage_taken":0.0},{"damage_healed":0.0,"max_hp_gain":0.0,"max_hp_loss":0.0,"gold_gain":0.0,"event_name":"Dead Adventurer","player_choice":"Searched \u00272\u0027 times","floor":57.0,"gold_loss":0.0,"damage_taken":0.0,"relics_obtained":["Pear"]},{"cards_removed":["Bash"],"damage_healed":0.0,"max_hp_gain":0.0,"max_hp_loss":0.0,"gold_gain":0.0,"event_name":"Back to Basics","player_choice":"Elegance","floor":71.0,"gold_loss":0.0,"damage_taken":0.0},{"cards_removed":["Iron Wave"],"damage_healed":0.0,"max_hp_gain":0.0,"max_hp_loss":0.0,"gold_gain":0.0,"event_name":"Beggar","player_choice":"Gave Gold","floor":73.0,"gold_loss":75.0,"damage_taken":0.0},{"damage_healed":0.0,"max_hp_gain":0.0,"max_hp_loss":0.0,"gold_gain":0.0,"event_name":"SensoryStone","player_choice":"Memory 1","floor":88.0,"gold_loss":0.0,"damage_taken":0.0},{"damage_healed":0.0,"max_hp_gain":0.0,"max_hp_loss":0.0,"gold_gain":0.0,"event_name":"Match and Keep!","player_choice":"0 cards matched","floor":106.0,"gold_loss":0.0,"damage_taken":0.0,"cards_obtained":[]},{"damage_healed":0.0,"max_hp_gain":0.0,"max_hp_loss":0.0,"gold_gain":0.0,"event_name":"The Cleric","player_choice":"Leave","floor":115.0,"gold_loss":0.0,"damage_taken":0.0},{"damage_healed":0.0,"max_hp_gain":0.0,"max_hp_loss":0.0,"gold_gain":0.0,"event_name":"Vampires","player_choice":"Ignored","floor":126.0,"gold_loss":0.0,"damage_taken":0.0},{"damage_healed":0.0,"max_hp_gain":0.0,"max_hp_loss":0.0,"gold_gain":0.0,"event_name":"SensoryStone","player_choice":"Memory 3","floor":140.0,"gold_loss":0.0,"damage_taken":10.0},{"cards_removed":["Cleave"],"damage_healed":0.0,"max_hp_gain":0.0,"max_hp_loss":0.0,"gold_gain":0.0,"event_name":"Falling","player_choice":"Removed Attack","floor":149.0,"gold_loss":0.0,"damage_taken":0.0},{"damage_healed":0.0,"max_hp_gain":0.0,"max_hp_loss":0.0,"gold_gain":0.0,"event_name":"Big Fish","player_choice":"Box","floor":160.0,"gold_loss":0.0,"damage_taken":0.0,"relics_obtained":["Circlet"],"cards_obtained":["Regret"]}],"is_beta":false,"boss_relics":[{"not_picked":["Busted Crown","Snecko Eye"],"picked":"SacredBark"},{"not_picked":["Black Blood","Calling Bell"],"picked":"Pandora\u0027s Box"},{"not_picked":["SlaversCollar","Coffee Dripper"],"picked":"Philosopher\u0027s Stone"},{"not_picked":["Cursed Key","Runic Dome"],"picked":"Black Star"},{"not_picked":["Runic Pyramid","Calling Bell"],"picked":"SlaversCollar"},{"not_picked":["Runic Cube","Snecko Eye"],"picked":"Coffee Dripper"},{"not_picked":["Fusion Hammer","Cursed Key"],"picked":"Tiny House"},{"not_picked":["Runic Dome","Snecko Eye","Astrolabe"]},{"not_picked":["Busted Crown","Sozu"],"picked":"Calling Bell"}],"items_purged_floors":[10,37,81,134,152],"is_endless":false,"potions_floor_spawned":[11,12,16,19,24,30,31,35,44,45,50,55,57,58,64,65,74,75,76,79,82,83,85,87,89,90,92,94,95,96,97,98,99,100,102,103,105,107,108,109,110,111,112,113,114,117,120,122,124,125,127,128,130,132,133,135,137,139,141,142,144,146,147,148,150,151,154,155,157,159,162,165,166,167],"killed_by":"Jaw Worm","ascension_level":20}}