{"host":"v4s5k3c6jywmeofl","time":1608516404,"event":{"mods":["Act Like it!","BaseMod","Colored Map","Downfall","Gensokyo","Hallownest","Hermit","Marisa????????","Minty Spire (QoL Compilation)","Quick Restart","Random Character Button","Rare Cards Sparkle","Replay The Spire","StSLib","The Animator","The Bug Knight","The Cursed","The Hierophant","The Servant 0.9.4"],"gold_per_floor":[110,124,124,135,153,153,153,168,168,168,168,168],"floor_reached":11,"playtime":567,"items_purged":[],"score":65,"play_id":"707b9c51-c555-4f2b-b5cd-3674901556a2","local_time":"20201220210644","is_ascension_mode":false,"campfire_choices":[{"data":"TheCursedMod:ReleasedStrength","floor":6,"key":"SMITH"}],"circlet_count":0,"master_deck":["TheCursedMod:Strike_TheCursed","TheCursedMod:Strike_TheCursed","TheCursedMod:Strike_TheCursed","TheCursedMod:Strike_TheCursed","TheCursedMod:Defend_TheCursed","TheCursedMod:Defend_TheCursed","TheCursedMod:Defend_TheCursed+1","TheCursedMod:Defend_TheCursed+1","TheCursedMod:CursedWand","TheCursedMod:CleanUpWorkshop","TheCursedMod:Dregs","TheCursedMod:ManaBullet","TheCursedMod:SurpriseAttack+1","Pain","TheCursedMod:ReleasedStrength+1","TheCursedMod:SpitefulStrike","TheCursedMod:CollectTribute"],"relics":["TheCursedMod:BlackMagic101","Gensokyo:LunaticRedEyes","War Paint"],"acts_visited":["Gensokyo:Gensokyo"],"potions_floor_usage":[],"damage_taken":[{"damage":6,"enemies":"Gensokyo:Python","floor":1,"turns":4},{"damage":3,"enemies":"Gensokyo:2_Kodama","floor":2,"turns":4},{"damage":7,"enemies":"Gensokyo:Gryphon","floor":4,"turns":3},{"damage":10,"enemies":"Gensokyo:Python_and_Kodama","floor":5,"turns":5},{"damage":18,"enemies":"Gensokyo:5_Fairies","floor":8,"turns":5},{"damage":31,"enemies":"Gensokyo:Mamizou","floor":11,"turns":7}],"seed_played":"-3245939499487253730","potions_obtained":[{"floor":0,"key":"SkillPotion"},{"floor":0,"key":"ColorlessPotion"},{"floor":0,"key":"LifebloodPotion"}],"is_trial":false,"path_per_floor":["M","M","?","M","M","R","?","M","T","$","E"],"character_chosen":"THE_CURSED","items_purchased":[],"campfire_rested":0,"item_purchase_floors":[],"current_hp_per_floor":[69,66,66,59,49,49,49,31,31,31,0,0],"gold":168,"neow_bonus":"THREE_SMALL_POTIONS","is_daily":false,"chose_seed":false,"campfire_upgraded":1,"win_rate":0.0,"timestamp":1608516404,"path_taken":["M","M","?","M","M","R","?","M","T","$","E"],"items_purchased_type":[],"build_version":"2020-12-13","purchased_purges":0,"victory":false,"max_hp_per_floor":[75,75,75,75,75,75,75,75,75,75,75,75],"card_choices":[{"not_picked":["TheCursedMod:CircleOfAmplification","TheCursedMod:RapidMovement"],"picked":"TheCursedMod:ManaBullet","floor":1},{"not_picked":["TheCursedMod:TacticalStrike","TheCursedMod:SoulCrush"],"picked":"TheCursedMod:SurpriseAttack","floor":2},{"not_picked":["TheCursedMod:ParallelWorld","TheCursedMod:WearCloak"],"picked":"TheCursedMod:ReleasedStrength","floor":4},{"not_picked":["TheCursedMod:Obscuration","TheCursedMod:CircleOfFlame"],"picked":"TheCursedMod:SpitefulStrike","floor":5},{"not_picked":["TheCursedMod:Wield","TheCursedMod:CircleOfAmplification"],"picked":"TheCursedMod:CollectTribute","floor":8}],"player_experience":119382,"relics_obtained":[{"floor":9,"key":"War Paint"}],"event_choices":[],"is_beta":false,"boss_relics":[],"items_purged_floors":[],"is_endless":false,"potions_floor_spawned":[1,2,5],"killed_by":"Gensokyo:Mamizou","ascension_level":0}}