{"host":"w97dq1whmpm6b2tc","time":1608565997,"event":{"mods":["BaseMod","Challenge The Spire","Downfall","Minty Spire (QoL Compilation)","Replay The Spire","StSLib"],"gold_per_floor":[99,99,132,132,57,87,156,156,191,191,203,213,213,213,228,323,373,373,373,373,373],"floor_reached":19,"playtime":1164,"items_purged":[],"score":258,"play_id":"2b460877-986c-4bd6-ad17-3ab100c32b8e","local_time":"20201221175317","is_ascension_mode":true,"campfire_choices":[{"floor":1,"key":"RECALL"},{"data":"champ:Taunt","floor":5,"key":"SMITH"},{"data":"champ:Lariat","floor":10,"key":"SMITH"},{"data":"champ:SkillfulDodge","floor":18,"key":"SMITH"}],"circlet_count":0,"master_deck":["champ:Strike","champ:Strike","champ:Strike","champ:Strike","champ:Defend","champ:Defend","champ:Defend","champ:Defend","champ:Execute+1","champ:Taunt+1","champ:FalseCounter","champ:SkillfulDodge+1","champ:EnGarde","champ:Lariat+1","champ:ShieldSigil","champ:ViciousMockery","champ:EnGarde","champ:HoldFirm+1","champ:BringItOn"],"relics":["champ:ChampionCrown","downfall:HeartsMalice","Omamori","downfall:HeartBlessingRed","Meat on the Bone","Golden Egg","downfall:BrokenWingStatue","Lantern","Ring of Peace","Tiny House"],"acts_visited":["Exordium","TheCity"],"potions_floor_usage":[6],"damage_taken":[{"damage":0,"enemies":"Small Slimes","floor":2,"turns":1},{"damage":0,"enemies":"Lagavulin","floor":3,"turns":1},{"damage":0,"enemies":"2 Louse","floor":4,"turns":1},{"damage":23,"enemies":"3 Sentries","floor":6,"turns":9},{"damage":31,"enemies":"Lagavulin","floor":9,"turns":7},{"damage":6,"enemies":"Jaw Worm","floor":11,"turns":4},{"damage":17,"enemies":"Lots of Slimes","floor":12,"turns":5},{"damage":0,"enemies":"3 Louse","floor":15,"turns":4},{"damage":31,"enemies":"downfall:Silent","floor":16,"turns":12},{"damage":12,"enemies":"Replay:Snechameleon","floor":19,"turns":3}],"seed_played":"625255905769933538","potions_obtained":[{"floor":3,"key":"SneckoOil"},{"floor":9,"key":"FairyPotion"},{"floor":17,"key":"BlessingOfTheForge"}],"is_trial":false,"path_per_floor":["R","M","E","M","R","E","T","?","E","R","M","M","?","?","M","B",null,"R","E"],"character_chosen":"THE_CHAMP","items_purchased":[],"campfire_rested":0,"item_purchase_floors":[],"current_hp_per_floor":[90,90,90,90,90,77,77,77,46,46,52,52,52,52,52,33,81,81,69,69,69],"gold":373,"neow_bonus":"THREE_ENEMY_KILL","is_daily":false,"chose_seed":false,"campfire_upgraded":3,"win_rate":0.0,"timestamp":1608565997,"path_taken":["R","M","E","M","R","E","T","?","E","R","M","M","?","?","M","BOSS","R","E"],"items_purchased_type":[],"build_version":"2020-12-13","purchased_purges":0,"victory":false,"max_hp_per_floor":[90,90,90,90,90,90,90,90,90,90,90,90,90,90,90,90,95,95,95,95,95],"card_choices":[{"not_picked":["champ:FanOfKnives","champ:RageSigil"],"picked":"champ:FalseCounter","floor":2},{"not_picked":["champ:PerfectedStrike","champ:FlashCut"],"picked":"champ:SkillfulDodge","floor":3},{"not_picked":["champ:ShieldSlam","champ:Lariat"],"picked":"champ:EnGarde","floor":4},{"not_picked":["champ:PerfectedStrike","champ:RageSigil"],"picked":"champ:Lariat","floor":6},{"not_picked":["champ:AdrenalArmor","champ:FanOfKnives"],"picked":"champ:ShieldSigil","floor":9},{"not_picked":["champ:RageSigil","champ:FlashCut","champ:AdrenalArmor"],"picked":"SKIP","floor":11},{"not_picked":["champ:EnragedBash","champ:Encircle"],"picked":"champ:ViciousMockery","floor":12},{"not_picked":["champ:PreciseThrust","champ:EndlessRage"],"picked":"champ:EnGarde","floor":15},{"not_picked":["champ:ShieldThrow","champ:EnchantShield"],"picked":"champ:HoldFirm","floor":16},{"not_picked":["champ:Backstep","champ:EnGarde"],"picked":"champ:BringItOn","floor":17}],"player_experience":3695904,"relics_obtained":[{"floor":3,"key":"Omamori"},{"floor":6,"key":"Meat on the Bone"},{"floor":7,"key":"Golden Egg"},{"floor":9,"key":"Lantern"},{"floor":13,"key":"Ring of Peace"}],"event_choices":[],"is_beta":false,"boss_relics":[{"not_picked":["Ectoplasm","Fusion Hammer"],"picked":"Tiny House"}],"items_purged_floors":[],"is_endless":false,"potions_floor_spawned":[3,9,11],"killed_by":"Replay:Snechameleon","ascension_level":5}}