{"host":"27cnk69rbdk9vsnt","time":1608564170,"event":{"mods":["BaseMod","CatGirl Mod","Ekko","Energized Spire","JesterMod","Mimic Mod","Minty Spire (QoL Compilation)","Shade Mod","Shop Mod","StSLib","The Spell Scribe","Thieving Mod"],"gold_per_floor":[110,110,110,129,79,79,107,107,158,158,187,200,200,217,217,314,314,329,329,254,269,285,310,327,327,327,327,347,347,378,391,391,489,489,507,407,407,426,8,8,18,57,57,57,57,91,101,121,121,121],"floor_reached":51,"playtime":1885,"items_purged":["jesterMod:Strike","jesterMod:Strike","jesterMod:Precipitation"],"score":802,"play_id":"5bae191f-a289-448d-899d-5109bc3dd24e","local_time":"20201221162250","is_ascension_mode":false,"campfire_choices":[{"data":"jesterMod:Disposophobia","floor":6,"key":"SMITH"},{"data":"jesterMod:Swiftness","floor":8,"key":"SMITH"},{"floor":10,"key":"REST"},{"floor":15,"key":"REST"},{"floor":27,"key":"REST"},{"floor":32,"key":"REST"},{"data":"jesterMod:Precipitation","floor":40,"key":"SMITH"},{"floor":45,"key":"RECALL"},{"floor":49,"key":"REST"}],"circlet_count":0,"master_deck":["jesterMod:Sickle+1","jesterMod:Disposophobia+1","jesterMod:Swiftness+1","jesterMod:Precipitation+1","jesterMod:Pillage+1","jesterMod:Disposophobia+1","jesterMod:Precipitation+1"],"relics":["jesterMod:HarlequinCap","Tough Bandages","Art of War","Orichalcum","Singing Bowl","energizedSpire:RedRose","Happy Flower","Mango","Toy Ornithopter","jesterMod:JesterMask","The Courier","Prayer Wheel"],"acts_visited":["Exordium","TheCity","TheBeyond"],"potions_floor_usage":[7,23,30,33,35,50,50],"damage_taken":[{"damage":1,"enemies":"Cultist","floor":1,"turns":3},{"damage":10,"enemies":"Small Slimes","floor":4,"turns":2},{"damage":36,"enemies":"Lagavulin","floor":7,"turns":4},{"damage":0,"enemies":"Gremlin Nob","floor":11,"turns":3},{"damage":0,"enemies":"2 Louse","floor":12,"turns":2},{"damage":7,"enemies":"Exordium Wildlife","floor":14,"turns":2},{"damage":24,"enemies":"Slime Boss","floor":16,"turns":6},{"damage":2,"enemies":"Chosen","floor":18,"turns":2},{"damage":9,"enemies":"Shell Parasite","floor":21,"turns":2},{"damage":10,"enemies":"Shelled Parasite and Fungi","floor":22,"turns":2},{"damage":6,"enemies":"Book of Stabbing","floor":23,"turns":2},{"damage":9,"enemies":"Centurion and Healer","floor":24,"turns":3},{"damage":17,"enemies":"Snake Plant","floor":28,"turns":2},{"damage":16,"enemies":"Slavers","floor":30,"turns":2},{"damage":11,"enemies":"Sentry and Sphere","floor":31,"turns":3},{"damage":8,"enemies":"Champ","floor":33,"turns":4},{"damage":2,"enemies":"3 Darklings","floor":35,"turns":2},{"damage":2,"enemies":"3 Shapes","floor":38,"turns":5},{"damage":1,"enemies":"3 Darklings","floor":41,"turns":2},{"damage":2,"enemies":"Spire Growth","floor":42,"turns":2},{"damage":85,"enemies":"Nemesis","floor":46,"turns":7},{"damage":1,"enemies":"Jaw Worm Horde","floor":47,"turns":2},{"damage":2,"enemies":"3 Darklings","floor":48,"turns":2},{"damage":16,"enemies":"Time Eater","floor":50,"turns":3}],"seed_played":"6901464508795022825","potions_obtained":[{"floor":1,"key":"BlessingOfTheForge"},{"floor":16,"key":"Ancient Potion"},{"floor":18,"key":"DuplicationPotion"},{"floor":21,"key":"Dexterity Potion"},{"floor":22,"key":"SteroidPotion"},{"floor":23,"key":"SkillPotion"},{"floor":31,"key":"Block Potion"},{"floor":35,"key":"Strength Potion"},{"floor":38,"key":"PowerPotion"},{"floor":42,"key":"FairyPotion"}],"is_trial":false,"path_per_floor":["M","?","$","M","?","R","E","R","T","R","E","M","T","M","R","B",null,"M","?","$","M","M","E","M","?","T","R","M","?","E","M","R","B",null,"M","$","?","M","$","R","M","M","T","T","R","E","M","M","R","B",null],"character_chosen":"THE_JESTER","items_purchased":["jesterMod:JesterMask"],"campfire_rested":5,"item_purchase_floors":[39],"current_hp_per_floor":[69,69,49,39,39,39,3,3,3,24,24,24,24,17,38,16,72,73,59,59,50,42,38,29,20,34,63,48,48,34,28,60,59,109,110,110,110,110,110,110,115,117,117,117,117,39,47,53,91,98],"gold":121,"neow_bonus":"UPGRADE_CARD","is_daily":false,"chose_seed":false,"campfire_upgraded":3,"win_rate":0.0,"timestamp":1608564170,"path_taken":["M","?","?","M","?","R","E","R","T","R","E","M","?","M","R","BOSS","M","?","$","M","M","E","M","?","T","R","M","?","E","M","R","BOSS","M","$","?","M","$","R","M","M","T","?","R","E","?","M","R","BOSS"],"items_purchased_type":["Relic"],"build_version":"2020-12-13","purchased_purges":3,"victory":true,"max_hp_per_floor":[70,70,70,70,70,70,70,70,70,70,70,70,70,70,70,72,72,75,80,80,80,82,84,84,84,98,98,100,100,102,107,107,109,109,111,111,111,113,113,113,115,117,117,117,117,119,123,127,127,127],"card_choices":[{"not_picked":["jesterMod:DanceOfChaos","jesterMod:JackInTheBox"],"picked":"jesterMod:Pause","floor":1},{"not_picked":["jesterMod:DancingMad","jesterMod:Prankster"],"picked":"jesterMod:Disposophobia","floor":4},{"not_picked":["jesterMod:Arrythmia","jesterMod:SelfMockery"],"picked":"jesterMod:Swiftness","floor":7},{"not_picked":["jesterMod:TrickyDodge","jesterMod:Tinker"],"picked":"jesterMod:Precipitation","floor":11},{"not_picked":["jesterMod:TrickyDodge","jesterMod:Talion","jesterMod:SmokeScreen"],"picked":"SKIP","floor":12},{"not_picked":["jesterMod:BouncingKnife","jesterMod:Tinker"],"picked":"jesterMod:Pillage","floor":14},{"not_picked":["jesterMod:Trance","jesterMod:ExperimentalTreatment","jesterMod:Leeches"],"picked":"Singing Bowl","floor":16},{"not_picked":["jesterMod:Patience+1","jesterMod:Hide"],"picked":"jesterMod:Disposophobia+1","floor":18},{"not_picked":["jesterMod:Arrythmia","jesterMod:Swiftness"],"picked":"jesterMod:Precipitation","floor":21},{"not_picked":["jesterMod:RecklessStrike","jesterMod:DancingMad","jesterMod:Pillage"],"picked":"Singing Bowl","floor":22},{"not_picked":["jesterMod:Patience","jesterMod:JugglerBlade","jesterMod:DancingMad"],"picked":"Singing Bowl","floor":23},{"not_picked":["jesterMod:Twirl+1","jesterMod:Loot"],"picked":"jesterMod:Precipitation","floor":24},{"not_picked":["jesterMod:Feint","jesterMod:DancingMad","jesterMod:QuickStrike"],"picked":"Singing Bowl","floor":28},{"not_picked":["jesterMod:LightTheWick","jesterMod:Anticipation+1","jesterMod:RecklessStrike"],"picked":"Singing Bowl","floor":30},{"not_picked":["jesterMod:DancingMad+1","jesterMod:DanceOfChaos","jesterMod:Hide"],"picked":"Singing Bowl","floor":31},{"not_picked":["jesterMod:Finale","jesterMod:ButterflyDance","jesterMod:HedgehogForm"],"picked":"Singing Bowl","floor":33},{"not_picked":["jesterMod:Hide","jesterMod:BouncingKnife","jesterMod:QuickStrike"],"picked":"Singing Bowl","floor":35},{"not_picked":["jesterMod:Rebuff+1","jesterMod:Inspiration","jesterMod:Dilapidation"],"picked":"Singing Bowl","floor":38},{"not_picked":["jesterMod:Anticipation","jesterMod:Rebuff+1","jesterMod:MudBall+1"],"picked":"Singing Bowl","floor":41},{"not_picked":["jesterMod:JackInTheBox","jesterMod:Discretion","jesterMod:Swiftness+1"],"picked":"Singing Bowl","floor":42},{"not_picked":["jesterMod:BouncingKnife+1","jesterMod:Patience","jesterMod:Placebo"],"picked":"Singing Bowl","floor":46},{"not_picked":["jesterMod:DancingMad","jesterMod:MudBall","jesterMod:OblivionStrike"],"picked":"Singing Bowl","floor":47},{"not_picked":["jesterMod:MudBall","jesterMod:OblivionStrike+1","jesterMod:Schizophrenia"],"picked":"Singing Bowl","floor":47},{"not_picked":["jesterMod:Prankster+1","jesterMod:RecklessStrike+1","jesterMod:Illness"],"picked":"Singing Bowl","floor":48},{"not_picked":["jesterMod:Patience+1","jesterMod:Trance","jesterMod:Hide+1"],"picked":"Singing Bowl","floor":48}],"player_experience":496148,"relics_obtained":[{"floor":7,"key":"Tough Bandages"},{"floor":9,"key":"Art of War"},{"floor":11,"key":"Orichalcum"},{"floor":13,"key":"Singing Bowl"},{"floor":23,"key":"Happy Flower"},{"floor":26,"key":"Mango"},{"floor":30,"key":"Toy Ornithopter"},{"floor":44,"key":"The Courier"},{"floor":46,"key":"Prayer Wheel"}],"event_choices":[{"cards_removed":["jesterMod:Defend"],"damage_healed":0,"gold_gain":0,"player_choice":"Offered Basic","damage_taken":0,"max_hp_gain":0,"max_hp_loss":0,"event_name":"Bonfire Elementals","floor":2,"gold_loss":0},{"cards_removed":["jesterMod:Strike"],"damage_healed":0,"gold_gain":0,"player_choice":"Card Removal","damage_taken":0,"max_hp_gain":0,"max_hp_loss":0,"event_name":"The Cleric","floor":5,"gold_loss":50},{"damage_healed":0,"gold_gain":0,"player_choice":"Shed Blood","damage_taken":19,"max_hp_gain":5,"max_hp_loss":0,"event_name":"Forgotten Altar","floor":19,"gold_loss":0},{"damage_healed":0,"gold_gain":0,"player_choice":"Stopped","damage_taken":9,"max_hp_gain":0,"max_hp_loss":0,"event_name":"Cursed Tome","floor":25,"gold_loss":0},{"damage_healed":0,"gold_gain":0,"player_choice":"Ignored","damage_taken":0,"max_hp_gain":0,"max_hp_loss":0,"event_name":"Vampires","floor":29,"gold_loss":0},{"cards_removed":["jesterMod:Strike"],"damage_healed":0,"gold_gain":0,"player_choice":"Removed Attack","damage_taken":0,"max_hp_gain":0,"max_hp_loss":0,"event_name":"Falling","floor":37,"gold_loss":0}],"is_beta":false,"boss_relics":[{"not_picked":["energizedSpire:EnergizedDie","Calling Bell"],"picked":"energizedSpire:RedRose"},{"not_picked":["energizedSpire:OgreHead","jesterMod:HauntedLute"],"picked":"jesterMod:HarlequinCap"}],"items_purged_floors":[20,36,39],"is_endless":false,"potions_floor_spawned":[1,16,18,21,22,23,31,35,38,42,46],"ascension_level":0}}