{"host":"fq9q35as5g8xdsoo","time":1608593772,"event":{"mods":["2.2 Compatiblity","AchievementEnabler","Act Like it!","Aspiration","BaseMod","Beaked The Cultist","Better Skull","Card Forge","Colored Map","Colored Powertips","Conspire","Dota2Spire","Energized Spire","Gensokyo","GifTheSpireLib","Halation","Hermit","Hubris","Marked Mod","Menagerie","Minty Spire (QoL Compilation)","Pale of the Ancients","Permanent Neow","Quick Restart","Relic Filter","Replay The Spire","Robot Space Explorer","Spicy Shops","Spikes Relics","StSLib","Stuff the Spire","SuperFastMode","The Blue Laboratory","The Construct","The Disciple","The Factory","The Gatherer","The Jungle","The Marked","The Runesmith","The Servant 0.9.4","Trackpad","WarShipGirlsR/????R mod","vexMod"],"gold_per_floor":[110,110,121,136,71,71,82,100,181,204,215,240,73,92,92,189,189,201,201,476,494,505,530,530,550,625,625,637,637,652,672,672,769,769,779,793,793,793,809,834,834,848,871,871,883,883,895,895,895,895,895],"floor_reached":50,"playtime":3234,"items_purged":[],"score":550,"play_id":"5067cd49-98cf-4ca2-a1be-98bd147cb75c","local_time":"20201221153612","is_ascension_mode":false,"campfire_choices":[{"data":"theMarked:SoldierOfQuellstein","floor":6.0,"key":"SMITH"},{"data":"theMarked:ParalyzingBlade","floor":15.0,"key":"SMITH"},{"data":"theMarked:EmpowerWeapon","floor":24.0,"key":"SMITH"},{"data":"theMarked:EmpowerWeapon","floor":29.0,"key":"SMITH"},{"data":"theMarked:WardOff","floor":32.0,"key":"SMITH"},{"floor":41.0,"key":"DIG"},{"floor":44,"key":"DIG"},{"floor":46,"key":"DIG"},{"floor":49,"key":"DIG"}],"circlet_count":0,"master_deck":["theMarked:SoldierOfQuellstein+1","theMarked:EmpowerWeapon+1","theMarked:EmpowerWeapon+1","theMarked:ParalyzingBlade+1","theMarked:WardOff+1"],"relics":["theMarked:ArtifactOfAir","Hammer of Thor","Seething Fire","Anvil of the Gods","aspiration:Nostalgia","PureWater","halation:OrihimeAndHikoboshiSamaAndTears","MiniBlackHole","StuffTheSpire:Expresso","ReplayTheSpireMod:CursedCoin","Medical Kit","Dota2Spire:EchoSabre","CosmicIsotope","Shovel","Golden Egg","RetroEgg","energizedSpire:DeadBattery","Replay:Wax Seal","PreservedInsect","CherryCoatedStake","BrokenLever","StuffTheSpire:Experiment12","Pet Ghost"],"acts_visited":["Exordium","theJungle:Jungle","theFactory:Factory"],"potions_floor_usage":[],"damage_taken":[{"damage":0.0,"enemies":"2 Louse","floor":1.0,"turns":3.0},{"damage":1.0,"enemies":"Cultist","floor":3.0,"turns":3.0},{"damage":0.0,"enemies":"Small Slimes","floor":4.0,"turns":2.0},{"damage":0.0,"enemies":"2 Fungi Beasts","floor":7.0,"turns":2.0},{"damage":2.0,"enemies":"Exordium Thugs","floor":8.0,"turns":3.0},{"damage":0.0,"enemies":"3 Louse","floor":11.0,"turns":1.0},{"damage":4.0,"enemies":"Replay:BlueRogue","floor":12.0,"turns":3.0},{"damage":0.0,"enemies":"Red Slaver","floor":14.0,"turns":2.0},{"damage":14.0,"enemies":"Hexaghost","floor":16.0,"turns":5.0},{"damage":2.0,"enemies":"Shell Parasite","floor":18.0,"turns":2.0},{"damage":1.0,"enemies":"theJungle:Flameango_and_Byrd","floor":21.0,"turns":3.0},{"damage":0.0,"enemies":"theJungle:Snecko_Cultist_And_Trap","floor":22.0,"turns":3.0},{"damage":1.0,"enemies":"theJungle:Cassacara","floor":23.0,"turns":3.0},{"damage":7.0,"enemies":"theJungle:2_Snecko_Cultists","floor":25.0,"turns":3.0},{"damage":0.0,"enemies":"theJungle:Lyon","floor":28.0,"turns":2.0},{"damage":25.0,"enemies":"theJungle:2_Flameangoes","floor":30.0,"turns":4.0},{"damage":0.0,"enemies":"theJungle:Snecko_Cultist_And_Trap","floor":31.0,"turns":2.0},{"damage":6.0,"enemies":"theJungle:FunGuy","floor":33.0,"turns":5.0},{"damage":0.0,"enemies":"theFactory:4_Mini-Bots","floor":35.0,"turns":3.0},{"damage":0.0,"enemies":"theFactory:2_Experiment_Personnel","floor":36.0,"turns":2.0},{"damage":8.0,"enemies":"theFactory:Orbs_and_Orb_Walker","floor":39.0,"turns":3.0},{"damage":0.0,"enemies":"theFactory:DrinkBrewer","floor":40.0,"turns":3.0},{"damage":5,"enemies":"theFactory:Personnel_and_Mini-Bots","floor":42,"turns":4},{"damage":6,"enemies":"theFactory:DefectiveSentry","floor":45,"turns":4},{"damage":1,"enemies":"theFactory:ShrapnelTosser","floor":47,"turns":2},{"damage":0,"enemies":"theFactory:SPIDER","floor":50,"turns":5}],"seed_played":"3676881174779879473","potions_obtained":[{"floor":2.0,"key":"blueLaboratory:ImpenetrablePotion"},{"floor":2.0,"key":"Weak Potion"},{"floor":2.0,"key":"blueLaboratory:CorrosionFlask"},{"floor":16.0,"key":"Block Potion"}],"is_trial":false,"path_per_floor":["M","?","M","M","$","R","M","M","T","T","M","E","$","M","R","B",null,"M","?","?","M","M","E","R","M","T","?","M","R","M","M","R","B",null,"M","M","HB","?","M","E","R","M","T","R","M","R","M","?","R","B"],"character_chosen":"THE_DEFAULT","items_purchased":["halation:OrihimeAndHikoboshiSamaAndTears","ReplayTheSpireMod:CursedCoin","Medical Kit","Dota2Spire:EchoSabre"],"campfire_rested":0,"item_purchase_floors":[5,13,13,13],"current_hp_per_floor":[70,70,69,69,69,69,69,67,67,67,67,63,63,63,63,49,70,68,68,68,67,67,66,66,59,59,59,59,59,34,34,34,28,70,70,70,35,35,27,27,27,22,22,22,19,19,18,18,18,18,18],"gold":895,"neow_bonus":"NOSTALGIA","is_daily":false,"chose_seed":false,"campfire_upgraded":5,"win_rate":0.0,"timestamp":1608593772,"path_taken":["M","?","M","M","?","R","?","M","T","?","?","E","$","M","R","BOSS","M","?","?","?","M","E","R","M","T","?","M","R","M","M","R","BOSS","M","M","HB","?","M","E","R","?","T","R","M","R","M","?","R","BOSS"],"items_purchased_type":["Relic","Relic","Relic","Relic"],"build_version":"2020-12-13","purchased_purges":0,"victory":false,"max_hp_per_floor":[70,70,70,70,70,70,70,70,70,70,70,70,70,70,70,70,70,70,70,70,70,70,70,70,70,70,70,70,70,70,70,70,70,70,70,70,35,35,35,35,35,35,35,35,35,35,35,35,35,35,35],"card_choices":[{"not_picked":["theMarked:Improvise","theMarked:WastefulAttack"],"picked":"theMarked:EmpowerWeapon","floor":1.0},{"not_picked":["theMarked:WastefulAttack","theMarked:Panic","theMarked:EnhanceMovement"],"picked":"SKIP","floor":3.0},{"not_picked":["theMarked:ResourceFulStrike","theMarked:Frustration"],"picked":"theMarked:EmpowerWeapon","floor":4.0},{"not_picked":["theMarked:MysticalArsenal","theMarked:HeritageOfTheMarked","theMarked:PowerFlow"],"picked":"SKIP","floor":7.0},{"not_picked":["theMarked:Electrify","theMarked:BanishingStrike","theMarked:StartUp"],"picked":"SKIP","floor":8.0},{"not_picked":["theMarked:ReduceFriction","theMarked:ResourceFulStrike"],"picked":"theMarked:WardOff","floor":11.0},{"not_picked":["theMarked:Seal","theMarked:SummonStrength"],"picked":"theMarked:EmpowerWeapon","floor":12.0},{"not_picked":["theMarked:Reabsorb","theMarked:RepellingDischarge"],"picked":"theMarked:ParalyzingBlade","floor":14.0},{"not_picked":["theMarked:Challenge","theMarked:SummonStrength"],"picked":"theMarked:Levitate","floor":16.0},{"not_picked":["theMarked:WastefulAttack","theMarked:ChainLightning","theMarked:Electrify+1"],"picked":"SKIP","floor":18.0},{"not_picked":["theMarked:SelfDefenseTraining","theMarked:Indomitable","theMarked:Reabsorb"],"picked":"SKIP","floor":21.0},{"not_picked":["theMarked:ElectricStrings","theMarked:ResourceFulStrike","theMarked:Opportunist"],"picked":"SKIP","floor":22.0},{"not_picked":["theMarked:HeritageOfTheMarked","theMarked:ChainLightning","theMarked:ResourceFulStrike"],"picked":"SKIP","floor":23.0},{"not_picked":["theMarked:Overcharge","theMarked:TakeCover","theMarked:BanishingWave+1"],"picked":"SKIP","floor":25.0},{"not_picked":["theMarked:Improvise","theMarked:WardOff","theMarked:Panic"],"picked":"SKIP","floor":28.0},{"not_picked":["theMarked:Parkour","theMarked:SuspiciousRaven","theMarked:WastefulAttack+1"],"picked":"SKIP","floor":30.0},{"not_picked":["theMarked:WastefulAttack","theMarked:HeritageOfTheMarked","theMarked:RepellingDischarge"],"picked":"SKIP","floor":31.0},{"not_picked":["theMarked:Frustration","theMarked:RogueSparks","theMarked:Aftermath+1"],"picked":"SKIP","floor":35.0},{"not_picked":["theMarked:Overthink","theMarked:EmpowerWeapon","theMarked:ContemptForTheProud+1"],"picked":"SKIP","floor":36.0},{"not_picked":["theMarked:Convert","theMarked:EmpowerWeapon+1","theMarked:Panic"],"picked":"SKIP","floor":39.0},{"not_picked":["theMarked:ChainLightning","theMarked:WardOff+1","theMarked:Frustration"],"picked":"SKIP","floor":40.0},{"not_picked":["theMarked:MagicAdept+1","theMarked:EmpowerWeapon+1","theMarked:ElectricStrings"],"picked":"SKIP","floor":42},{"not_picked":["theMarked:ElectricStrings+1","theMarked:TurnInvisible","theMarked:HeightenedSenses"],"picked":"SKIP","floor":45},{"not_picked":["theMarked:WastefulAttack","theMarked:ParalyzingBlade","theMarked:ElectricStrings"],"picked":"SKIP","floor":47}],"player_experience":959254,"relics_obtained":[{"floor":10.0,"key":"MiniBlackHole"},{"floor":12.0,"key":"StuffTheSpire:Expresso"},{"floor":23.0,"key":"Golden Egg"},{"floor":26.0,"key":"RetroEgg"},{"floor":40.0,"key":"Replay:Wax Seal"},{"floor":41.0,"key":"PreservedInsect"},{"floor":43,"key":"CherryCoatedStake"},{"floor":44,"key":"BrokenLever"},{"floor":46,"key":"StuffTheSpire:Experiment12"},{"floor":49,"key":"Pet Ghost"}],"event_choices":[{"damage_healed":0.0,"max_hp_gain":0.0,"max_hp_loss":0.0,"gold_gain":0.0,"event_name":"Lab","player_choice":"Got Potions","floor":2.0,"gold_loss":0.0,"damage_taken":0.0},{"damage_healed":0.0,"max_hp_gain":0.0,"max_hp_loss":0.0,"gold_gain":275.0,"event_name":"Golden Shrine","player_choice":"Desecrate","floor":20.0,"gold_loss":0.0,"damage_taken":0.0,"cards_obtained":["Regret"]},{"damage_healed":0.0,"max_hp_gain":0.0,"max_hp_loss":0.0,"gold_gain":0.0,"event_name":"Wheel of Change","player_choice":"Cursed","floor":27.0,"gold_loss":0.0,"damage_taken":0.0,"cards_obtained":["Decay"]},{"damage_healed":0.0,"max_hp_gain":0.0,"max_hp_loss":0.0,"gold_gain":0.0,"cards_transformed":["theMarked:WardOff"],"event_name":"Transmorgrifier","player_choice":"Transformed","floor":38.0,"gold_loss":0.0,"damage_taken":0.0,"cards_obtained":["theMarked:ReduceFriction"]}],"is_beta":false,"boss_relics":[{"not_picked":["vexMod:ImprovementManual","energizedSpire:SpiderWeb"],"picked":"CosmicIsotope"},{"not_picked":["Replay:Ancient Bell","aspiration:SecretTechniqueScroll"],"picked":"energizedSpire:DeadBattery"}],"items_purged_floors":[],"is_endless":false,"potions_floor_spawned":[8,11,12,16,21,23,28,33,35,40,42,47],"killed_by":"theFactory:SPIDER","ascension_level":0}}