{"host":"i1ibt4vxe0effuru","time":1608571693,"event":{"mods":["AchievementEnabler","BaseMod","Card Forge","Challenge The Spire","Downfall","Friendly Minions","Jorbs\u0027s Wanderer Trilogy","Marisa????????","Minty Spire (QoL Compilation)","Quick Restart","READ ME - Guardian Mod","READ ME - Snecko Mod","Replay The Spire","Shop Mod","StSLib","The Animator","The Bug Knight","The Cursed","The Disciple","The Servant 0.9.4"],"gold_per_floor":[122,132,144,164,178,178,189,189,216,256,272,287,304,236,236,357,357,383,405,430,430,430,453,395,395,395],"floor_reached":25,"playtime":2564,"items_purged":[],"score":211,"play_id":"c2ede11b-3e4a-48b3-81c1-fe0cb6e1b192","local_time":"20201222032813","is_ascension_mode":false,"campfire_choices":[{"data":"animator:Aqua","floor":6,"key":"SMITH"},{"data":"animator:IzunaHatsuse","floor":8,"key":"SMITH"},{"floor":15,"key":"REST"}],"circlet_count":0,"master_deck":["animator:Strike_Konosuba","animator:Defend_Konosuba","animator:Strike","animator:Strike","animator:Strike","animator:Defend","animator:Defend","animator:Defend","animator:Kazuma","animator:Aqua+1","animator:Yoichi","animator:UneriGinkaku","animator:RoryMercury","animator:Yoichi","animator:IzunaHatsuse+1","animator:DolaSchwi","animator:Chris","animator:Mitsurugi","animator:Shiro","animator:Mitsuba","animator:Bozes","animator:YaoHaDucy","animator:DolaSchwi","animator:Yuuichirou","animator:FielNirvalen","animator:FielNirvalen"],"relics":["animator:LivingPicture","animator:TheMissingPiece","Hammer of Thor","Seething Fire","Anvil of the Gods","Incense Burner","Dream Catcher","Ancient Tea Set"],"acts_visited":["Exordium","TheCity"],"potions_floor_usage":[25,25,25],"damage_taken":[{"damage":1,"enemies":"Cultist","floor":1,"turns":5},{"damage":2,"enemies":"Small Slimes","floor":2,"turns":5},{"damage":0,"enemies":"2 Louse","floor":3,"turns":3},{"damage":30,"enemies":"Gremlin Gang","floor":4,"turns":5},{"damage":2,"enemies":"2 Fungi Beasts","floor":5,"turns":4},{"damage":0,"enemies":"Large Slime","floor":7,"turns":7},{"damage":13,"enemies":"3 Sentries","floor":10,"turns":8},{"damage":1,"enemies":"Looter","floor":11,"turns":4},{"damage":5,"enemies":"Red Slaver","floor":12,"turns":5},{"damage":0,"enemies":"2 Fungi Beasts","floor":13,"turns":3},{"damage":36,"enemies":"Slime Boss","floor":16,"turns":13},{"damage":10,"enemies":"Chosen","floor":18,"turns":7},{"damage":16,"enemies":"3 Byrds","floor":19,"turns":5},{"damage":23,"enemies":"Snecko","floor":20,"turns":7},{"damage":28,"enemies":"Snake Plant","floor":23,"turns":5},{"damage":17,"enemies":"Slavers","floor":25,"turns":2}],"seed_played":"-3864096602188296870","potions_obtained":[{"floor":5,"key":"sneckomod:MuddlingPotion"},{"floor":10,"key":"Energy Potion"},{"floor":11,"key":"Languid Potion"},{"floor":13,"key":"DistilledChaos"}],"is_trial":false,"path_per_floor":["M","M","M","M","M","R","M","R","T","E","M","M","M","$","R","B",null,"M","M","M","PTL","PTL","M","$","E"],"character_chosen":"THE_ANIMATOR","items_purchased":["animator:Bozes","animator:FielNirvalen"],"campfire_rested":1,"item_purchase_floors":[14,24],"current_hp_per_floor":[60,60,60,32,32,32,35,35,35,25,28,26,30,30,48,21,62,52,42,25,25,25,3,3,0,0],"gold":395,"neow_bonus":"ONE_RARE_RELIC","is_daily":false,"chose_seed":false,"campfire_upgraded":2,"win_rate":0.0,"timestamp":1608571693,"path_taken":["M","M","M","M","M","R","M","R","T","E","M","M","M","$","R","BOSS","M","M","M","PTL","PTL","?","?","E"],"items_purchased_type":["Card","Card"],"build_version":"2020-12-13","purchased_purges":0,"victory":false,"max_hp_per_floor":[60,60,60,60,60,60,60,60,60,60,61,61,62,62,62,62,62,62,62,62,62,62,62,62,62,62],"card_choices":[{"not_picked":["animator:Mikaela","animator:LeleiLaLalena"],"picked":"animator:Yoichi","floor":1},{"not_picked":["animator:Vanir","animator:Mitsuba"],"picked":"animator:UneriGinkaku","floor":2},{"not_picked":["animator:Berserker","animator:Hitei"],"picked":"animator:RoryMercury","floor":3},{"not_picked":["animator:CrowleyEusford","animator:KrulTepes"],"picked":"animator:Yoichi","floor":4},{"not_picked":["animator:RinTohsaka","animator:TukaLunaMarceau"],"picked":"animator:IzunaHatsuse","floor":5},{"not_picked":["animator:Hitei","animator:TukaLunaMarceau"],"picked":"animator:DolaSchwi","floor":7},{"not_picked":["animator:Alexander","animator:Illya"],"picked":"animator:Chris","floor":10},{"not_picked":["animator:Kazuma","animator:Vanir"],"picked":"animator:Mitsurugi","floor":11},{"not_picked":["animator:Alexander","animator:DolaRiku"],"picked":"animator:Shiro","floor":12},{"not_picked":["animator:Kuribayashi","animator:Shinoa"],"picked":"animator:Mitsuba","floor":13},{"not_picked":["animator:ZankiKiguchi","animator:SakuraMatou"],"picked":"animator:YaoHaDucy","floor":15},{"not_picked":["animator:Biyorigo","animator:Shiro"],"picked":"animator:Eris","floor":16},{"not_picked":["animator:Spearman+1","animator:LizardPriest","animator:DolaCouronne+1"],"picked":"SKIP","floor":18},{"not_picked":["animator:ChlammyZell","animator:DolaCouronne"],"picked":"animator:DolaSchwi","floor":19},{"not_picked":["animator:HighElfArcher","animator:DolaSchwi","animator:Emonzaemon"],"picked":"SKIP","floor":20},{"not_picked":["animator:Togame","animator:Shinoa+1"],"picked":"animator:Yuuichirou","floor":23}],"player_experience":125322,"relics_obtained":[{"floor":9,"key":"Dream Catcher"},{"floor":10,"key":"Ancient Tea Set"}],"event_choices":[],"is_beta":false,"boss_relics":[{"not_picked":["Honey Jar","Ring of Chaos","ReplayTheSpireMod:DimensionalGlitch"]}],"items_purged_floors":[],"is_endless":false,"potions_floor_spawned":[5,10,11,12,13,19,20],"killed_by":"Slavers","ascension_level":0}}