{"host":"kgn6pirtmnazmm9y","time":1608569921,"event":{"mods":["BaseMod","Bestiary","Better Altar","Better Third Choice","BetterRewards","Colored Map","Colored Powertips","Curses Come First","Downfall","Duelist Mod","Hermit","Hubris","Infinite Spire","Luminous","Marisa????????","Minty Spire (QoL Compilation)","READ ME - Snecko Mod","Remilia??????","Replay The Spire","Robot Space Explorer","Shade Mod","Shop Mod","Spicy Shops","StSLib","Td1madao Mod","The Alterego","The Animator","The Bug Knight","The Construct","The Cursed","The Disciple","The Dragon Tamer","The Hierophant","The Jungle","The Marked","The Mystic","The Necromancer","The Runesmith","The Senshi","The Servant 0.9.4","TheSwordswoman","Yuyuko","[IsaacMod]????"],"gold_per_floor":[99,99,99,99,99,154,154,4,23,23,33,33,43,54,97,97,97],"floor_reached":16,"playtime":776,"items_purged":[],"score":88,"play_id":"60a74975-b782-4293-8cdc-7997b0cc069a","local_time":"20201221185841","is_ascension_mode":false,"metric_token":2771,"campfire_choices":[{"floor":1,"key":"RECALL"},{"data":"DTMod:QuickFly","floor":8,"key":"SMITH"},{"data":"BettingIsNotGood","floor":10,"key":"SMITH"}],"dtmod_dragon_data":[24,50,-1,-1,0,0],"circlet_count":0,"master_deck":["DTMod:Strike","DTMod:Strike","DTMod:Strike","DTMod:Strike","DTMod:DoubleHit","DTMod:TargetDefense","DTMod:TargetDefense","DTMod:TargetDefense","DTMod:TargetDefense","DTMod:SwitchingTactic","BettingIsNotGood+1","DTMod:QuickFly+1","DTMod:FlameSlash","DTMod:BurningEnergy","DTMod:BurningForce","DTMod:BlazingStrike","Sickly","DTMod:Safeguard","DTMod:Feint","DTMod:Weaken"],"relics":["DTMod:PactStone","HushsDoor","KeepersGift","downfall:HeartsMalice","ReplayTheSpireMod:Lightbulb","downfall:HeartBlessingBlue","downfall:HeartBlessingRed","hubris:DisguiseKit"],"acts_visited":["Exordium"],"potions_floor_usage":[16,16],"damage_taken":[{"damage":0,"enemies":"Cultist","floor":2,"turns":1},{"damage":0,"enemies":"Small Slimes","floor":3,"turns":1},{"damage":0,"enemies":"Jaw Worm","floor":4,"turns":1},{"damage":0,"enemies":"2 Fungi Beasts","floor":9,"turns":3},{"damage":0,"enemies":"downfall:FleeingMerchant","floor":11,"turns":4},{"damage":0,"enemies":"Exordium Wildlife","floor":13,"turns":3},{"damage":0,"enemies":"Red Slaver","floor":14,"turns":3},{"damage":0,"enemies":"2 Fungi Beasts","floor":15,"turns":3},{"damage":68,"enemies":"downfall:Watcher","floor":16,"turns":8}],"seed_played":"-9058808854883136882","potions_obtained":[{"floor":9,"key":"Adrenaline Potion"},{"floor":13,"key":"Venom Potion"},{"floor":14,"key":"Explosive Potion"}],"is_trial":false,"path_per_floor":["R","M","M","M","?","T","T","R","M","R","$","?","M","M","M","B"],"character_chosen":"THE_DT","items_purchased":[],"campfire_rested":0,"item_purchase_floors":[],"current_hp_per_floor":[45,45,45,45,45,45,45,55,55,55,55,55,55,55,55,0,0],"gold":97,"neow_bonus":"THREE_ENEMY_KILL","is_daily":false,"chose_seed":false,"campfire_upgraded":2,"win_rate":0.0,"timestamp":1608569921,"path_taken":["R","?","?","M","?","?","T","R","M","R","$","?","M","?","M","BOSS"],"items_purchased_type":[],"build_version":"2020-12-13","purchased_purges":0,"victory":false,"max_hp_per_floor":[45,45,45,45,45,45,45,55,55,55,55,55,55,55,55,55,55],"card_choices":[{"not_picked":[],"picked":"BettingIsNotGood","floor":0},{"not_picked":["DTMod:MaximumCharge","DTMod:BurningForce"],"picked":"DTMod:QuickFly","floor":2},{"not_picked":["DTMod:Training","DTMod:Hide"],"picked":"DTMod:FlameSlash","floor":3},{"not_picked":["DTMod:TagTeam","DTMod:Coolant"],"picked":"DTMod:BurningEnergy","floor":4},{"not_picked":["DTMod:Shift","DTMod:Hide"],"picked":"DTMod:BurningForce","floor":9},{"not_picked":["DTMod:Adaptation","DTMod:BreakAttack"],"picked":"DTMod:BlazingStrike","floor":11},{"not_picked":["DTMod:TagTeam","DTMod:ShieldDrain","RobotSpaceExplorer:Calculate"],"picked":"DTMod:Safeguard","floor":13},{"not_picked":["DTMod:SneakAttack","DTMod:QuickFly","RobotSpaceExplorer:SurgingStrike"],"picked":"DTMod:Feint","floor":14},{"not_picked":["DTMod:Coolant","DTMod:MagicField","RobotSpaceExplorer:DoubleBlock"],"picked":"DTMod:Weaken","floor":15}],"player_experience":0,"relics_obtained":[{"floor":6,"key":"ReplayTheSpireMod:Lightbulb"}],"event_choices":[],"is_beta":false,"boss_relics":[],"items_purged_floors":[],"is_endless":false,"potions_floor_spawned":[9,13,14,15],"killed_by":"downfall:Watcher","ascension_level":0}}