{"host":"61r95uy0hn86b9iu","time":1608517614,"event":{"mods":["AchievementEnabler","BaseMod","Better Vampires","BetterRewards","Colored Powertips","Hubris","Minty Spire (QoL Compilation)","Shop Mod","StSLib"],"gold_per_floor":[118,1,1,17,31,58,71,89,89,89,8,8,20,35,35,107,107,126,126,126,126,126,126,126],"floor_reached":23,"playtime":905,"items_purged":["Strike_G"],"score":382,"play_id":"ec5d5102-ed6f-4fb6-b542-c0985888bf5b","local_time":"20201220202654","is_ascension_mode":true,"campfire_choices":[{"floor":10.0,"key":"REST"},{"data":"Crippling Poison","floor":12.0,"key":"SMITH"},{"floor":15.0,"key":"REST"}],"circlet_count":0,"master_deck":["AscendersBane","Strike_G","Strike_G","Strike_G","Strike_G","Defend_G","Defend_G","Defend_G","Defend_G","Defend_G","Survivor","Neutralize","Dagger Spray","Noxious Fumes+1","Dash","Bane","Corpse Explosion","Catalyst","Crippling Poison+1","Leg Sweep","Burst","Catalyst"],"relics":["Ring of the Snake","NeowsBlessing","Dream Catcher","Bottled Lightning","HoveringKite","hubris:Icosahedron"],"acts_visited":["Exordium","TheCity"],"potions_floor_usage":[],"damage_taken":[{"damage":0.0,"enemies":"Jaw Worm","floor":1.0,"turns":1.0},{"damage":0.0,"enemies":"Cultist","floor":4.0,"turns":1.0},{"damage":0.0,"enemies":"Small Slimes","floor":5.0,"turns":1.0},{"damage":24.0,"enemies":"Gremlin Nob","floor":6.0,"turns":4.0},{"damage":7.0,"enemies":"3 Louse","floor":7.0,"turns":2.0},{"damage":0.0,"enemies":"Gremlin Gang","floor":8.0,"turns":1.0},{"damage":9.0,"enemies":"Looter","floor":13.0,"turns":3.0},{"damage":23.0,"enemies":"Exordium Thugs","floor":14.0,"turns":2.0},{"damage":20.0,"enemies":"Slime Boss","floor":16.0,"turns":10.0},{"damage":28.0,"enemies":"2 Thieves","floor":18.0,"turns":3.0},{"damage":31,"enemies":"Slavers","floor":23,"turns":2}],"seed_played":"-6513576969067288869","potions_obtained":[{"floor":1.0,"key":"Strength Potion"},{"floor":4.0,"key":"Dexterity Potion"},{"floor":13.0,"key":"Fire Potion"},{"floor":14.0,"key":"PowerPotion"}],"is_trial":false,"path_per_floor":["M","$","?","M","M","E","M","M","T","R","$","R","M","M","R","B",null,"M","?","$","?","?","E"],"character_chosen":"THE_SILENT","items_purchased":["Noxious Fumes","Crippling Poison"],"campfire_rested":2,"item_purchase_floors":[2,11],"current_hp_per_floor":[59,59,59,59,59,35,28,28,28,47,47,47,38,15,34,14,53,25,25,25,25,25,0,0],"gold":126,"neow_bonus":"THREE_ENEMY_KILL","is_daily":false,"chose_seed":false,"campfire_upgraded":1,"win_rate":0.0,"timestamp":1608517614,"path_taken":["M","$","?","M","?","E","M","?","T","R","$","R","M","M","R","BOSS","M","?","$","?","?","E"],"items_purchased_type":["Card","Card"],"build_version":"2020-12-13","purchased_purges":1,"victory":false,"max_hp_per_floor":[66,66,66,66,66,66,66,66,66,66,66,66,66,66,66,66,66,66,66,66,66,66,66,66],"card_choices":[{"not_picked":["Predator","Infinite Blades"],"picked":"Dagger Spray","floor":1.0},{"not_picked":["Terror","hubris:SlightOfHand"],"picked":"Dash","floor":4.0},{"not_picked":["Concentrate","Dagger Throw"],"picked":"Bane","floor":5.0},{"not_picked":["Deadly Poison","Escape Plan"],"picked":"Corpse Explosion","floor":6.0},{"not_picked":["Underhanded Strike","Reflex","Bane"],"picked":"SKIP","floor":7.0},{"not_picked":["Acrobatics","All Out Attack"],"picked":"Catalyst","floor":8.0},{"not_picked":["Choke","Finisher"],"picked":"Leg Sweep","floor":13.0},{"not_picked":["Eviscerate","Poisoned Stab","Flying Knee"],"picked":"SKIP","floor":14.0},{"not_picked":["A Thousand Cuts","Wraith Form v2"],"picked":"Burst","floor":16.0},{"not_picked":["Prepared","Outmaneuver"],"picked":"Catalyst","floor":18.0}],"player_experience":3203099,"relics_obtained":[{"floor":6.0,"key":"Dream Catcher"},{"floor":9.0,"key":"Bottled Lightning"}],"event_choices":[{"damage_healed":0.0,"max_hp_gain":0.0,"max_hp_loss":0.0,"gold_gain":0.0,"event_name":"Upgrade Shrine","player_choice":"Upgraded","floor":3.0,"gold_loss":0.0,"damage_taken":0.0,"cards_upgraded":["Noxious Fumes"]},{"damage_healed":0.0,"max_hp_gain":0.0,"max_hp_loss":0.0,"gold_gain":0.0,"event_name":"Ghosts","player_choice":"Ignored","floor":21.0,"gold_loss":0.0,"damage_taken":0.0},{"damage_healed":0.0,"max_hp_gain":0.0,"max_hp_loss":0.0,"gold_gain":0.0,"event_name":"Cursed Tome","player_choice":"Ignored","floor":22.0,"gold_loss":0.0,"damage_taken":0.0}],"is_beta":false,"boss_relics":[{"not_picked":["Velvet Choker","Runic Dome"],"picked":"HoveringKite"}],"items_purged_floors":[2],"is_endless":false,"potions_floor_spawned":[1,4,13,14],"killed_by":"Slavers","ascension_level":20}}