{"host":"df9o10zwd5ba1nc2","time":1608569652,"event":{"mods":["Aspiration","Bard","BaseMod","Beaked The Cultist","Better Altar","Better Match","Better Note","Better Sensory Stone","Better Skull","Better Third Choice","BetterRewards","CCEM","Clawfect","Colored Map","Conspire","Downfall","GifTheSpireLib","Googly Eyes","Halation","Hermit","Highlight Path","Hubris","Hunter ??","Infinite Spire","Jedi Mod","Jorbs\u0027s Wanderer Trilogy","Mad Scientist","Marisa????????","Minty Spire (QoL Compilation)","Permanent Neow","Replay The Spire","Shade Mod","Shop Mod","Spicy Shops","StSLib","Stuff the Spire","The Administrix","The Animator","The Blackbeard","The Construct","The Cursed","The Disciple","The Gatherer","The Hierophant","The Mystic","The Necromancer","The Problem Sleuth","The Servant 0.9.4","The Spell Scribe","The Witch","Unceasing Turn Reminder","everything is the same but u backflip on backflip","slay the spire mod where everything is the same but ironclad has a cowboy hat"],"gold_per_floor":[99,99,24,58,68,68,68,68,78,106,123,141,159,259,271,366,366,366,384,409,357,357,392,392,408,333,372,389,401,401,413,424,534,534,459,483,501,543,543,543],"floor_reached":39,"playtime":3572,"items_purged":[],"score":508,"play_id":"01babc3c-8763-4557-8822-7043a07b775d","local_time":"20201221115412","is_ascension_mode":false,"campfire_choices":[{"floor":1,"key":"RECALL"},{"data":"hermit:Snapshot","floor":3,"key":"SMITH"},{"data":"hermit:Shortfuse","floor":6,"key":"SMITH"},{"data":"hermit:FlashPowder","floor":8,"key":"SMITH"},{"floor":26,"key":"REST"},{"data":"hermit:Determination","floor":35,"key":"SMITH"}],"circlet_count":0,"master_deck":["hermit:Strike_Hermit","hermit:Strike_Hermit","hermit:Strike_Hermit","hermit:Strike_Hermit","hermit:Defend_Hermit","hermit:Defend_Hermit","hermit:Defend_Hermit","hermit:Defend_Hermit","hermit:Snapshot+1","hermit:Shortfuse+1","hermit:FlashPowder+1","hermit:Vantage","hermit:Dive","hermit:Determination+1","hermit:Manifest","hermit:Misfire","hermit:Combo","hermit:Reprieve","Writhe","hermit:GoldenBullet","hermit:Scavenge","hermit:Midnight","hermit:Deadeye","hermit:GhostlyPresence+1","hermit:NoHoldsBarred","hermit:Malice+1","hermit:Manifest","hermit:ItchyTrigger","hermit:BlackWind","hermit:HoleUp","hermit:RoundhouseKick","hermit:TakeCover","hermit:Maintenance+1"],"relics":["jedi:paperlyon","downfall:HeartBlessingRed","aspiration:AnachronicSnailShell","hubris:GlazedTorus","StuffTheSpire:Experiment12","hubris:TerracottaHorce","CCEMRelics:Pendulum","aspiration:StickyExplosives_weak","MealTicket","infinitespire:PuzzleCube","downfall:HeartBlessingBlue","hermit:RyeStalk","Black Star","downfall:HeartBlessingGreen","CCEMRelics:DissonantTune","Gremlin Food"],"acts_visited":["Exordium","TheCity","TheBeyond"],"potions_floor_usage":[16,33,33,33,38,38],"damage_taken":[{"damage":12,"enemies":"3 Sentries","floor":4,"turns":7},{"damage":1,"enemies":"Jaw Worm","floor":5,"turns":2},{"damage":0,"enemies":"Cultist","floor":9,"turns":2},{"damage":0,"enemies":"Gremlin Nob","floor":10,"turns":3},{"damage":0,"enemies":"Small Slimes","floor":11,"turns":2},{"damage":1,"enemies":"Blue Slaver","floor":12,"turns":2},{"damage":0,"enemies":"Exordium Wildlife","floor":13,"turns":4},{"damage":0,"enemies":"Lots of Slimes","floor":15,"turns":4},{"damage":7,"enemies":"downfall:Ironclad","floor":16,"turns":8},{"damage":1,"enemies":"Chosen","floor":19,"turns":4},{"damage":23,"enemies":"Book of Stabbing","floor":20,"turns":6},{"damage":0,"enemies":"downfall:FleeingMerchant","floor":21,"turns":4},{"damage":16,"enemies":"conspire:Head Lice","floor":23,"turns":7},{"damage":4,"enemies":"Shell Parasite","floor":25,"turns":5},{"damage":47,"enemies":"Book of Stabbing","floor":27,"turns":6},{"damage":3,"enemies":"Centurion and Healer","floor":28,"turns":2},{"damage":0,"enemies":"Cultist and Chosen","floor":29,"turns":4},{"damage":0,"enemies":"3 Cultists","floor":31,"turns":4},{"damage":0,"enemies":"Chosen and Byrds","floor":32,"turns":5},{"damage":10,"enemies":"downfall:Watcher","floor":33,"turns":14},{"damage":16,"enemies":"3 Shapes","floor":36,"turns":4},{"damage":2,"enemies":"Orb Walker","floor":37,"turns":3},{"damage":48,"enemies":"Giant Head","floor":38,"turns":11},{"damage":12,"enemies":"Maw","floor":39,"turns":4}],"seed_played":"5689127930598889482","potions_obtained":[{"floor":5,"key":"Languid Potion"},{"floor":10,"key":"SneckoOil"},{"floor":13,"key":"SkillPotion"},{"floor":19,"key":"Guardian:BlockOnCardUsePotion"},{"floor":27,"key":"ColorlessPotion"},{"floor":28,"key":"Block Potion"},{"floor":32,"key":"PowerPotion"},{"floor":36,"key":"Block Potion"},{"floor":37,"key":"SteroidPotion"}],"is_trial":false,"path_per_floor":["R","?","R","E","M","R","T","R","M","E","M","M","M","?","M","B",null,"R_BF","M","E","$","AVR","E","T","M","R","E","M","M","?","M","M","B",null,"R","M","M","E","M"],"character_chosen":"HERMIT","items_purchased":["hermit:Deadeye"],"campfire_rested":1,"item_purchase_floors":[21],"current_hp_per_floor":[75,75,75,63,62,62,62,62,62,62,62,61,61,61,61,54,70,70,69,46,46,46,42,42,38,73,30,27,27,19,19,19,9,66,66,50,48,8,0,0],"gold":543,"neow_bonus":"BOSS_RELIC","is_daily":false,"chose_seed":false,"campfire_upgraded":4,"win_rate":0.0,"timestamp":1608569652,"path_taken":["R","?","R","E","M","R","T","R","M","E","M","M","?","?","M","BOSS","R_BF","?","E","$","AVR","E","T","M","R","E","M","M","?","M","M","BOSS","R","?","M","E","M"],"items_purchased_type":["Card"],"build_version":"2020-12-13","purchased_purges":0,"victory":false,"max_hp_per_floor":[75,75,75,75,75,75,75,75,75,75,75,75,75,75,75,75,75,75,75,75,75,75,75,75,75,85,85,85,85,85,85,85,85,85,85,85,85,85,85,85],"card_choices":[{"not_picked":["hermit:EyeOfTheStorm","hermit:ShadowCloak"],"picked":"hermit:Shortfuse","floor":4},{"not_picked":["hermit:HighCaliber","hermit:DeadMansHand"],"picked":"hermit:FlashPowder","floor":5},{"not_picked":["hermit:TakeCover","hermit:SprayPray"],"picked":"hermit:Vantage","floor":9},{"not_picked":["hermit:Glare","hermit:Purgatory"],"picked":"hermit:Dive","floor":10},{"not_picked":["hermit:EyeOfTheStorm","hermit:Glare"],"picked":"hermit:Determination","floor":11},{"not_picked":["hermit:NoHoldsBarred","hermit:Feint"],"picked":"hermit:Manifest","floor":12},{"not_picked":["hermit:Headshot","hermit:WideOpen"],"picked":"hermit:Misfire","floor":13},{"not_picked":["hermit:Showdown","hermit:HoleUp"],"picked":"hermit:Combo","floor":15},{"not_picked":["hermit:BlackWind","hermit:Gambit"],"picked":"hermit:Reprieve","floor":16},{"not_picked":["hermit:Dive","hermit:HoleUp+1"],"picked":"hermit:GoldenBullet","floor":19},{"not_picked":["hermit:RoundhouseKick","hermit:LoneWolf"],"picked":"hermit:Scavenge","floor":20},{"not_picked":["hermit:Vantage","hermit:Determination"],"picked":"hermit:Midnight","floor":21},{"not_picked":["hermit:Malice","hermit:SprayPray+1"],"picked":"hermit:GhostlyPresence+1","floor":23},{"not_picked":["hermit:HighCaliber","hermit:Feint"],"picked":"hermit:NoHoldsBarred","floor":25},{"not_picked":["hermit:Adapt","hermit:Snipe"],"picked":"hermit:Malice+1","floor":27},{"not_picked":["hermit:LowProfile+1","hermit:Combo"],"picked":"hermit:Manifest","floor":28},{"not_picked":["hermit:Headshot+1","hermit:HighCaliber"],"picked":"hermit:ItchyTrigger","floor":29},{"not_picked":["hermit:Dive","hermit:Misfire+1"],"picked":"hermit:BlackWind","floor":31},{"not_picked":["hermit:Cheat","hermit:FullyLoaded"],"picked":"hermit:HoleUp","floor":32},{"not_picked":["hermit:FromBeyond","hermit:BlackWind"],"picked":"hermit:RoundhouseKick","floor":33},{"not_picked":["hermit:Shortfuse","hermit:Malice+1"],"picked":"hermit:TakeCover","floor":36},{"not_picked":["hermit:FlashPowder+1","hermit:WideOpen+1"],"picked":"hermit:Maintenance+1","floor":37},{"not_picked":["hermit:LoneWolf","hermit:Spite+1","hermit:HighCaliber"],"picked":"SKIP","floor":38}],"player_experience":48093,"relics_obtained":[{"floor":4,"key":"aspiration:AnachronicSnailShell"},{"floor":7,"key":"hubris:GlazedTorus"},{"floor":10,"key":"StuffTheSpire:Experiment12"},{"floor":20,"key":"aspiration:StickyExplosives_weak"},{"floor":23,"key":"infinitespire:PuzzleCube"},{"floor":27,"key":"hermit:RyeStalk"},{"floor":38,"key":"CCEMRelics:DissonantTune"},{"floor":38,"key":"Gremlin Food"}],"event_choices":[{"cards_removed":["hermit:Covet"],"damage_healed":0,"gold_gain":0,"player_choice":"Offered Basic","damage_taken":0,"max_hp_gain":0,"max_hp_loss":0,"event_name":"Bonfire Elementals","floor":2,"gold_loss":0},{"damage_healed":0,"gold_gain":0,"player_choice":"Damaged","damage_taken":8,"max_hp_gain":0,"max_hp_loss":0,"event_name":"Wheel of Change","floor":30,"gold_loss":0}],"is_beta":false,"boss_relics":[{"not_picked":["hubris:ScarierMask","beaked:SacredDeck"],"picked":"hubris:TerracottaHorce"},{"not_picked":["halation:Yufonium","hubris:BlackHole"],"picked":"Black Star"}],"items_purged_floors":[],"is_endless":false,"potions_floor_spawned":[5,10,13,19,27,28,29,31,32,36,37],"killed_by":"Maw","ascension_level":0}}