{"host":"2yqfi47fogfu1ic4","time":1608560328,"event":{"mods":["AchievementEnabler","BaseMod","Colored Map","Colored Powertips","Highlight Path","Minty Spire (QoL Compilation)","Permanent Neow","Relic Stats","StSLib"],"gold_per_floor":[20,34,47,47,62,62,62,62,88,88,123,123,144,18,18,18,18],"floor_reached":16,"playtime":850,"items_purged":["Strike_G"],"score":200,"play_id":"855cfccb-3358-4513-8180-367182d26c75","local_time":"20201221151848","is_ascension_mode":true,"campfire_choices":[{"data":"Phantasmal Killer","floor":6.0,"key":"SMITH"},{"data":"Dagger Spray","floor":8.0,"key":"SMITH"},{"data":"Deadly Poison","floor":10.0,"key":"SMITH"},{"data":"Burst","floor":12,"key":"SMITH"},{"data":"Neutralize","floor":15,"key":"SMITH"}],"circlet_count":0,"master_deck":["AscendersBane","Strike_G","Strike_G","Strike_G","Strike_G","Defend_G","Defend_G","Defend_G","Defend_G","Defend_G","Survivor","Neutralize+1","Phantasmal Killer+1","Catalyst+1","Deadly Poison+1","Dagger Spray+1","Burst+1","PiercingWail","Blade Dance"],"relics":["Ring of the Snake","Golden Idol","Ancient Tea Set","Potion Belt"],"acts_visited":["Exordium"],"potions_floor_usage":[11],"damage_taken":[{"damage":5.0,"enemies":"Small Slimes","floor":1.0,"turns":5.0},{"damage":3.0,"enemies":"Jaw Worm","floor":2.0,"turns":7.0},{"damage":6.0,"enemies":"Cultist","floor":3.0,"turns":4.0},{"damage":20.0,"enemies":"Large Slime","floor":5.0,"turns":7.0},{"damage":5,"enemies":"3 Sentries","floor":11,"turns":6},{"damage":0,"enemies":"2 Fungi Beasts","floor":13,"turns":5},{"damage":20,"enemies":"Hexaghost","floor":16,"turns":9}],"seed_played":"-9123087900613497153","potions_obtained":[{"floor":2.0,"key":"Strength Potion"}],"is_trial":false,"path_per_floor":["M","M","M","?","M","R","?","R","T","R","E","R","M","$","R","B"],"character_chosen":"THE_SILENT","items_purchased":["Blade Dance"],"campfire_rested":0,"item_purchase_floors":[14],"current_hp_per_floor":[54,51,45,45,25,25,25,25,25,25,20,20,20,20,20,0,0],"gold":18,"neow_bonus":"THREE_RARE_CARDS","is_daily":false,"chose_seed":false,"campfire_upgraded":5,"win_rate":0.0,"timestamp":1608560328,"path_taken":["M","M","M","?","M","R","?","R","T","R","E","R","?","$","R","BOSS"],"items_purchased_type":["Card"],"build_version":"2020-12-13","purchased_purges":1,"victory":false,"max_hp_per_floor":[66,66,66,66,66,66,60,60,60,60,60,60,60,60,60,60,60],"relic_stats":{"counters":[7,43],"Golden Idol":11,"obtain_stats":[{"Potion Belt":11,"Golden Idol":7,"Ancient Tea Set":9,"Ring of the Snake":0},{"Potion Belt":5,"Golden Idol":4,"Ancient Tea Set":4,"Ring of the Snake":0},{"Potion Belt":29,"Golden Idol":23,"Ancient Tea Set":23,"Ring of the Snake":0}],"Ring of the Snake":[14]},"card_choices":[{"not_picked":["Storm of Steel","After Image"],"picked":"Phantasmal Killer","floor":0.0},{"not_picked":["Acrobatics","Blade Dance"],"picked":"Catalyst","floor":1.0},{"not_picked":["Calculated Gamble","Flying Knee"],"picked":"Deadly Poison","floor":2.0},{"not_picked":["Eviscerate","Dodge and Roll"],"picked":"Dagger Spray","floor":3.0},{"not_picked":["Reflex","Distraction","Sucker Punch"],"picked":"SKIP","floor":5.0},{"not_picked":["Unload","Caltrops"],"picked":"Burst","floor":11},{"not_picked":["Setup","Dodge and Roll"],"picked":"PiercingWail","floor":13}],"player_experience":1804056,"relics_obtained":[{"floor":9.0,"key":"Ancient Tea Set"},{"floor":11,"key":"Potion Belt"}],"event_choices":[{"damage_healed":0.0,"max_hp_gain":0.0,"max_hp_loss":0.0,"gold_gain":0.0,"event_name":"Living Wall","player_choice":"Grow","floor":4.0,"gold_loss":0.0,"damage_taken":0.0,"cards_upgraded":["Catalyst"]},{"damage_healed":0.0,"max_hp_gain":0.0,"max_hp_loss":6.0,"gold_gain":0.0,"event_name":"Golden Idol","player_choice":"Lose Max HP","floor":7.0,"gold_loss":0.0,"damage_taken":0.0,"relics_obtained":["Golden Idol"]}],"is_beta":false,"boss_relics":[],"items_purged_floors":[14],"is_endless":false,"potions_floor_spawned":[2],"killed_by":"Hexaghost","ascension_level":20}}