{"host":"12piqfhmdln9x2la","time":1608566382,"event":{"mods":["2.2 Compatiblity","AchievementEnabler","BaseMod","BetterRewards","Colored Powertips","Minty Spire (QoL Compilation)","Quick Restart","SuperFastMode"],"gold_per_floor":[116,132,62,62,74,74,74,74,74,114,132,132,148,166,166,285,285,298,348,398,421,471,507,507,507,507],"floor_reached":25,"playtime":421,"items_purged":[],"score":271,"play_id":"5e1784f8-8906-4400-8a18-50c264c216ec","local_time":"20201222005942","is_ascension_mode":false,"campfire_choices":[{"data":"Electrodynamics","floor":6,"key":"SMITH"},{"data":"Defragment","floor":8,"key":"SMITH"},{"floor":15,"key":"REST"},{"data":"Electrodynamics","floor":24,"key":"SMITH"}],"circlet_count":0,"master_deck":["Strike_B","Strike_B","Strike_B","Strike_B","Defend_B","Defend_B","Defend_B","Defend_B","Zap","Dualcast","Cold Snap","Electrodynamics+1","Defragment+1","White Noise","Hologram","Barrage","Redo","Loop","Buffer","Ball Lightning","Barrage","Electrodynamics+1"],"relics":["Cracked Core","NeowsBlessing","WarpedTongs","Golden Idol","Omamori","Mercury Hourglass","SsserpentHead","Black Star","Blue Candle","Nilry\u0027s Codex","Pantograph","Blood Vial"],"acts_visited":["Exordium","TheCity"],"potions_floor_usage":[14,23,23],"damage_taken":[{"damage":0,"enemies":"2 Louse","floor":1,"turns":1},{"damage":0,"enemies":"Cultist","floor":2,"turns":1},{"damage":1,"enemies":"Small Slimes","floor":5,"turns":1},{"damage":22,"enemies":"3 Sentries","floor":10,"turns":4},{"damage":14,"enemies":"Blue Slaver","floor":11,"turns":3},{"damage":17,"enemies":"Red Slaver","floor":13,"turns":2},{"damage":1,"enemies":"2 Fungi Beasts","floor":14,"turns":2},{"damage":5,"enemies":"Slime Boss","floor":16,"turns":5},{"damage":9,"enemies":"Chosen","floor":18,"turns":4},{"damage":43,"enemies":"2 Thieves","floor":21,"turns":3},{"damage":18,"enemies":"Slavers","floor":23,"turns":3},{"damage":39,"enemies":"Book of Stabbing","floor":25,"turns":3}],"seed_played":"-9004328636628542684","potions_obtained":[{"floor":1,"key":"PowerPotion"},{"floor":5,"key":"SkillPotion"},{"floor":10,"key":"Regen Potion"},{"floor":14,"key":"Strength Potion"},{"floor":18,"key":"FairyPotion"}],"is_trial":false,"path_per_floor":["M","M","$","?","M","R","?","R","T","E","M","?","M","M","R","B",null,"M","?","?","M","?","E","R","E"],"character_chosen":"DEFECT","items_purchased":["Defragment"],"campfire_rested":1,"item_purchase_floors":[3],"current_hp_per_floor":[75,75,75,75,74,74,56,56,56,34,20,20,3,7,29,24,75,66,66,50,7,7,22,22,0,0],"gold":507,"neow_bonus":"THREE_ENEMY_KILL","is_daily":false,"chose_seed":false,"campfire_upgraded":3,"win_rate":0.0,"timestamp":1608566382,"path_taken":["M","M","$","?","?","R","?","R","T","E","M","?","M","M","R","BOSS","M","?","?","M","?","E","R","E"],"items_purchased_type":["Card"],"build_version":"2020-12-13","purchased_purges":0,"victory":false,"max_hp_per_floor":[75,75,75,75,75,75,75,75,75,75,75,75,75,75,75,75,75,75,75,75,75,75,75,75,75,75],"card_choices":[{"not_picked":["Coolheaded","Compile Driver"],"picked":"Cold Snap","floor":1},{"not_picked":["Beam Cell","Turbo"],"picked":"Electrodynamics","floor":2},{"not_picked":["Storm","Barrage"],"picked":"White Noise","floor":5},{"not_picked":["Blizzard","BootSequence"],"picked":"Hologram","floor":10},{"not_picked":["Go for the Eyes","Sweeping Beam"],"picked":"Barrage","floor":11},{"not_picked":["Darkness","Aggregate"],"picked":"Redo","floor":13},{"not_picked":["Chill","Streamline"],"picked":"Loop","floor":14},{"not_picked":["Biased Cognition","Core Surge"],"picked":"Buffer","floor":16},{"not_picked":["Sunder+1","Coolheaded"],"picked":"Ball Lightning","floor":18},{"not_picked":["Coolheaded","Steam"],"picked":"Barrage","floor":21},{"not_picked":["Fission","Conserve Battery"],"picked":"Electrodynamics","floor":23}],"player_experience":107070,"relics_obtained":[{"floor":9,"key":"Omamori"},{"floor":10,"key":"Mercury Hourglass"},{"floor":20,"key":"Nilry\u0027s Codex"},{"floor":23,"key":"Pantograph"},{"floor":23,"key":"Blood Vial"}],"event_choices":[{"damage_healed":0,"gold_gain":0,"player_choice":"Rummage","damage_taken":0,"relics_obtained":["WarpedTongs"],"max_hp_gain":0,"max_hp_loss":0,"event_name":"Accursed Blacksmith","floor":4,"gold_loss":0,"cards_obtained":["Pain"]},{"damage_healed":0,"gold_gain":0,"player_choice":"Take Damage","damage_taken":18,"relics_obtained":["Golden Idol"],"max_hp_gain":0,"max_hp_loss":0,"event_name":"Golden Idol","floor":7,"gold_loss":0},{"damage_healed":0,"gold_gain":0,"player_choice":"Trade","damage_taken":0,"relics_obtained":["SsserpentHead"],"max_hp_gain":0,"max_hp_loss":0,"event_name":"FaceTrader","floor":12,"gold_loss":0},{"damage_healed":0,"gold_gain":0,"player_choice":"Opened","damage_taken":0,"relics_obtained":["Blue Candle"],"max_hp_gain":0,"max_hp_loss":0,"event_name":"The Mausoleum","floor":19,"gold_loss":0,"cards_obtained":["Writhe"]},{"damage_healed":0,"gold_gain":0,"player_choice":"Obtained Book","damage_taken":16,"max_hp_gain":0,"max_hp_loss":0,"event_name":"Cursed Tome","floor":20,"gold_loss":0},{"cards_removed":["Pain"],"damage_healed":0,"gold_gain":0,"player_choice":"Purged","damage_taken":0,"max_hp_gain":0,"max_hp_loss":0,"event_name":"Purifier","floor":22,"gold_loss":0}],"is_beta":false,"boss_relics":[{"not_picked":["Cursed Key","Coffee Dripper"],"picked":"Black Star"}],"items_purged_floors":[],"is_endless":false,"potions_floor_spawned":[1,5,10,14,18],"killed_by":"Book of Stabbing","ascension_level":0}}