{"host":"n7mxhpjy89lltbhc","time":1608581120,"event":{"mods":["2.2 Compatiblity","Act Like it!","Bard","BaseMod","Better Match","Better Sensory Stone","Better Synergies","Better Third Choice","Better Vampires","BetterRewards","Challenge The Spire","Colored Map","Colored Powertips","Downfall","Hubris","Infinite Spire","Jedi Mod","Marisa????????","Marked Mod","Minty Spire (QoL Compilation)","Permanent Neow","Rare Cards Sparkle","Relic Sorter","Relic Stats","Replay The Spire","Shop Mod","Spicy Shops","StSLib","Strawberry Spire","The Blue Laboratory","The Disciple","The Servant 0.9.4","Uncapped","Waifu the Spire"],"gold_per_floor":[99,117,127,0,0,0,49,78,95,122,142,157,257,269,279,379,379,304,321,354,354,379,379,404,504,518,443,393,404,404,424,444,548,548,548,548,581,596,627,647,647,572,74,74,90,109,123,123,143,143],"floor_reached":51,"playtime":2648,"items_purged":["champ:Defend","champ:Strike"],"score":848,"play_id":"5dfbd796-8c63-4910-bfe3-ea6b77fbe9e8","local_time":"25631222030520","is_ascension_mode":true,"campfire_choices":[{"data":"champ:Execute","floor":1.0,"key":"SMITH"},{"data":"champ:FaceSlap","floor":6.0,"key":"SMITH"},{"data":"champ:SwordThrow","floor":18.0,"key":"SMITH"},{"data":"champ:BerserkersShout","floor":23.0,"key":"SMITH"},{"floor":27.0,"key":"REST"},{"floor":35.0,"key":"RECALL"},{"floor":42,"key":"REST"},{"floor":44,"key":"REST"},{"floor":48,"key":"REST"}],"circlet_count":0,"master_deck":["champ:Strike","champ:Defend","champ:Defend","champ:Defend","champ:Execute+1","champ:Taunt","champ:BringItOn","champ:BerserkersShout+1","champ:AdrenalArmor","champ:Control+1","champ:FaceSlap+1","champ:FanOfKnives+1","champ:FocusedGladiator","champ:Encircle","champ:BerserkerStyle","champ:SwordThrow+1","AbeCurse","champ:Circumvent","champ:AdrenalArmor+1","J.A.X.","champ:Aggression","champ:BerserkerStyle","champ:StrikeOfGenius","champ:Devastate+1","champ:HeartStrike+1","champ:Improvising","champ:AdrenalArmor+1","Parasite","champ:ShieldSlam+1","champ:MurderStrike+1","champ:Encircle+1"],"relics":["champ:ChampionCrown","strawberrySpire:ElefentMask","jedi:arcanewood","Torii","Abe\u0027s Treasure","downfall:HeartBlessingGreen","ReplayFunnel","Replay:Towering Pillar of Hats","Blue Doll","MutagenicStrength","downfall:HeartBlessingBlue","hubris:Backtick","King of Hearts","Replay:Baseball","Simple Rune","Molten Egg 2","downfall:HeartBlessingRed","Pen Nib","Nunchaku"],"acts_visited":["Exordium","TheCity","TheBeyond"],"potions_floor_usage":[37,37,39,40],"damage_taken":[{"damage":5.0,"enemies":"Cultist","floor":2.0,"turns":3.0},{"damage":22.0,"enemies":"Jaw Worm","floor":3.0,"turns":4.0},{"damage":13.0,"enemies":"downfall:FleeingMerchant","floor":4.0,"turns":4.0},{"damage":24.0,"enemies":"Lagavulin","floor":8.0,"turns":5.0},{"damage":12.0,"enemies":"Small Slimes","floor":9.0,"turns":3.0},{"damage":23.0,"enemies":"3 Sentries","floor":10.0,"turns":6.0},{"damage":3.0,"enemies":"Blue Slaver","floor":11.0,"turns":2.0},{"damage":10.0,"enemies":"3 Louse","floor":12.0,"turns":3.0},{"damage":6.0,"enemies":"Exordium Wildlife","floor":14.0,"turns":3.0},{"damage":17.0,"enemies":"Large Slime","floor":15.0,"turns":4.0},{"damage":57.0,"enemies":"downfall:Defect","floor":16.0,"turns":5.0},{"damage":10.0,"enemies":"Spheric Guardian","floor":19.0,"turns":4.0},{"damage":44.0,"enemies":"strawberrySpire:AncientClocktower","floor":20.0,"turns":7.0},{"damage":37.0,"enemies":"Slavers","floor":22.0,"turns":5.0},{"damage":47.0,"enemies":"downfall:Augmenter","floor":25.0,"turns":5.0},{"damage":12.0,"enemies":"Chosen","floor":26.0,"turns":2.0},{"damage":35.0,"enemies":"3 Cultists","floor":29.0,"turns":4.0},{"damage":34.0,"enemies":"Snecko","floor":31.0,"turns":5.0},{"damage":52.0,"enemies":"Centurion and Healer","floor":32.0,"turns":9.0},{"damage":67.0,"enemies":"downfall:Watcher","floor":33.0,"turns":6.0},{"damage":140,"enemies":"Nemesis","floor":37,"turns":13},{"damage":13,"enemies":"Orb Walker","floor":38,"turns":4},{"damage":47,"enemies":"Giant Head","floor":39,"turns":10},{"damage":14,"enemies":"3 Shapes","floor":40,"turns":5},{"damage":23,"enemies":"downfall:FleeingMerchant","floor":43,"turns":4},{"damage":55,"enemies":"Writhing Mass","floor":45,"turns":5},{"damage":51,"enemies":"3 Darklings","floor":46,"turns":8},{"damage":20,"enemies":"Spire Growth","floor":47,"turns":3},{"damage":39,"enemies":"Maw","floor":49,"turns":7},{"damage":78,"enemies":"downfall:Ironclad","floor":50,"turns":9}],"seed_played":"-3672779016370182273","potions_obtained":[{"floor":2.0,"key":"LiquidBronze"},{"floor":10.0,"key":"blueLaboratory:PolymorphPotion"},{"floor":12.0,"key":"blueLaboratory:BottleOfVodka"},{"floor":16.0,"key":"blueLaboratory:AbyssPotion"},{"floor":26.0,"key":"Adrenaline Potion"},{"floor":33.0,"key":"GamblersBrew"},{"floor":37,"key":"blueLaboratory:BottledHope"},{"floor":45,"key":"Doom Potion"},{"floor":47,"key":"blueLaboratory:SavagePotion"}],"is_trial":false,"path_per_floor":["R","M","M","$","?","R","T","E","M","E","M","M","?","M","M","B",null,"R","M","E","?","E","R","T","?","M","R","?","M","T","M","M","B",null,"R","?","E","M","E","M","T","R","$","R","M","M","M","R","M","B",null],"character_chosen":"THE_CHAMP","items_purchased":["champ:FaceSlap","champ:FanOfKnives+1","Pen Nib","Nunchaku"],"campfire_rested":4,"item_purchase_floors":[4,4,43,43],"current_hp_per_floor":[90,90,79,79,79,79,79,69,69,61,61,61,61,61,55,20,90,90,90,76,76,49,49,49,27,24,64,84,65,65,65,69,39,105,105,105,23,21,11,4,4,35,35,66,40,21,21,52,52,20],"gold":143,"neow_bonus":"THREE_CARDS","is_daily":false,"chose_seed":false,"campfire_upgraded":4,"win_rate":0.0,"timestamp":1608581120,"path_taken":["R","?","M","?","?","R","T","E","M","E","?","M","?","?","M","BOSS","R","M","E","?","E","R","T","?","M","R","?","?","?","?","M","BOSS","R","?","E","M","E","M","T","R","$","R","M","M","M","?","M","BOSS"],"items_purchased_type":["Card","Card","Relic","Relic"],"build_version":"2020-12-13","purchased_purges":2,"victory":true,"max_hp_per_floor":[90,90,90,90,90,90,90,90,90,90,90,90,90,90,90,90,90,90,90,90,90,90,90,90,90,90,100,100,100,100,100,105,105,105,105,105,105,105,105,105,105,105,105,105,105,105,105,105,105,105],"relic_stats":{"Nunchaku":[6],"Torii":19,"counters":[30,157],"Pen Nib":[6],"obtain_stats":[{"ReplayFunnel":20,"Torii":10,"Replay:Towering Pillar of Hats":22,"downfall:HeartBlessingRed":42,"champ:ChampionCrown":0,"downfall:HeartBlessingGreen":18,"Blue Doll":24,"King of Hearts":34,"Pen Nib":43,"Replay:Baseball":37,"Nunchaku":43,"hubris:Backtick":34,"downfall:HeartBlessingBlue":27,"MutagenicStrength":25,"Simple Rune":39,"Molten Egg 2":41,"jedi:arcanewood":8,"strawberrySpire:ElefentMask":7,"Abe\u0027s Treasure":17},{"ReplayFunnel":13,"Torii":6,"Replay:Towering Pillar of Hats":14,"downfall:HeartBlessingRed":24,"champ:ChampionCrown":0,"downfall:HeartBlessingGreen":11,"Blue Doll":14,"King of Hearts":20,"Pen Nib":25,"Replay:Baseball":21,"Nunchaku":25,"hubris:Backtick":20,"downfall:HeartBlessingBlue":16,"MutagenicStrength":15,"Simple Rune":23,"Molten Egg 2":24,"jedi:arcanewood":4,"strawberrySpire:ElefentMask":3,"Abe\u0027s Treasure":11},{"ReplayFunnel":53,"Torii":25,"Replay:Towering Pillar of Hats":58,"downfall:HeartBlessingRed":121,"champ:ChampionCrown":0,"downfall:HeartBlessingGreen":42,"Blue Doll":58,"King of Hearts":89,"Pen Nib":125,"Replay:Baseball":102,"Nunchaku":125,"hubris:Backtick":89,"downfall:HeartBlessingBlue":65,"MutagenicStrength":63,"Simple Rune":116,"Molten Egg 2":121,"jedi:arcanewood":16,"strawberrySpire:ElefentMask":11,"Abe\u0027s Treasure":42}]},"card_choices":[{"not_picked":["champ:AdrenalArmor","champ:BerserkersShout"],"picked":"champ:BringItOn","floor":0.0},{"not_picked":["champ:BladeFlurry","champ:ViciousMockery"],"picked":"champ:BerserkersShout","floor":2.0},{"not_picked":["champ:FocusedDefense","champ:Haymaker"],"picked":"champ:AdrenalArmor","floor":3.0},{"not_picked":["champ:Shatter","champ:ShieldWall"],"picked":"champ:Control","floor":4.0},{"not_picked":["champ:CrookedStrike","champ:BladeFlurry"],"picked":"champ:FocusedGladiator","floor":8.0},{"not_picked":["champ:PerfectedStrike","champ:TornadoPunch","champ:SkillfulDodge"],"picked":"SKIP","floor":9.0},{"not_picked":["champ:FlashCut","champ:CheapShot"],"picked":"champ:Encircle","floor":10.0},{"not_picked":["champ:StanceDance","champ:GutPunch","champ:DefensiveShout"],"picked":"SKIP","floor":11.0},{"not_picked":["champ:Riposte","champ:CalledShot","champ:CrookedStrike"],"picked":"SKIP","floor":12.0},{"not_picked":["champ:DeathBlow","champ:BladeFlurry"],"picked":"champ:BerserkerStyle","floor":14.0},{"not_picked":["champ:BringItOn","champ:PerfectedStrike","champ:IronFortress"],"picked":"SKIP","floor":15.0},{"not_picked":["champ:ShieldThrow","champ:IgnorePain"],"picked":"champ:SwordThrow","floor":16.0},{"not_picked":["champ:ShieldWall","champ:Riposte+1"],"picked":"champ:Circumvent","floor":19.0},{"not_picked":["champ:PerfectedStrike","champ:FlashCut"],"picked":"champ:FightOn","floor":20.0},{"not_picked":["champ:StanceDance","champ:HeavySlash"],"picked":"champ:AdrenalArmor+1","floor":22.0},{"not_picked":[],"picked":"J.A.X.","floor":25.0},{"not_picked":["champ:FalseCounter","champ:EnGarde"],"picked":"champ:StrikeOfGenius","floor":26.0},{"not_picked":["champ:FocusedGladiator","champ:EnragedBash","champ:Haymaker"],"picked":"SKIP","floor":29.0},{"not_picked":["champ:DefensiveShout+1","champ:CrookedStrike","champ:Circumvent"],"picked":"SKIP","floor":31.0},{"not_picked":["champ:FocusedDefense","champ:GutPunch","champ:Aggression"],"picked":"SKIP","floor":32.0},{"not_picked":["champ:ShieldSlam","champ:MurderStrike"],"picked":"champ:Devastate","floor":33.0},{"not_picked":["champ:Backstep+1","champ:GladiatorsShout+1","champ:BladeFlurry+1"],"picked":"SKIP","floor":37},{"not_picked":["champ:DefensiveStyle+1","champ:CrookedStrike+1"],"picked":"champ:HeartStrike+1","floor":38},{"not_picked":["champ:BerserkersShout+1","champ:DeathBlow"],"picked":"champ:Improvising","floor":39},{"not_picked":["champ:GladiatorsShout+1","champ:RapidStrikes"],"picked":"champ:AdrenalArmor+1","floor":40},{"not_picked":["champ:FalseCounter+1","champ:PerfectedStrike+1","champ:CrookedStrike+1"],"picked":"SKIP","floor":43},{"not_picked":["champ:Backstep+1","champ:Haymaker+1"],"picked":"champ:ShieldSlam+1","floor":45},{"not_picked":["champ:GladiatorsShout+1","champ:GladiatorStyle","champ:FlashCut+1"],"picked":"SKIP","floor":46},{"not_picked":["champ:BerserkersShout","champ:Haymaker+1"],"picked":"champ:MurderStrike+1","floor":47},{"not_picked":["champ:GladiatorsShout","champ:Shatter+1"],"picked":"champ:Encircle+1","floor":49}],"player_experience":989708,"relics_obtained":[{"floor":7.0,"key":"strawberrySpire:ElefentMask"},{"floor":8.0,"key":"jedi:arcanewood"},{"floor":10.0,"key":"Torii"},{"floor":20.0,"key":"ReplayFunnel"},{"floor":22.0,"key":"Replay:Towering Pillar of Hats"},{"floor":24.0,"key":"Blue Doll"},{"floor":25.0,"key":"MutagenicStrength"},{"floor":37,"key":"Replay:Baseball"},{"floor":39,"key":"Simple Rune"},{"floor":41,"key":"Molten Egg 2"}],"event_choices":[{"damage_healed":0.0,"max_hp_gain":0.0,"max_hp_loss":0.0,"gold_gain":0.0,"event_name":"Accursed Blacksmith","player_choice":"Forge","floor":36.0,"gold_loss":0.0,"damage_taken":0.0,"cards_upgraded":["champ:Devastate"]}],"is_beta":false,"boss_relics":[{"not_picked":["Replay:Bronze Core","Black Star"],"picked":"Abe\u0027s Treasure"},{"not_picked":["Fusion Hammer","Honey Jar"],"picked":"hubris:Backtick"}],"items_purged_floors":[43,43],"is_endless":false,"potions_floor_spawned":[2,10,12,14,16,26,31,32,33,37,45,47],"ascension_level":1}}