{"host":"rjx4accq0ysw8w2o","time":1608572926,"event":{"mods":["AchievementEnabler","BaseMod","Block Reminder","Colored Map","Colored Powertips","DeckTracker","Highlight Path","Minty Spire (QoL Compilation)","Quick Restart","Rare Cards Sparkle"],"gold_per_floor":[112,125,125,125,143,143,154,154,154,154,173,200,200,216,216,315,315,330,245,245,13,13,13,48,48,48,0,0,15,34,34,34,34,34],"floor_reached":33,"playtime":7314,"items_purged":["Strike_R"],"score":276,"play_id":"46a77ab9-8231-4395-8238-cfa153392028","local_time":"20201221184846","is_ascension_mode":true,"campfire_choices":[{"data":"Cleave","floor":6.0,"key":"SMITH"},{"data":"Shrug It Off","floor":8.0,"key":"SMITH"},{"data":"Reaper","floor":13.0,"key":"SMITH"},{"floor":15.0,"key":"RECALL"},{"data":"Headbutt","floor":23.0,"key":"SMITH"},{"data":"Bash","floor":25.0,"key":"SMITH"},{"floor":32.0,"key":"REST"}],"circlet_count":0,"master_deck":["Strike_R","Strike_R","Strike_R","Defend_R","Defend_R","Defend_R","Bash+1","Cleave+1","Shrug It Off+1","Headbutt+1","Heavy Blade","Reaper+1","Berserk"],"relics":["Burning Blood","CaptainsWheel","Velvet Choker","Toy Ornithopter","Lantern","Question Card","Bottled Flame","Regal Pillow"],"acts_visited":["Exordium","TheCity"],"potions_floor_usage":[33,33],"damage_taken":[{"damage":12.0,"enemies":"Cultist","floor":1.0,"turns":5.0},{"damage":0.0,"enemies":"2 Louse","floor":2.0,"turns":3.0},{"damage":0.0,"enemies":"Small Slimes","floor":5.0,"turns":3.0},{"damage":5.0,"enemies":"Gremlin Gang","floor":7.0,"turns":3.0},{"damage":1.0,"enemies":"3 Louse","floor":11.0,"turns":3.0},{"damage":31.0,"enemies":"Lagavulin","floor":12.0,"turns":6.0},{"damage":0.0,"enemies":"Lots of Slimes","floor":14.0,"turns":1.0},{"damage":50.0,"enemies":"Slime Boss","floor":16.0,"turns":12.0},{"damage":19.0,"enemies":"3 Byrds","floor":18.0,"turns":6.0},{"damage":18.0,"enemies":"Gremlin Leader","floor":24.0,"turns":8.0},{"damage":9.0,"enemies":"2 Thieves","floor":29.0,"turns":3.0},{"damage":22.0,"enemies":"Sentry and Sphere","floor":30.0,"turns":6.0},{"damage":127,"enemies":"Champ","floor":33,"turns":13}],"seed_played":"-8581099356946188432","potions_obtained":[{"floor":2.0,"key":"Fruit Juice"},{"floor":5.0,"key":"Explosive Potion"},{"floor":11.0,"key":"ColorlessPotion"},{"floor":14.0,"key":"LiquidMemories"},{"floor":18.0,"key":"SneckoOil"}],"is_trial":false,"path_per_floor":["M","M","?","?","M","R","M","R","T","?","M","E","R","M","R","B",null,"M","?","?","$","?","R","E","R","T","?","T","M","M","$","R","B"],"character_chosen":"IRONCLAD","items_purchased":["Lantern"],"campfire_rested":1,"item_purchase_floors":[21],"current_hp_per_floor":[82,93,93,93,93,93,93,93,93,93,93,72,72,93,93,49,93,86,86,86,86,86,86,89,89,89,89,89,86,70,70,93,0,0],"gold":34,"neow_bonus":"TEN_PERCENT_HP_BONUS","is_daily":false,"chose_seed":false,"campfire_upgraded":5,"win_rate":0.0,"timestamp":1608572926,"path_taken":["M","?","?","?","?","R","M","R","T","?","M","E","R","?","R","BOSS","M","?","?","$","?","R","E","R","T","?","?","?","M","?","R","BOSS"],"items_purchased_type":["Relic"],"build_version":"2020-12-13","purchased_purges":1,"victory":false,"max_hp_per_floor":[88,93,93,93,93,93,93,93,93,93,93,93,93,93,93,93,93,93,93,93,93,93,93,93,93,93,93,93,93,93,93,93,93,93],"card_choices":[{"not_picked":["Clash","Body Slam"],"picked":"Cleave","floor":1.0},{"not_picked":["Sword Boomerang","Fire Breathing"],"picked":"Shrug It Off","floor":2.0},{"not_picked":["Feed","Pummel"],"picked":"Heavy Blade","floor":5.0},{"not_picked":["Armaments","Reckless Charge","Anger"],"picked":"SKIP","floor":7.0},{"not_picked":["Seeing Red","Rupture","Sword Boomerang"],"picked":"SKIP","floor":11.0},{"not_picked":["Hemokinesis","Clothesline","True Grit"],"picked":"SKIP","floor":12.0},{"not_picked":["Combust","Twin Strike","Rage"],"picked":"SKIP","floor":14.0},{"not_picked":["Double Tap","Feed"],"picked":"Berserk","floor":16.0},{"not_picked":["Armaments","Body Slam+1","Iron Wave"],"picked":"SKIP","floor":18.0},{"not_picked":["Fire Breathing","Body Slam+1","Clash+1"],"picked":"SKIP","floor":24.0},{"not_picked":["Metallicize+1","Armaments+1","Pommel Strike","Anger"],"picked":"SKIP","floor":29.0},{"not_picked":["Sever Soul","Entrench","Armaments","Sword Boomerang+1"],"picked":"SKIP","floor":30.0}],"player_experience":76205,"relics_obtained":[{"floor":12.0,"key":"CaptainsWheel"},{"floor":24.0,"key":"Question Card"},{"floor":26.0,"key":"Bottled Flame"},{"floor":28.0,"key":"Regal Pillow"}],"event_choices":[{"damage_healed":0.0,"max_hp_gain":0.0,"max_hp_loss":0.0,"gold_gain":0.0,"event_name":"Liars Game","player_choice":"Ignored","floor":3.0,"gold_loss":0.0,"damage_taken":0.0},{"damage_healed":0.0,"max_hp_gain":0.0,"max_hp_loss":0.0,"gold_gain":0.0,"cards_transformed":["Strike_R"],"event_name":"Transmorgrifier","player_choice":"Transformed","floor":4.0,"gold_loss":0.0,"damage_taken":0.0,"cards_obtained":["Headbutt"]},{"damage_healed":0.0,"max_hp_gain":0.0,"max_hp_loss":0.0,"gold_gain":0.0,"cards_transformed":["Defend_R"],"event_name":"Transmorgrifier","player_choice":"Transformed","floor":10.0,"gold_loss":0.0,"damage_taken":0.0,"cards_obtained":["Reaper"]},{"damage_healed":0.0,"max_hp_gain":0.0,"max_hp_loss":0.0,"gold_gain":0.0,"event_name":"Addict","player_choice":"Obtained Relic","floor":19.0,"gold_loss":85.0,"damage_taken":0.0,"relics_obtained":["Toy Ornithopter"]},{"damage_healed":0.0,"max_hp_gain":0.0,"max_hp_loss":0.0,"gold_gain":0.0,"event_name":"Ghosts","player_choice":"Ignored","floor":20.0,"gold_loss":0.0,"damage_taken":0.0},{"damage_healed":0.0,"max_hp_gain":0.0,"max_hp_loss":0.0,"gold_gain":0.0,"event_name":"Vampires","player_choice":"Ignored","floor":22.0,"gold_loss":0.0,"damage_taken":0.0},{"damage_healed":0.0,"max_hp_gain":0.0,"max_hp_loss":0.0,"gold_gain":0.0,"event_name":"Masked Bandits","player_choice":"Paid Fearfully","floor":27.0,"gold_loss":48.0,"damage_taken":0.0}],"is_beta":false,"boss_relics":[{"not_picked":["Astrolabe","Coffee Dripper"],"picked":"Velvet Choker"}],"items_purged_floors":[21],"is_endless":false,"potions_floor_spawned":[2,5,11,14,18],"killed_by":"Champ","ascension_level":1}}