{"host":"by8i6f8xc0ywpsd5","time":1608577927,"event":{"mods":["BaseMod","Colored Map","Minty Spire (QoL Compilation)","Relic Stats"],"gold_per_floor":[113,12,28,39,53,80,80,114,166,191,210,260,280,295,295,295,295],"floor_reached":16,"playtime":742,"items_purged":[],"score":248,"play_id":"4df91a08-016e-42d5-a4a8-bb5bc12b2968","local_time":"20201221211207","is_ascension_mode":true,"campfire_choices":[{"data":"Combust","floor":7.0,"key":"SMITH"},{"data":"Rupture","floor":15,"key":"SMITH"}],"circlet_count":0,"master_deck":["AscendersBane","Strike_R","Strike_R","Strike_R","Strike_R","Strike_R","Defend_R","Defend_R","Defend_R","Defend_R","Bash+1","Combust+1","Iron Wave","Rupture+1","Perfected Strike","Anger","Burning Pact","Reaper","Metallicize","Clothesline","Feel No Pain","Ghostly Armor"],"relics":["Burning Blood","The Courier","HornCleat","Toy Ornithopter"],"acts_visited":["Exordium"],"potions_floor_usage":[14,16],"damage_taken":[{"damage":7.0,"enemies":"Cultist","floor":1.0,"turns":4.0},{"damage":1.0,"enemies":"2 Louse","floor":3.0,"turns":2.0},{"damage":2.0,"enemies":"Small Slimes","floor":4.0,"turns":2.0},{"damage":5.0,"enemies":"2 Fungi Beasts","floor":5.0,"turns":3.0},{"damage":34.0,"enemies":"Gremlin Nob","floor":6.0,"turns":4.0},{"damage":30.0,"enemies":"Lagavulin","floor":8.0,"turns":7.0},{"damage":14.0,"enemies":"Gremlin Nob","floor":10.0,"turns":4.0},{"damage":19.0,"enemies":"Large Slime","floor":11.0,"turns":5.0},{"damage":10.0,"enemies":"Exordium Thugs","floor":13.0,"turns":4.0},{"damage":8,"enemies":"Blue Slaver","floor":14,"turns":5},{"damage":52,"enemies":"The Guardian","floor":16,"turns":9}],"seed_played":"3762859584233257606","potions_obtained":[{"floor":4.0,"key":"Strength Potion"},{"floor":5.0,"key":"Ancient Potion"},{"floor":6.0,"key":"ElixirPotion"},{"floor":13.0,"key":"BloodPotion"}],"is_trial":false,"path_per_floor":["M","$","M","M","M","E","R","E","T","E","M","?","M","M","R","B"],"character_chosen":"IRONCLAD","items_purchased":["Iron Wave","Rupture"],"campfire_rested":0,"item_purchase_floors":[2,2],"current_hp_per_floor":[67,67,72,75,75,47,47,23,23,15,8,8,14,21,21,0,0],"gold":295,"neow_bonus":"UPGRADE_CARD","is_daily":false,"chose_seed":false,"campfire_upgraded":2,"win_rate":0.0,"timestamp":1608577927,"path_taken":["M","?","M","M","?","E","R","E","T","E","M","?","?","M","R","BOSS"],"items_purchased_type":["Card","Card"],"build_version":"2020-12-13","purchased_purges":0,"victory":false,"max_hp_per_floor":[75,75,75,75,75,75,75,75,75,75,75,75,75,75,75,75,75],"relic_stats":{"counters":[11,49],"obtain_stats":[{"HornCleat":8,"The Courier":6,"Burning Blood":0,"Toy Ornithopter":10},{"HornCleat":6,"The Courier":5,"Burning Blood":0,"Toy Ornithopter":7},{"HornCleat":22,"The Courier":15,"Burning Blood":0,"Toy Ornithopter":26}],"Burning Blood":58,"Toy Ornithopter":10},"card_choices":[{"not_picked":["Heavy Blade","Body Slam"],"picked":"Combust","floor":1.0},{"not_picked":["Second Wind","Wild Strike"],"picked":"Perfected Strike","floor":3.0},{"not_picked":["Thunderclap","Iron Wave","Body Slam"],"picked":"SKIP","floor":4.0},{"not_picked":["Whirlwind","Entrench"],"picked":"Anger","floor":5.0},{"not_picked":["Wild Strike","Shrug It Off"],"picked":"Burning Pact","floor":6.0},{"not_picked":["Wild Strike","Metallicize"],"picked":"Reaper","floor":8.0},{"not_picked":["Rampage","Warcry"],"picked":"Metallicize","floor":10.0},{"not_picked":["Metallicize","Pommel Strike"],"picked":"Clothesline","floor":11.0},{"not_picked":["Wild Strike","Heavy Blade"],"picked":"Feel No Pain","floor":13.0},{"not_picked":["Iron Wave","Shrug It Off"],"picked":"Ghostly Armor","floor":14}],"player_experience":1681453,"relics_obtained":[{"floor":6.0,"key":"The Courier"},{"floor":8.0,"key":"HornCleat"},{"floor":10.0,"key":"Toy Ornithopter"}],"event_choices":[{"damage_healed":0.0,"max_hp_gain":0.0,"max_hp_loss":0.0,"gold_gain":50.0,"event_name":"Golden Shrine","player_choice":"Pray","floor":12.0,"gold_loss":0.0,"damage_taken":0.0}],"is_beta":false,"boss_relics":[],"items_purged_floors":[],"is_endless":false,"potions_floor_spawned":[4,5,6,13],"killed_by":"The Guardian","ascension_level":20}}