{"host":"k6v1xkuzrj71f4ss","time":1608510486,"event":{"mods":["Act Like it!","BaseMod","Bestiary","BetterRewards","Block Reminder","Colored Map","Colored Powertips","Curses Come First","Hubris","Minty Spire (QoL Compilation)","Quick Restart","Relic Stats","Remove Card Discount Mod","Spicy Shops","StSLib","óô»ðÖ¸ÄÏ"],"gold_per_floor":[110,128,128,187,4750,4750,4778,4790,4866,4834,4643,4668,4694,4694,4694,4795,5095,5114,5114,4265,4265,4275,4275,4309,4322,4322,4322,4352,4352,4277,4303,4303,4401,4401,4416,0,15,65,65,92,107,107,175,14,68,68,103,103,103,103],"floor_reached":51,"playtime":3891,"items_purged":["Regret","Strike_R","Strike_R","Strike_R","Strike_R","Strike_R","Writhe","Defend_R","Defend_R","Flex"],"score":1089,"play_id":"ccbea62e-1e93-4a79-9501-37ba28401193","local_time":"20201221082806","is_ascension_mode":true,"campfire_choices":[{"data":"Anger","floor":6.0,"key":"SMITH"},{"data":"Heavy Blade","floor":15.0,"key":"SMITH"},{"data":"hubris:EnhanceAbility","floor":23.0,"key":"SMITH"},{"data":"Demon Form","floor":32.0,"key":"SMITH"},{"data":"hubris:StunningStrike","floor":42,"key":"SMITH"},{"data":"Armaments","floor":49,"key":"SMITH"}],"circlet_count":0,"master_deck":["Defend_R+1","Defend_R+1","Bash","Demon Form+1","Wild Strike","Anger+1","Uppercut","Bloodletting","Sword Boomerang","Heavy Blade+1","Pummel","Iron Wave","hubris:StunningStrike+1","CurseOfTheBell","Infernal Blade","hubris:EnhanceAbility+1","Armaments+1","Uppercut","Necronomicurse","Infernal Blade","Blood for Blood","Reaper","Whirlwind+1","Flex+1","Limit Break","Panache"],"relics":["Burning Blood","Bronze Scales","hubris:SlimyHat","TheAbacus","FossilizedHelix","hubris:Reverence","hubris:MysteriousPyramids","HandDrill","Odd Mushroom","Orichalcum","hubris:Towel","Calling Bell","Red Skull","Pear","Old Coin","Happy Flower","Juzu Bracelet","Darkstone Periapt","ClockworkSouvenir","DollysMirror","Blood Vial","hubris:Zylophone","Necronomicon","Shuriken","Question Card","Runic Pyramid","Red Mask","hubris:GlazedTorus","Mercury Hourglass","HornCleat","Torii","Pen Nib"],"acts_visited":["Exordium","TheCity","TheBeyond"],"potions_floor_usage":[],"damage_taken":[{"damage":14.0,"enemies":"2 Louse","floor":1.0,"turns":3.0},{"damage":12.0,"enemies":"Small Slimes","floor":2.0,"turns":4.0},{"damage":4.0,"enemies":"Lagavulin","floor":7.0,"turns":6.0},{"damage":0.0,"enemies":"Jaw Worm","floor":8.0,"turns":2.0},{"damage":0.0,"enemies":"The Mushroom Lair","floor":12.0,"turns":3.0},{"damage":30.0,"enemies":"3 Sentries","floor":13.0,"turns":4.0},{"damage":20.0,"enemies":"Hexaghost","floor":16.0,"turns":5.0},{"damage":27.0,"enemies":"2 Thieves","floor":18.0,"turns":4.0},{"damage":0.0,"enemies":"3 Byrds","floor":22.0,"turns":4.0},{"damage":0.0,"enemies":"Book of Stabbing","floor":24.0,"turns":4.0},{"damage":0.0,"enemies":"Cultist and Chosen","floor":25.0,"turns":4.0},{"damage":0.0,"enemies":"Gremlin Leader","floor":28.0,"turns":5.0},{"damage":27.0,"enemies":"Slavers","floor":31.0,"turns":4.0},{"damage":4.0,"enemies":"Collector","floor":33.0,"turns":5.0},{"damage":47.0,"enemies":"3 Shapes","floor":35.0,"turns":3.0},{"damage":3.0,"enemies":"3 Darklings","floor":37.0,"turns":3.0},{"damage":0.0,"enemies":"Mind Bloom Boss Battle","floor":38.0,"turns":4.0},{"damage":0.0,"enemies":"Nemesis","floor":40.0,"turns":4.0},{"damage":0,"enemies":"Jaw Worm Horde","floor":41,"turns":2},{"damage":8,"enemies":"2 Orb Walkers","floor":45,"turns":3},{"damage":0,"enemies":"Giant Head","floor":47,"turns":5},{"damage":48,"enemies":"Awakened One","floor":50,"turns":7}],"seed_played":"5315225698203051159","potions_obtained":[{"floor":12.0,"key":"DistilledChaos"},{"floor":13.0,"key":"SmokeBomb"},{"floor":16.0,"key":"AttackPotion"}],"is_trial":false,"path_per_floor":["M","M","?","?","$","R","E","M","T","?","$","?","E","?","R","B",null,"M","?","$","?","M","R","E","M","T","?","E","?","?","E","R","B",null,"M","?","M","?","?","E","M","R","T","$","?","?","E","?","R","B",null],"character_chosen":"IRONCLAD","items_purchased":["Uppercut","hubris:SlimyHat","TheAbacus","FossilizedHelix","Heavy Blade","HandDrill","hubris:EnhanceAbility","Armaments","Juzu Bracelet","Darkstone Periapt","ClockworkSouvenir","DollysMirror","Limit Break"],"campfire_rested":0,"item_purchase_floors":[5,5,5,5,11,11,20,20,20,20,20,20,44],"current_hp_per_floor":[72,66,66,66,66,66,68,74,74,74,74,80,56,56,56,42,90,69,69,69,69,75,75,81,89,89,79,87,87,87,68,68,72,96,71,71,76,84,84,92,96,96,96,96,94,84,96,96,96,67],"gold":103,"neow_bonus":"ONE_RANDOM_RARE_CARD","is_daily":false,"chose_seed":false,"campfire_upgraded":6,"win_rate":0.0,"timestamp":1608510486,"path_taken":["M","M","?","?","$","R","E","M","T","?","$","?","E","?","R","BOSS","M","?","$","?","M","R","E","M","T","?","E","?","?","E","R","BOSS","M","?","M","?","?","E","M","R","T","$","?","?","E","?","R","BOSS"],"items_purchased_type":["Card","Relic","Relic","Relic","Card","Relic","Card","Card","Relic","Relic","Relic","Relic","Card"],"build_version":"2020-12-13","purchased_purges":10,"victory":true,"max_hp_per_floor":[80,80,80,80,80,80,80,80,80,80,80,80,80,80,80,80,90,90,90,90,90,90,90,90,90,90,96,96,96,96,96,96,96,96,96,96,96,96,96,96,96,96,96,96,96,96,96,96,96,96],"relic_stats":{"Darkstone Periapt":6,"Happy Flower":[19],"Torii":0,"counters":[22,88],"Pen Nib":[1],"Juzu Bracelet":1,"Orichalcum":[174],"Question Card":25,"Burning Blood":122,"Mercury Hourglass":[69],"Blood Vial":18,"TheAbacus":[72],"Shuriken":[21],"Bronze Scales":[235],"HandDrill":[18],"Necronomicon":[29],"obtain_stats":[{"Darkstone Periapt":20,"Torii":45,"hubris:SlimyHat":5,"Juzu Bracelet":20,"hubris:MysteriousPyramids":9,"Burning Blood":0,"Old Coin":17,"ClockworkSouvenir":20,"Blood Vial":24,"TheAbacus":5,"HornCleat":43,"DollysMirror":20,"HandDrill":11,"Necronomicon":27,"Red Mask":36,"Red Skull":17,"Runic Pyramid":34,"hubris:GlazedTorus":38,"Pear":17,"Happy Flower":19,"Pen Nib":47,"Odd Mushroom":12,"Orichalcum":13,"hubris:Towel":14,"Question Card":31,"Mercury Hourglass":40,"Calling Bell":17,"hubris:Zylophone":26,"Shuriken":28,"Bronze Scales":3,"FossilizedHelix":5,"hubris:Reverence":7},{"Darkstone Periapt":8,"Torii":20,"hubris:SlimyHat":2,"Juzu Bracelet":8,"hubris:MysteriousPyramids":4,"Burning Blood":0,"Old Coin":7,"ClockworkSouvenir":8,"Blood Vial":10,"TheAbacus":2,"HornCleat":19,"DollysMirror":8,"HandDrill":4,"Necronomicon":11,"Red Mask":15,"Red Skull":7,"Runic Pyramid":14,"hubris:GlazedTorus":17,"Pear":7,"Happy Flower":8,"Pen Nib":21,"Odd Mushroom":5,"Orichalcum":6,"hubris:Towel":6,"Question Card":13,"Mercury Hourglass":18,"Calling Bell":7,"hubris:Zylophone":11,"Shuriken":12,"Bronze Scales":2,"FossilizedHelix":2,"hubris:Reverence":3},{"Darkstone Periapt":31,"Torii":76,"hubris:SlimyHat":7,"Juzu Bracelet":31,"hubris:MysteriousPyramids":15,"Burning Blood":0,"Old Coin":27,"ClockworkSouvenir":31,"Blood Vial":39,"TheAbacus":7,"HornCleat":73,"DollysMirror":31,"HandDrill":15,"Necronomicon":43,"Red Mask":60,"Red Skull":27,"Runic Pyramid":57,"hubris:GlazedTorus":67,"Pear":27,"Happy Flower":31,"Pen Nib":81,"Odd Mushroom":18,"Orichalcum":22,"hubris:Towel":22,"Question Card":52,"Mercury Hourglass":71,"Calling Bell":27,"hubris:Zylophone":43,"Shuriken":48,"Bronze Scales":7,"FossilizedHelix":7,"hubris:Reverence":13}]},"card_choices":[{"not_picked":["Perfected Strike","Clash"],"picked":"Wild Strike","floor":1.0},{"not_picked":["Wild Strike","Cleave"],"picked":"Anger","floor":2.0},{"not_picked":["hubris:CleavingFinish","Perfected Strike"],"picked":"Bloodletting","floor":7.0},{"not_picked":["Intimidate","Body Slam"],"picked":"Sword Boomerang","floor":8.0},{"not_picked":["Bloodletting","Sever Soul"],"picked":"Pummel","floor":12.0},{"not_picked":["Metallicize","Clothesline"],"picked":"Iron Wave","floor":13.0},{"not_picked":["Corruption","Immolate"],"picked":"hubris:StunningStrike","floor":16.0},{"not_picked":["Intimidate+1","Battle Trance"],"picked":"Infernal Blade","floor":18.0},{"not_picked":["hubris:ReadiedAction","Flame Barrier"],"picked":"Infernal Blade","floor":22.0},{"not_picked":["Sword Boomerang","Corruption"],"picked":"Anger","floor":24.0},{"not_picked":["Body Slam","Shrug It Off","Iron Wave"],"picked":"SKIP","floor":25.0},{"not_picked":["Wild Strike","Rupture","Perfected Strike"],"picked":"SKIP","floor":28.0},{"not_picked":["Power Through+1","Searing Blow"],"picked":"Blood for Blood","floor":31.0},{"not_picked":["Juggernaut","Impervious","Bludgeon"],"picked":"Reaper","floor":33.0},{"not_picked":["Havoc","Dropkick","Shrug It Off","Second Wind+1"],"picked":"SKIP","floor":35.0},{"not_picked":["Iron Wave","Perfected Strike+1","Clothesline+1"],"picked":"Whirlwind+1","floor":37.0},{"not_picked":["Headbutt","Wild Strike+1","Battle Trance"],"picked":"Flex","floor":38.0},{"not_picked":["Uppercut","Entrench+1","Immolate","Pommel Strike+1"],"picked":"SKIP","floor":40},{"not_picked":["hubris:ReadiedAction+1","Havoc","Shrug It Off+1"],"picked":"Flex+1","floor":41},{"not_picked":["Jack Of All Trades","hubris:Insight","Enlightenment"],"picked":"Panache","floor":46},{"not_picked":["Searing Blow","Reckless Charge+1","Second Wind","Power Through"],"picked":"SKIP","floor":47}],"player_experience":139663,"relics_obtained":[{"floor":7.0,"key":"hubris:Reverence"},{"floor":9.0,"key":"hubris:MysteriousPyramids"},{"floor":12.0,"key":"Odd Mushroom"},{"floor":13.0,"key":"Orichalcum"},{"floor":17.0,"key":"Red Skull"},{"floor":17.0,"key":"Pear"},{"floor":17.0,"key":"Old Coin"},{"floor":24.0,"key":"Blood Vial"},{"floor":26.0,"key":"hubris:Zylophone"},{"floor":27.0,"key":"Necronomicon"},{"floor":28.0,"key":"Shuriken"},{"floor":31.0,"key":"Question Card"},{"floor":38.0,"key":"hubris:GlazedTorus"},{"floor":40,"key":"Mercury Hourglass"},{"floor":43,"key":"HornCleat"},{"floor":45,"key":"Torii"},{"floor":47,"key":"Pen Nib"}],"event_choices":[{"damage_healed":0.0,"max_hp_gain":0.0,"max_hp_loss":0.0,"gold_gain":0.0,"event_name":"Big Fish","player_choice":"Box","floor":3.0,"gold_loss":0.0,"damage_taken":0.0,"relics_obtained":["Bronze Scales"],"cards_obtained":["Regret"]},{"damage_healed":0.0,"max_hp_gain":0.0,"max_hp_loss":0.0,"gold_gain":59.0,"event_name":"Golden Wing","player_choice":"Gained Gold","floor":4.0,"gold_loss":0.0,"damage_taken":0.0},{"damage_healed":0.0,"max_hp_gain":0.0,"max_hp_loss":0.0,"gold_gain":0.0,"event_name":"World of Goop","player_choice":"Left Gold","floor":10.0,"gold_loss":32.0,"damage_taken":0.0},{"damage_healed":0.0,"max_hp_gain":0.0,"max_hp_loss":0.0,"gold_gain":0.0,"event_name":"Mushrooms","player_choice":"Fought Mushrooms","floor":12.0,"gold_loss":0.0,"damage_taken":0.0},{"damage_healed":0.0,"max_hp_gain":0.0,"max_hp_loss":0.0,"gold_gain":0.0,"event_name":"The Mausoleum","player_choice":"Opened","floor":19.0,"gold_loss":0.0,"damage_taken":0.0,"relics_obtained":["Happy Flower"],"cards_obtained":["Writhe"]},{"damage_healed":0.0,"max_hp_gain":0.0,"max_hp_loss":0.0,"gold_gain":0.0,"event_name":"Back to Basics","player_choice":"Simplicity","floor":21.0,"gold_loss":0.0,"damage_taken":0.0,"cards_upgraded":["Defend_R","Defend_R"]},{"damage_healed":0.0,"max_hp_gain":0.0,"max_hp_loss":0.0,"gold_gain":0.0,"event_name":"Cursed Tome","player_choice":"Obtained Book","floor":27.0,"gold_loss":0.0,"damage_taken":16.0},{"damage_healed":0.0,"max_hp_gain":0.0,"max_hp_loss":0.0,"gold_gain":0.0,"event_name":"The Library","player_choice":"Read","floor":29.0,"gold_loss":0.0,"damage_taken":0.0,"cards_obtained":["Infernal Blade"]},{"cards_removed":["Anger"],"damage_healed":0.0,"max_hp_gain":0.0,"max_hp_loss":0.0,"gold_gain":0.0,"event_name":"Beggar","player_choice":"Gave Gold","floor":30.0,"gold_loss":75.0,"damage_taken":0.0},{"damage_healed":0.0,"max_hp_gain":0.0,"max_hp_loss":0.0,"gold_gain":0.0,"event_name":"Tomb of Lord Red Mask","player_choice":"Paid","floor":36.0,"gold_loss":4416.0,"damage_taken":0.0,"relics_obtained":["Red Mask"]},{"damage_healed":0.0,"max_hp_gain":0.0,"max_hp_loss":0.0,"gold_gain":0.0,"event_name":"MindBloom","player_choice":"Fight","floor":38.0,"gold_loss":0.0,"damage_taken":0.0},{"damage_healed":0.0,"max_hp_gain":0.0,"max_hp_loss":0.0,"gold_gain":0.0,"event_name":"Lab","player_choice":"Got Potions","floor":39.0,"gold_loss":0.0,"damage_taken":0.0},{"damage_healed":0,"gold_gain":0,"player_choice":"Fight","damage_taken":0,"max_hp_gain":0,"max_hp_loss":0,"event_name":"Mysterious Sphere","floor":45,"gold_loss":0},{"damage_healed":0,"gold_gain":0,"player_choice":"Memory 3","damage_taken":10,"max_hp_gain":0,"max_hp_loss":0,"event_name":"SensoryStone","floor":46,"gold_loss":0},{"cards_removed":["Infernal Blade"],"damage_healed":0,"gold_gain":0,"player_choice":"Removed Skill","damage_taken":0,"max_hp_gain":0,"max_hp_loss":0,"event_name":"Falling","floor":48,"gold_loss":0}],"is_beta":false,"boss_relics":[{"not_picked":["Philosopher\u0027s Stone","Runic Cube"],"picked":"Calling Bell"},{"not_picked":["Runic Dome","hubris:BlackHole"],"picked":"Runic Pyramid"}],"items_purged_floors":[5,5,5,5,11,11,20,20,20,44],"is_endless":false,"potions_floor_spawned":[12,13,16,18,22,35,38,41],"ascension_level":3}}