{"host":"y76clbnovzmw9ubx","time":1608559165,"event":{"mods":["AchievementEnabler","BaseMod","Minty Spire (QoL Compilation)","Permanent Neow","Relic Stats"],"gold_per_floor":[12,31,31,44,60,85,85,118,198,198,214,232,252,270,270,344,344,358,338,353,21,36,36,36],"floor_reached":23,"playtime":1701,"items_purged":["Strike_R"],"score":414,"play_id":"8a31fb33-6cc7-45be-af3f-2e6d3b9bda21","local_time":"20201221085925","is_ascension_mode":true,"campfire_choices":[{"data":"Fire Breathing","floor":7,"key":"SMITH"},{"floor":15,"key":"REST"}],"circlet_count":0,"master_deck":["AscendersBane","Strike_R","Strike_R","Strike_R","Defend_R","Defend_R","Defend_R","Bash","Blood for Blood+1","Clothesline","Ghostly Armor","Twin Strike","Fire Breathing+1","Power Through","Feel No Pain","Anger","Reckless Charge","Disarm","Immolate","Fire Breathing","Ghostly Armor"],"relics":["Burning Blood","InkBottle","Ice Cream","Kunai","Philosopher\u0027s Stone","Regal Pillow"],"acts_visited":["Exordium","TheCity"],"potions_floor_usage":[6,14,16,18,20],"damage_taken":[{"damage":10,"enemies":"2 Louse","floor":1,"turns":3},{"damage":4,"enemies":"Small Slimes","floor":2,"turns":5},{"damage":6,"enemies":"Jaw Worm","floor":4,"turns":5},{"damage":31,"enemies":"Gremlin Gang","floor":5,"turns":5},{"damage":26,"enemies":"Gremlin Nob","floor":6,"turns":4},{"damage":15,"enemies":"3 Sentries","floor":8,"turns":4},{"damage":2,"enemies":"Large Slime","floor":11,"turns":5},{"damage":6,"enemies":"Blue Slaver","floor":12,"turns":4},{"damage":11,"enemies":"3 Louse","floor":13,"turns":5},{"damage":7,"enemies":"2 Fungi Beasts","floor":14,"turns":3},{"damage":30,"enemies":"Hexaghost","floor":16,"turns":10},{"damage":19,"enemies":"2 Thieves","floor":18,"turns":3},{"damage":12,"enemies":"3 Byrds","floor":20,"turns":4},{"damage":27,"enemies":"Snake Plant","floor":22,"turns":6},{"damage":20,"enemies":"Gremlin Leader","floor":23,"turns":2}],"seed_played":"-8625885181525474411","potions_obtained":[{"floor":4,"key":"DuplicationPotion"},{"floor":5,"key":"Explosive Potion"},{"floor":6,"key":"Dexterity Potion"},{"floor":11,"key":"Swift Potion"},{"floor":14,"key":"Dexterity Potion"},{"floor":16,"key":"Fire Potion"},{"floor":19,"key":"SpeedPotion"},{"floor":20,"key":"Strength Potion"}],"is_trial":false,"path_per_floor":["M","M","?","M","M","E","R","E","T","?","M","M","M","M","R","B",null,"M","?","M","$","M","E"],"character_chosen":"IRONCLAD","items_purchased":["Regal Pillow","Fire Breathing"],"campfire_rested":1,"item_purchase_floors":[21,21],"current_hp_per_floor":[64,66,66,66,41,21,21,12,12,12,16,16,11,10,32,8,58,45,45,39,39,18,0,0],"gold":36,"neow_bonus":"TRANSFORM_TWO_CARDS","is_daily":false,"chose_seed":false,"campfire_upgraded":1,"win_rate":0.0,"timestamp":1608559165,"path_taken":["M","M","?","M","M","E","R","E","T","?","M","M","M","M","R","BOSS","M","?","?","$","M","E"],"items_purchased_type":["Relic","Card"],"build_version":"2020-12-13","purchased_purges":1,"victory":false,"max_hp_per_floor":[75,75,75,75,75,75,75,75,75,75,75,75,75,75,75,75,75,75,75,75,75,75,75,75],"relic_stats":{"Regal Pillow":0,"counters":[15,68],"Kunai":[7],"obtain_stats":[{"Ice Cream":8,"Regal Pillow":21,"Philosopher\u0027s Stone":17,"Kunai":9,"Burning Blood":0,"InkBottle":6},{"Ice Cream":6,"Regal Pillow":13,"Philosopher\u0027s Stone":11,"Kunai":6,"Burning Blood":0,"InkBottle":5},{"Ice Cream":26,"Regal Pillow":60,"Philosopher\u0027s Stone":53,"Kunai":26,"Burning Blood":0,"InkBottle":22}],"Burning Blood":84,"InkBottle":[12]},"card_choices":[{"not_picked":["Shrug It Off","Rage","Sword Boomerang"],"picked":"SKIP","floor":1},{"not_picked":["Flex","Perfected Strike","Rage"],"picked":"SKIP","floor":2},{"not_picked":["True Grit","Havoc"],"picked":"Ghostly Armor","floor":4},{"not_picked":["Wild Strike","Cleave"],"picked":"Twin Strike","floor":5},{"not_picked":["Evolve","Rage"],"picked":"Fire Breathing","floor":6},{"not_picked":["Anger","Havoc"],"picked":"Power Through","floor":8},{"not_picked":["Hemokinesis","Body Slam"],"picked":"Feel No Pain","floor":11},{"not_picked":["Headbutt","Heavy Blade"],"picked":"Anger","floor":12},{"not_picked":["Rupture","Perfected Strike"],"picked":"Reckless Charge","floor":13},{"not_picked":["Impervious","Warcry"],"picked":"Disarm","floor":14},{"not_picked":["Juggernaut","Offering"],"picked":"Immolate","floor":16},{"not_picked":["Cleave+1","Twin Strike","Havoc+1"],"picked":"SKIP","floor":18},{"not_picked":["Entrench","Havoc","Clothesline"],"picked":"SKIP","floor":20},{"not_picked":["Cleave","Reckless Charge"],"picked":"Ghostly Armor","floor":22}],"player_experience":2935619,"relics_obtained":[{"floor":6,"key":"InkBottle"},{"floor":8,"key":"Ice Cream"},{"floor":9,"key":"Kunai"}],"event_choices":[{"damage_healed":0,"gold_gain":0,"player_choice":"Grow","damage_taken":0,"max_hp_gain":0,"max_hp_loss":0,"event_name":"Living Wall","floor":3,"gold_loss":0,"cards_upgraded":["Blood for Blood"]},{"damage_healed":0,"gold_gain":0,"player_choice":"Ignored","damage_taken":0,"max_hp_gain":0,"max_hp_loss":0,"event_name":"Liars Game","floor":10,"gold_loss":0},{"damage_healed":0,"gold_gain":0,"player_choice":"Bought 1 Potion","damage_taken":0,"max_hp_gain":0,"max_hp_loss":0,"event_name":"The Woman in Blue","floor":19,"gold_loss":0}],"is_beta":false,"boss_relics":[{"not_picked":["Black Star","Snecko Eye"],"picked":"Philosopher\u0027s Stone"}],"items_purged_floors":[21],"is_endless":false,"potions_floor_spawned":[4,5,6,11,12,14,16,20],"killed_by":"Gremlin Leader","ascension_level":20}}