{"host":"kntpungskobv1jqb","time":1608560443,"event":{"mods":["BaseMod","Minty Spire (QoL Compilation)","Replay The Spire","StSLib","SuperFastMode"],"gold_per_floor":[111,111,74,135,154,183,199,212,237,237,266,276,276,293,293,293,293],"floor_reached":16,"playtime":466,"items_purged":[],"score":190,"play_id":"5bd8dfef-a6bb-4b53-bb0a-763bb12a4f2b","local_time":"20201221222043","is_ascension_mode":true,"campfire_choices":[{"data":"Limit Break","floor":10,"key":"SMITH"},{"data":"Flex","floor":13,"key":"SMITH"},{"floor":15,"key":"REST"}],"circlet_count":0,"master_deck":["AscendersBane","Strike_R","Strike_R","Strike_R","Strike_R","Strike_R","Defend_R","Defend_R","Defend_R","Defend_R","Bash","Immolate","Looming Evil","Replay:Undeath\u0027s Touch+1","Sword Boomerang","ReplayTheSpireMod:Limb From Limb","Whirlwind","Limit Break+1","Headbutt","Fiend Fire","Flex+1","Rampage"],"relics":["Burning Blood","ReplayTheSpireMod:Ring of Collecting","Ring of Peace","Ornamental Fan","Oddly Smooth Stone","Ring of Hypnosis","Potion Belt","Letter Opener"],"acts_visited":["Exordium"],"potions_floor_usage":[6,11,16,16],"damage_taken":[{"damage":0,"enemies":"2 Louse","floor":1,"turns":1},{"damage":0,"enemies":"Small Slimes","floor":5,"turns":2},{"damage":8,"enemies":"Gremlin Nob","floor":6,"turns":4},{"damage":0,"enemies":"Cultist","floor":7,"turns":3},{"damage":32,"enemies":"Exordium Thugs","floor":8,"turns":5},{"damage":21,"enemies":"Lagavulin","floor":11,"turns":4},{"damage":0,"enemies":"Lots of Slimes","floor":12,"turns":1},{"damage":0,"enemies":"2 Fungi Beasts","floor":14,"turns":3},{"damage":75,"enemies":"Fading Forest","floor":16,"turns":9}],"seed_played":"-1868584911422860247","potions_obtained":[{"floor":1,"key":"Death Potion"},{"floor":4,"key":"SkillPotion"},{"floor":12,"key":"EssenceOfSteel"},{"floor":14,"key":"Block Potion"}],"is_trial":false,"path_per_floor":["M","?","$","?","M","E","M","M","T","R","E","M","R","M","R","B"],"character_chosen":"IRONCLAD","items_purchased":["Replay:Undeath\u0027s Touch+1"],"campfire_rested":1,"item_purchase_floors":[3],"current_hp_per_floor":[74,74,74,74,75,73,75,49,49,49,34,40,40,46,68,0,0],"gold":293,"neow_bonus":"ONE_RANDOM_RARE_CARD","is_daily":false,"chose_seed":false,"campfire_upgraded":2,"win_rate":0.0,"timestamp":1608560443,"path_taken":["M","?","$","?","M","E","M","?","T","R","E","M","R","M","R","BOSS"],"items_purchased_type":["Card"],"build_version":"2020-12-13","purchased_purges":0,"victory":false,"max_hp_per_floor":[75,75,75,75,75,75,75,75,75,75,75,75,75,75,75,75,75],"card_choices":[{"not_picked":["Anger","Clothesline","Sentinel"],"picked":"SKIP","floor":1},{"not_picked":["ReplayTheSpireMod:Strike From Hell","ReplayReversal"],"picked":"Sword Boomerang","floor":4},{"not_picked":["Bloodletting","Replay:Undeath\u0027s Touch"],"picked":"ReplayTheSpireMod:Limb From Limb","floor":5},{"not_picked":["Armaments","Cleave"],"picked":"Whirlwind","floor":6},{"not_picked":["Iron Wave","Defy Death"],"picked":"Limit Break","floor":7},{"not_picked":["Uppercut","Shockwave"],"picked":"Headbutt","floor":8},{"not_picked":["Dropkick","Shockwave"],"picked":"Fiend Fire","floor":11},{"not_picked":["Headbutt","ReplayTheSpireMod:Limb From Limb"],"picked":"Flex","floor":12},{"not_picked":["Anger","Reckless Charge"],"picked":"Rampage","floor":14}],"player_experience":466112,"relics_obtained":[{"floor":2,"key":"ReplayTheSpireMod:Ring of Collecting"},{"floor":2,"key":"Ring of Peace"},{"floor":4,"key":"Ornamental Fan"},{"floor":6,"key":"Oddly Smooth Stone"},{"floor":9,"key":"Ring of Hypnosis"},{"floor":9,"key":"Potion Belt"},{"floor":11,"key":"Letter Opener"}],"event_choices":[],"is_beta":false,"boss_relics":[],"items_purged_floors":[],"is_endless":false,"potions_floor_spawned":[1,5,12,14],"killed_by":"Fading Forest","ascension_level":14}}