{"host":"sav7uxregyirlf69","time":1608554164,"event":{"mods":["AchievementEnabler","BaseMod","Colored Map","DeckTracker","Keyboard Shortcuts","Minty Spire (QoL Compilation)","READ ME - Guardian Mod","StSLib","SuperFastMode"],"gold_per_floor":[17,117,136,153,169,169,94,116,142,160,175,175,155,170,170,272,272,237,237,237,237,92,92,92,92],"floor_reached":24,"playtime":362,"items_purged":["Strike_R","Strike_R"],"score":186,"play_id":"3723faef-7623-4b10-a8bb-2136d4a37918","local_time":"20201221213604","is_ascension_mode":false,"campfire_choices":[{"data":"Metamorphosis","floor":6.0,"key":"SMITH"},{"data":"Dual Wield","floor":12,"key":"SMITH"},{"data":"Evolve","floor":15,"key":"SMITH"},{"data":"Barricade","floor":23,"key":"SMITH"}],"circlet_count":0,"master_deck":["Strike_R","Defend_R","Defend_R","Defend_R","Defend_R","Bash","Metamorphosis+1","Uppercut","Evolve+1","Dual Wield+1","Barricade+1","Disarm","Clash","Juggernaut","Shrug It Off"],"relics":["Burning Blood"],"acts_visited":["Exordium","TheCity"],"potions_floor_usage":[16,18,18],"damage_taken":[{"damage":0.0,"enemies":"Small Slimes","floor":1.0,"turns":3.0},{"damage":0.0,"enemies":"Cultist","floor":3.0,"turns":3.0},{"damage":2.0,"enemies":"2 Louse","floor":4.0,"turns":2.0},{"damage":22.0,"enemies":"Gremlin Gang","floor":5.0,"turns":5.0},{"damage":10.0,"enemies":"The Mushroom Lair","floor":8.0,"turns":3.0},{"damage":14,"enemies":"3 Louse","floor":10,"turns":3},{"damage":5,"enemies":"Looter","floor":11,"turns":4},{"damage":14,"enemies":"Blue Slaver","floor":14,"turns":3},{"damage":20,"enemies":"Hexaghost","floor":16,"turns":5},{"damage":34,"enemies":"2 Thieves","floor":18,"turns":5},{"damage":41,"enemies":"Shell Parasite","floor":24,"turns":6}],"seed_played":"72571034248066336","potions_obtained":[{"floor":3.0,"key":"Explosive Potion"},{"floor":5.0,"key":"Energy Potion"},{"floor":13,"key":"Dexterity Potion"},{"floor":14,"key":"Strength Potion"},{"floor":16,"key":"GamblersBrew"}],"is_trial":false,"path_per_floor":["M","?","M","M","M","R","$","?","T","M","M","R","?","M","R","B",null,"M","?","?","?","$","R","M"],"character_chosen":"IRONCLAD","items_purchased":["Shrug It Off"],"campfire_rested":0,"item_purchase_floors":[22],"current_hp_per_floor":[80,80,80,80,64,64,64,60,60,52,53,53,53,45,45,31,80,52,37,37,37,37,37,0,0],"gold":92,"neow_bonus":"RANDOM_COLORLESS_2","is_daily":false,"chose_seed":false,"campfire_upgraded":4,"win_rate":0.0,"timestamp":1608554164,"path_taken":["M","?","?","M","M","R","?","?","T","M","M","R","?","?","R","BOSS","M","?","?","?","?","R","M"],"items_purchased_type":["Card"],"build_version":"2020-12-13","purchased_purges":2,"victory":false,"max_hp_per_floor":[80,80,80,80,80,80,80,80,80,80,80,80,80,80,80,80,80,80,85,85,85,85,85,85,85],"card_choices":[{"not_picked":["Secret Technique","Transmutation"],"picked":"Metamorphosis","floor":0.0},{"not_picked":["Hemokinesis","Spot Weakness","Combust"],"picked":"SKIP","floor":1.0},{"not_picked":["Blood for Blood","Warcry","Heavy Blade"],"picked":"SKIP","floor":3.0},{"not_picked":["Clothesline","Thunderclap","Body Slam"],"picked":"SKIP","floor":4.0},{"not_picked":["Flex","Warcry","Twin Strike"],"picked":"SKIP","floor":5.0},{"not_picked":["Pommel Strike","Warcry"],"picked":"Uppercut","floor":8},{"not_picked":["Body Slam","Cleave"],"picked":"Evolve","floor":10},{"not_picked":["Body Slam","Metallicize"],"picked":"Dual Wield","floor":11},{"not_picked":["Thunderclap","Dropkick","Entrench"],"picked":"SKIP","floor":14},{"not_picked":["Juggernaut","Immolate"],"picked":"Barricade","floor":16},{"not_picked":["Feel No Pain","Evolve"],"picked":"Disarm","floor":18}],"player_experience":982909,"relics_obtained":[],"event_choices":[{"damage_healed":0.0,"max_hp_gain":0.0,"max_hp_loss":0.0,"gold_gain":100.0,"event_name":"Golden Shrine","player_choice":"Pray","floor":2.0,"gold_loss":0.0,"damage_taken":0.0},{"damage_healed":0.0,"max_hp_gain":0.0,"max_hp_loss":0.0,"gold_gain":0.0,"event_name":"Mushrooms","player_choice":"Fought Mushrooms","floor":8.0,"gold_loss":0.0,"damage_taken":0.0},{"damage_healed":0,"gold_gain":0,"player_choice":"Bought 1 Potion","damage_taken":0,"max_hp_gain":0,"max_hp_loss":0,"event_name":"The Woman in Blue","floor":13,"gold_loss":0},{"damage_healed":0,"gold_gain":0,"player_choice":"Shed Blood","damage_taken":20,"max_hp_gain":5,"max_hp_loss":0,"event_name":"Forgotten Altar","floor":19,"gold_loss":0},{"damage_healed":0,"gold_gain":0,"player_choice":"Ignored","damage_taken":0,"max_hp_gain":0,"max_hp_loss":0,"event_name":"Ghosts","floor":20,"gold_loss":0},{"damage_healed":0,"gold_gain":0,"cards_transformed":["Strike_R","Strike_R"],"player_choice":"Became Test Subject","damage_taken":0,"max_hp_gain":0,"max_hp_loss":0,"event_name":"Drug Dealer","floor":21,"gold_loss":0,"cards_obtained":["Clash","Juggernaut"]}],"is_beta":false,"boss_relics":[{"not_picked":["Philosopher\u0027s Stone","Busted Crown","Pandora\u0027s Box"]}],"items_purged_floors":[7,22],"is_endless":false,"potions_floor_spawned":[3,5,14,16],"killed_by":"Shell Parasite","ascension_level":0}}