{"host":"v4s5k3c6jywmeofl","time":1608524613,"event":{"mods":["Act Like it!","BaseMod","Colored Map","Downfall","Gensokyo","Hallownest","Hermit","Marisa????????","Minty Spire (QoL Compilation)","Quick Restart","Random Character Button","Rare Cards Sparkle","Replay The Spire","StSLib","The Animator","The Bug Knight","The Cursed","The Hierophant","The Servant 0.9.4"],"gold_per_floor":[214,230,310,163,163,163,175,175,200,212,225,257,269,444,444,444,444],"floor_reached":16,"playtime":721,"items_purged":[],"score":102,"play_id":"fc172805-cd43-4f40-9ac3-ce230a9b73bb","local_time":"20201220232333","is_ascension_mode":false,"campfire_choices":[{"data":"hermit:Vantage","floor":6,"key":"SMITH"},{"data":"hermit:Snipe","floor":8,"key":"SMITH"},{"floor":15,"key":"REST"}],"circlet_count":0,"master_deck":["hermit:Strike_Hermit","hermit:Strike_Hermit","hermit:Strike_Hermit","hermit:Strike_Hermit","hermit:Defend_Hermit","hermit:Defend_Hermit","hermit:Defend_Hermit","hermit:Defend_Hermit","hermit:Snapshot","hermit:Covet","hermit:ItchyTrigger","hermit:Vantage","hermit:Ricochet","hermit:TrackingShot","hermit:Vantage+1","Voices","hermit:Snipe+1","hermit:Deadeye","hermit:Dive","hermit:Snipe","hermit:BigShot","Doubt"],"relics":["hermit:Momento","Bottled Flame"],"acts_visited":["Exordium"],"potions_floor_usage":[16,16,16],"damage_taken":[{"damage":0,"enemies":"2 Louse","floor":1,"turns":3},{"damage":3,"enemies":"Jaw Worm","floor":2,"turns":4},{"damage":2,"enemies":"Small Slimes","floor":7,"turns":3},{"damage":3,"enemies":"Looter","floor":10,"turns":3},{"damage":0,"enemies":"Exordium Wildlife","floor":11,"turns":3},{"damage":42,"enemies":"3 Sentries","floor":12,"turns":9},{"damage":15,"enemies":"2 Fungi Beasts","floor":13,"turns":4},{"damage":32,"enemies":"Hexaghost","floor":16,"turns":10}],"seed_played":"4624262492546525521","potions_obtained":[{"floor":2,"key":"SpeedPotion"},{"floor":10,"key":"Adrenaline Potion"},{"floor":12,"key":"Elixir"}],"is_trial":false,"path_per_floor":["M","M","?","$","?","R","M","R","T","M","M","E","M","?","R","B"],"character_chosen":"HERMIT","items_purchased":["hermit:Ricochet","hermit:TrackingShot","hermit:Vantage"],"campfire_rested":1,"item_purchase_floors":[4,4,4],"current_hp_per_floor":[75,72,72,72,72,72,70,70,70,67,67,25,10,10,32,0,0],"gold":444,"neow_bonus":"HUNDRED_GOLD","is_daily":false,"chose_seed":false,"campfire_upgraded":2,"win_rate":0.0,"timestamp":1608524613,"path_taken":["M","M","?","$","?","R","M","R","T","M","M","E","M","?","R","BOSS"],"items_purchased_type":["Card","Card","Card"],"build_version":"2020-12-13","purchased_purges":0,"victory":false,"max_hp_per_floor":[75,75,75,75,75,75,75,75,75,75,75,75,75,75,75,75,75],"card_choices":[{"not_picked":["hermit:LuckOfTheDraw","hermit:Shortfuse"],"picked":"hermit:ItchyTrigger","floor":1},{"not_picked":["hermit:Snipe","hermit:BodyArmor"],"picked":"hermit:Vantage","floor":2},{"not_picked":["hermit:Manifest","hermit:Dive"],"picked":"hermit:Snipe","floor":7},{"not_picked":["hermit:WideOpen","hermit:SprayPray"],"picked":"hermit:Deadeye","floor":10},{"not_picked":["hermit:Snipe","hermit:ItchyTrigger"],"picked":"hermit:Dive","floor":11},{"not_picked":["hermit:FinalCanter","hermit:Showdown"],"picked":"hermit:Snipe","floor":12},{"not_picked":["hermit:Shortfuse","hermit:Midnight"],"picked":"hermit:BigShot","floor":13}],"player_experience":127161,"relics_obtained":[{"floor":12,"key":"Bottled Flame"}],"event_choices":[{"damage_healed":0,"gold_gain":175,"player_choice":"AGREE","damage_taken":0,"max_hp_gain":0,"max_hp_loss":0,"event_name":"Liars Game","floor":14,"gold_loss":0,"cards_obtained":["Doubt"]}],"is_beta":false,"boss_relics":[],"items_purged_floors":[],"is_endless":false,"potions_floor_spawned":[2,10,12,13],"killed_by":"Hexaghost","ascension_level":0}}