{"host":"do5be0rrwzdbe7ng","time":1608539194,"event":{"mods":["AchievementEnabler","BaseMod","Colored Map","Colored Powertips","Custom Start","DeckTracker","Keyboard Shortcuts","Minty Spire (QoL Compilation)","Quick Restart","StSLib","SuperFastMode","everything is the same but u backflip on backflip"],"gold_per_floor":[110,56,56,56,21,50,50,79,79,97,97,115,133,167,167,242,242,262,277,44,44,44],"floor_reached":21,"playtime":442,"items_purged":["Strike_B"],"score":544,"play_id":"6406e827-1a4c-4448-a7b2-b4860f0c21d6","local_time":"20201221172634","is_ascension_mode":true,"campfire_choices":[{"data":"Zap","floor":7,"key":"SMITH"},{"data":"Fusion","floor":15,"key":"SMITH"}],"circlet_count":0,"master_deck":["AscendersBane","Strike_B","Strike_B","Strike_B","Defend_B","Defend_B","Defend_B","Defend_B","Zap+1","Dualcast","Ball Lightning","Buffer","FTL","Go for the Eyes","Fusion+1","Core Surge+1","Heatsinks","Cold Snap+1","Skim+1"],"relics":["Cracked Core","NeowsBlessing","Anchor","Bag of Marbles","WingedGreaves","Pantograph","Shuriken","Molten Egg 2","Inserter","Orrery"],"acts_visited":["Exordium","TheCity"],"potions_floor_usage":[14,14,16,19],"damage_taken":[{"damage":0,"enemies":"2 Louse","floor":1,"turns":1},{"damage":0,"enemies":"Lagavulin","floor":6,"turns":1},{"damage":0,"enemies":"3 Sentries","floor":8,"turns":1},{"damage":0,"enemies":"Jaw Worm","floor":10,"turns":2},{"damage":0,"enemies":"Cultist","floor":12,"turns":3},{"damage":0,"enemies":"Lots of Slimes","floor":13,"turns":3},{"damage":0,"enemies":"Gremlin Nob","floor":14,"turns":4},{"damage":42,"enemies":"The Guardian","floor":16,"turns":10},{"damage":21,"enemies":"3 Byrds","floor":18,"turns":5},{"damage":22,"enemies":"Spheric Guardian","floor":19,"turns":4},{"damage":21,"enemies":"Chosen and Byrds","floor":21,"turns":2}],"seed_played":"3629076065320978686","potions_obtained":[{"floor":12,"key":"BlessingOfTheForge"},{"floor":13,"key":"Block Potion"},{"floor":14,"key":"EssenceOfDarkness"},{"floor":16,"key":"LiquidMemories"},{"floor":18,"key":"Energy Potion"}],"is_trial":false,"path_per_floor":["M","$","?","$","?","E","R","E","T","M","T","M","M","E","R","B",null,"M","M","$","M"],"character_chosen":"DEFECT","items_purchased":["Ball Lightning","Orrery"],"campfire_rested":0,"item_purchase_floors":[2,20],"current_hp_per_floor":[64,64,29,29,46,46,46,46,46,46,46,46,46,46,46,29,61,40,18,18,0,0],"gold":44,"neow_bonus":"THREE_ENEMY_KILL","is_daily":false,"chose_seed":false,"campfire_upgraded":2,"win_rate":0.0,"timestamp":1608539194,"path_taken":["M","$","?","$","?","E","R","E","T","M","?","M","M","E","R","BOSS","M","?","?","M"],"items_purchased_type":["Card","Relic"],"build_version":"2020-12-13","purchased_purges":1,"victory":false,"max_hp_per_floor":[71,71,71,71,71,71,71,71,71,71,71,71,71,71,71,71,71,71,71,71,71,71],"card_choices":[{"not_picked":["Conserve Battery","Rebound","Barrage"],"picked":"SKIP","floor":1},{"not_picked":["White Noise","Fusion"],"picked":"Buffer","floor":6},{"not_picked":["Conserve Battery","Stack","Fission"],"picked":"SKIP","floor":8},{"not_picked":["Hello World","Aggregate"],"picked":"FTL","floor":10},{"not_picked":["Leap","Steam","Reprogram"],"picked":"SKIP","floor":12},{"not_picked":["Leap","Steam","Reprogram"],"picked":"SKIP","floor":12},{"not_picked":["Redo","Blizzard"],"picked":"Go for the Eyes","floor":13},{"not_picked":["Rebound+1","Self Repair"],"picked":"Fusion","floor":14},{"not_picked":["Reboot","Machine Learning"],"picked":"Core Surge+1","floor":16},{"not_picked":["Gash+1","Aggregate+1"],"picked":"Heatsinks","floor":18},{"not_picked":["Reinforced Body+1","Double Energy"],"picked":"Cold Snap+1","floor":19},{"not_picked":["Genetic Algorithm","Cold Snap+1"],"picked":"Skim+1","floor":20}],"player_experience":353134,"relics_obtained":[{"floor":6,"key":"Bag of Marbles"},{"floor":8,"key":"WingedGreaves"},{"floor":9,"key":"Pantograph"},{"floor":11,"key":"Shuriken"},{"floor":14,"key":"Molten Egg 2"}],"event_choices":[{"damage_healed":0,"gold_gain":0,"player_choice":"Success","damage_taken":35,"relics_obtained":["Anchor"],"max_hp_gain":0,"max_hp_loss":0,"event_name":"Scrap Ooze","floor":3,"gold_loss":0},{"damage_healed":17,"gold_gain":0,"player_choice":"Healed","damage_taken":0,"max_hp_gain":0,"max_hp_loss":0,"event_name":"The Cleric","floor":5,"gold_loss":35}],"is_beta":false,"boss_relics":[{"not_picked":["Philosopher\u0027s Stone","Runic Dome"],"picked":"Inserter"}],"items_purged_floors":[20],"is_endless":false,"potions_floor_spawned":[12,13,14,16,18],"killed_by":"Chosen and Byrds","ascension_level":20}}