{"host":"4qkvkh7pd9qr2mca","time":1608568304,"event":{"mods":["AchievementEnabler","BaseMod","Colored Map","Colored Powertips","Highlight Path","Minty Spire (QoL Compilation)","Permanent Neow","Quick Restart","StSLib","SuperFastMode"],"gold_per_floor":[111,127,154,165,165,165,191,191,268,282,282,308,233,233,233,329,329,329,329,329,350,370,370,370,370],"floor_reached":24,"playtime":641,"items_purged":["Strike_R"],"score":408,"play_id":"5641e2b8-7423-408f-ba62-07af3657000b","local_time":"20201221173144","is_ascension_mode":true,"campfire_choices":[{"data":"Apotheosis","floor":6,"key":"SMITH"},{"data":"Searing Blow","floor":8,"key":"SMITH"},{"data":"Searing Blow+1","floor":11,"key":"SMITH"},{"floor":15,"key":"REST"},{"data":"Searing Blow+2","floor":23,"key":"SMITH"}],"circlet_count":0,"master_deck":["AscendersBane","Strike_R","Strike_R","Defend_R","Defend_R","Defend_R","Defend_R","Bash","Apotheosis+1","Searing Blow+3","Carnage","Headbutt","Flame Barrier","Sword Boomerang","Shockwave","Barricade+1","CurseOfTheBell","Ghostly","Ghostly","Ghostly","Burning Pact+1"],"relics":["Burning Blood","Bag of Preparation","Potion Belt","InkBottle","Frozen Egg 2","Golden Idol","Calling Bell","Smiling Mask","Question Card","Girya"],"acts_visited":["Exordium","TheCity"],"potions_floor_usage":[12,16,18,21,21,22,22,24],"damage_taken":[{"damage":2,"enemies":"Cultist","floor":1,"turns":4},{"damage":1,"enemies":"2 Louse","floor":2,"turns":2},{"damage":10,"enemies":"Small Slimes","floor":4,"turns":5},{"damage":18,"enemies":"3 Sentries","floor":7,"turns":9},{"damage":3,"enemies":"3 Louse","floor":10,"turns":4},{"damage":18,"enemies":"Lagavulin","floor":12,"turns":6},{"damage":35,"enemies":"Hexaghost","floor":16,"turns":10},{"damage":0,"enemies":"3 Byrds","floor":18,"turns":2},{"damage":24,"enemies":"Shell Parasite","floor":21,"turns":7},{"damage":7,"enemies":"Snecko","floor":22,"turns":5},{"damage":26,"enemies":"Shelled Parasite and Fungi","floor":24,"turns":4}],"seed_played":"-7021252808046911712","potions_obtained":[{"floor":1,"key":"EntropicBrew"},{"floor":4,"key":"SpeedPotion"},{"floor":7,"key":"Swift Potion"},{"floor":12,"key":"SmokeBomb"}],"is_trial":false,"path_per_floor":["M","M","T","M","?","R","E","R","T","M","R","E","$","?","R","B",null,"M","?","?","M","M","R","M"],"character_chosen":"IRONCLAD","items_purchased":[],"campfire_rested":1,"item_purchase_floors":[],"current_hp_per_floor":[68,68,68,64,57,57,45,45,45,48,48,36,36,36,54,25,53,59,31,31,13,12,12,0,0],"gold":370,"neow_bonus":"RANDOM_COLORLESS_2","is_daily":false,"chose_seed":false,"campfire_upgraded":4,"win_rate":0.0,"timestamp":1608568304,"path_taken":["M","M","?","M","?","R","E","R","T","M","R","E","$","?","R","BOSS","M","?","?","M","?","R","M"],"items_purchased_type":[],"build_version":"2020-12-13","purchased_purges":1,"victory":false,"max_hp_per_floor":[68,68,68,68,68,68,68,68,68,68,68,68,68,62,62,62,62,62,31,31,31,31,31,31,31],"card_choices":[{"not_picked":["Secret Technique","Panache"],"picked":"Apotheosis","floor":0},{"not_picked":["Flex","Twin Strike"],"picked":"Searing Blow","floor":1},{"not_picked":["Clothesline","Searing Blow"],"picked":"Carnage","floor":2},{"not_picked":["Sword Boomerang","Warcry"],"picked":"Headbutt","floor":4},{"not_picked":["Clash","Perfected Strike"],"picked":"Flame Barrier","floor":7},{"not_picked":["Rampage","Heavy Blade"],"picked":"Sword Boomerang","floor":10},{"not_picked":["Spot Weakness","Rage"],"picked":"Shockwave","floor":12},{"not_picked":["Impervious","Reaper"],"picked":"Barricade+1","floor":16},{"not_picked":["Armaments","Sword Boomerang","Perfected Strike","Twin Strike+1"],"picked":"SKIP","floor":21},{"not_picked":["Thunderclap","Intimidate","Rampage"],"picked":"Burning Pact+1","floor":22}],"player_experience":477290,"relics_obtained":[{"floor":3,"key":"Bag of Preparation"},{"floor":7,"key":"Potion Belt"},{"floor":9,"key":"InkBottle"},{"floor":12,"key":"Frozen Egg 2"},{"floor":17,"key":"Smiling Mask"},{"floor":17,"key":"Question Card"},{"floor":17,"key":"Girya"}],"event_choices":[{"cards_removed":["Strike_R"],"damage_healed":0,"gold_gain":0,"player_choice":"Card Removal","damage_taken":7,"max_hp_gain":0,"max_hp_loss":0,"event_name":"Golden Wing","floor":5,"gold_loss":0},{"damage_healed":0,"gold_gain":0,"player_choice":"Lose Max HP","damage_taken":0,"relics_obtained":["Golden Idol"],"max_hp_gain":0,"max_hp_loss":6,"event_name":"Golden Idol","floor":14,"gold_loss":0},{"damage_healed":0,"gold_gain":0,"player_choice":"Became a Ghost","damage_taken":0,"max_hp_gain":0,"max_hp_loss":31,"event_name":"Ghosts","floor":19,"gold_loss":0,"cards_obtained":["Ghostly","Ghostly","Ghostly"]},{"cards_removed":["Strike_R"],"damage_healed":0,"gold_gain":0,"player_choice":"Elegance","damage_taken":0,"max_hp_gain":0,"max_hp_loss":0,"event_name":"Back to Basics","floor":20,"gold_loss":0}],"is_beta":false,"boss_relics":[{"not_picked":["Runic Cube","SlaversCollar"],"picked":"Calling Bell"}],"items_purged_floors":[13],"is_endless":false,"potions_floor_spawned":[1,4,7,12],"killed_by":"Shelled Parasite and Fungi","ascension_level":20}}