{"host":"fq9q35as5g8xdsoo","time":1608590124,"event":{"mods":["2.2 Compatiblity","AchievementEnabler","Act Like it!","Aspiration","BaseMod","Beaked The Cultist","Better Skull","Card Forge","Colored Map","Colored Powertips","Conspire","Dota2Spire","Energized Spire","Gensokyo","GifTheSpireLib","Halation","Hermit","Hubris","Marked Mod","Menagerie","Minty Spire (QoL Compilation)","Pale of the Ancients","Permanent Neow","Quick Restart","Relic Filter","Replay The Spire","Robot Space Explorer","Spicy Shops","Spikes Relics","StSLib","Stuff the Spire","SuperFastMode","The Blue Laboratory","The Construct","The Disciple","The Factory","The Gatherer","The Jungle","The Marked","The Runesmith","The Servant 0.9.4","Trackpad","WarShipGirlsR/????R mod","vexMod"],"gold_per_floor":[15,15,26,40,52,79,94,108,108,2,36,36,36,49,49,146,146,157,818,828,844,169,198,198,198,198,214,241,261,261,288,288,288,288],"floor_reached":33,"playtime":2324,"items_purged":[],"score":394,"play_id":"74673cf7-4f29-4e5b-a8d1-b6e4094611ee","local_time":"20201221143524","is_ascension_mode":false,"campfire_choices":[{"data":"Menagerie:BeastSpirit","floor":15.0,"key":"SMITH"},{"floor":25,"key":"REST"},{"data":"theMarked:SelfDefenseTraining","floor":32,"key":"SMITH"}],"circlet_count":0,"master_deck":["theMarked:Strike","theMarked:Strike","theMarked:Strike","theMarked:Defend","theMarked:Defend","theMarked:Defend","theMarked:Defend","theMarked:SoldierOfQuellstein","theMarked:EnhancedHearing+1","theMarked:Parkour","theMarked:SwordAndMagic","theMarked:Aftermath","theMarked:EmpowerWeapon","theMarked:TwofoldDefense","theMarked:ReduceFriction","theMarked:Defy","theMarked:Indomitable","Menagerie:BeastSpirit+1","theMarked:SoldierForm+1","theMarked:WardOff","theMarked:WardOff","theMarked:SummonStrength+1","theMarked:TakeOffHeels","theMarked:SelfDefenseTraining+1"],"relics":["theMarked:ArtifactOfAir","Hammer of Thor","Seething Fire","Anvil of the Gods","Replay:Bottled Eggs","Replay:Wax Seal","hubris:Towel","Philosopher\u0027s Stone","Happy Flower","StuffTheSpire:ForceGauntlet","Dota2Spire:ArcaneBoots","HornCleat","trackpad:Mousetrap","aspiration:ChemicalBlood"],"acts_visited":["Menagerie:Menagerie","TheCity"],"potions_floor_usage":[18,21,33,33],"damage_taken":[{"damage":0.0,"enemies":"Menagerie:StygianBoar","floor":1.0,"turns":3.0},{"damage":3.0,"enemies":"Menagerie:MonstrousExperiment","floor":3.0,"turns":3.0},{"damage":2.0,"enemies":"Menagerie:WhisperingWraith","floor":4.0,"turns":3.0},{"damage":9.0,"enemies":"Menagerie:EntropyWarlock","floor":5.0,"turns":3.0},{"damage":25.0,"enemies":"Menagerie:MaskedSummoner","floor":6.0,"turns":5.0},{"damage":0.0,"enemies":"Menagerie:Hexasnake","floor":7.0,"turns":3.0},{"damage":3.0,"enemies":"Menagerie:BEAST_MAGE_AND_PROWLING_AMALGAM","floor":8.0,"turns":5.0},{"damage":5.0,"enemies":"Menagerie:Hydra","floor":11.0,"turns":3.0},{"damage":2.0,"enemies":"Menagerie:MeltingSalamander","floor":14.0,"turns":3.0},{"damage":10.0,"enemies":"Menagerie:AVATARS","floor":16.0,"turns":4.0},{"damage":1,"enemies":"Spheric Guardian","floor":18,"turns":3},{"damage":0,"enemies":"Shell Parasite","floor":20,"turns":2},{"damage":0,"enemies":"Snake Plant","floor":21,"turns":2},{"damage":0,"enemies":"Slavers","floor":23,"turns":2},{"damage":1,"enemies":"Chosen and Byrds","floor":27,"turns":4},{"damage":17,"enemies":"Book of Stabbing","floor":28,"turns":4},{"damage":0,"enemies":"Shelled Parasite and Fungi","floor":29,"turns":2},{"damage":0,"enemies":"Gremlin Leader","floor":31,"turns":4},{"damage":9,"enemies":"Collector","floor":33,"turns":6}],"seed_played":"4111160102493087882","potions_obtained":[{"floor":3.0,"key":"Fruit Juice"},{"floor":5.0,"key":"blueLaboratory:RecallPotion"},{"floor":8.0,"key":"blueLaboratory:NullPotion"},{"floor":14.0,"key":"DuplicationPotion"},{"floor":18,"key":"Toxic Potion"},{"floor":23,"key":"blueLaboratory:PolymorphPotion"},{"floor":27,"key":"blueLaboratory:BottleOfVodka"},{"floor":29,"key":"Block Potion"}],"is_trial":false,"path_per_floor":["M","?","M","M","M","E","M","M","T","$","E","?","?","M","R","B",null,"M","?","M","M","$","E","?","R","T","M","E","M","?","E","R_BF","B"],"character_chosen":"THE_DEFAULT","items_purchased":["theMarked:Defy","theMarked:SummonStrength","StuffTheSpire:ForceGauntlet"],"campfire_rested":1,"item_purchase_floors":[10,22,22],"current_hp_per_floor":[70,70,72,70,61,36,36,33,33,33,28,28,28,26,26,16,72,71,3,3,3,3,3,3,24,24,23,6,6,6,6,6,0,0],"gold":288,"neow_bonus":"TRANSFORM_TWO_CARDS","is_daily":false,"chose_seed":false,"campfire_upgraded":2,"win_rate":0.0,"timestamp":1608590124,"path_taken":["M","?","M","M","M","E","M","M","T","$","E","?","?","M","R","BOSS","M","?","?","M","$","E","?","R","T","M","E","M","?","E","R_BF","BOSS"],"items_purchased_type":["Card","Card","Relic"],"build_version":"2020-12-13","purchased_purges":0,"victory":false,"max_hp_per_floor":[70,70,75,75,75,75,75,75,75,75,75,75,72,72,72,72,72,72,72,72,72,72,72,72,72,72,72,72,72,72,72,72,72,72],"card_choices":[{"not_picked":["theMarked:Electrocute","theMarked:Improvise"],"picked":"theMarked:SwordAndMagic","floor":1.0},{"not_picked":["theMarked:ElectricStrings","theMarked:TunnelVision"],"picked":"theMarked:Aftermath","floor":3.0},{"not_picked":["theMarked:HeightenedSenses","theMarked:Frustration","theMarked:UnarmedFury"],"picked":"SKIP","floor":4.0},{"not_picked":["theMarked:ChainLightning","theMarked:WardOff"],"picked":"theMarked:EmpowerWeapon","floor":5.0},{"not_picked":["theMarked:Electrocute","theMarked:UnarmedFury","theMarked:Overcharge"],"picked":"SKIP","floor":6.0},{"not_picked":["theMarked:ChainLightning","theMarked:Frustration"],"picked":"theMarked:TwofoldDefense","floor":7.0},{"not_picked":["theMarked:SwordAndMagic","theMarked:Electrocute"],"picked":"theMarked:ReduceFriction","floor":8.0},{"not_picked":["theMarked:Frustration","theMarked:ContemptForTheProud"],"picked":"theMarked:Indomitable","floor":11.0},{"not_picked":["theMarked:Electrocute","theMarked:Opportunist","theMarked:BanishingStrike"],"picked":"SKIP","floor":14.0},{"not_picked":["theMarked:SuspiciousRaven","theMarked:Defy"],"picked":"theMarked:SoldierForm","floor":16.0},{"not_picked":["theMarked:BanishingStrike","theMarked:Opportunist","theMarked:WastefulAttack+1"],"picked":"SKIP","floor":18},{"not_picked":["theMarked:HeritageOfTheMarked","theMarked:ChainLightning"],"picked":"theMarked:WardOff","floor":20},{"not_picked":["theMarked:TwofoldDefense","theMarked:Electrocute"],"picked":"theMarked:WardOff","floor":21},{"not_picked":["theMarked:Improvise","theMarked:BanishingWave"],"picked":"theMarked:TakeOffHeels","floor":23},{"not_picked":["theMarked:Indomitable","theMarked:Improvise","theMarked:LightningStrikesTwice"],"picked":"SKIP","floor":27},{"not_picked":["theMarked:EmpowerWeapon","theMarked:WastefulAttack+1","theMarked:TwofoldDefense"],"picked":"SKIP","floor":28},{"not_picked":["theMarked:Generate","theMarked:DeterminationOfTheMarked"],"picked":"theMarked:SelfDefenseTraining","floor":29},{"not_picked":["theMarked:ElectricStrings","theMarked:BanishingStrike","theMarked:ChainLightning"],"picked":"SKIP","floor":31}],"player_experience":956930,"relics_obtained":[{"floor":6.0,"key":"Replay:Bottled Eggs"},{"floor":11.0,"key":"Replay:Wax Seal"},{"floor":23,"key":"Dota2Spire:ArcaneBoots"},{"floor":26,"key":"HornCleat"},{"floor":28,"key":"trackpad:Mousetrap"},{"floor":31,"key":"aspiration:ChemicalBlood"}],"event_choices":[{"damage_healed":0.0,"max_hp_gain":0.0,"max_hp_loss":0.0,"gold_gain":0.0,"event_name":"Menagerie:MagicPeddler","player_choice":"Ignored","floor":2.0,"gold_loss":0.0,"damage_taken":0.0},{"damage_healed":0.0,"max_hp_gain":0.0,"max_hp_loss":3.0,"gold_gain":0.0,"event_name":"Menagerie:BeastSpiritShrine","player_choice":"Knelt","floor":13.0,"gold_loss":0.0,"damage_taken":0.0,"cards_obtained":["Menagerie:BeastSpirit"]},{"damage_healed":0,"gold_gain":661,"player_choice":"RE GO GO GO GO GO GO ","damage_taken":76,"relics_obtained":["Happy Flower"],"max_hp_gain":0,"max_hp_loss":0,"event_name":"betterSkull:BetterSkull","floor":19,"gold_loss":0,"cards_upgraded":[]}],"is_beta":false,"boss_relics":[{"not_picked":["Velvet Choker","Runic Pyramid"],"picked":"Philosopher\u0027s Stone"}],"items_purged_floors":[],"is_endless":false,"potions_floor_spawned":[3,5,8,14,18,23,27,29],"killed_by":"Collector","ascension_level":0}}