{"host":"i9wanet4r0ff4t9y","time":1608559384,"event":{"mods":["2.2 Compatiblity","Act Like it!","BaseMod","Bestiary","Better Altar","Better Match","Better Note","Better Sensory Stone","Better Skull","Better Third Choice","Better Vampires","BetterRewards","CapriCore","Curses Come First","Downfall","Minty Spire (QoL Compilation)","Quick Restart","READ ME - Guardian Mod","READ ME - Snecko Mod","Relic Stats","Replay The Spire","Say the Spire","Spicy Shops","StSLib","The Disciple","Waifu the Spire"],"gold_per_floor":[99,118,134,165,208,39,121,121,153,78,78,97,97,197,211,306,306,306,326,344,364,364,381,405,448,373,438,458,506,520,598,642,745,745,745,760,760,760,801,863,887,887,919,844,859,905,196,208,219,219],"floor_reached":51,"playtime":2206,"items_purged":[],"score":947,"play_id":"a1e696be-e527-4e3f-800c-9b491a33ba5b","local_time":"20201221150304","is_ascension_mode":false,"campfire_choices":[{"floor":1.0,"key":"DIG"},{"floor":8.0,"key":"RECALL"},{"data":"Wish","floor":10.0,"key":"SMITH"},{"data":"Devotion","floor":18,"key":"SMITH"},{"data":"Judgement","floor":26,"key":"SMITH"},{"data":"Fasting2","floor":35,"key":"SMITH"},{"data":"Replay:BluntJabs","floor":37,"key":"SMITH"},{"data":"ForeignInfluence","floor":42,"key":"SMITH"},{"data":"MentalFortress","floor":44,"key":"SMITH"}],"circlet_count":0,"master_deck":["Strike_P","Strike_P","Strike_P","Strike_P","Defend_P","Defend_P","Defend_P","Defend_P","Eruption+1","Vigilance","Judgement+1","Replay:BluntJabs+1","Swivel","Wish+1","ForeignInfluence+1","Prostrate","CrushJoints","PathToVictory+1","MentalFortress+1","Wish+1","Perseverance+1","SashWhip+1","Eruption","Flash of Steel","Consecrate","Wallop","Devotion+1","Replay:DivineShield+1","Wallop","Protect+1","Replay:Hum+1","Sanctity+1","Halt+1","Collect+1","Replay:DivineShield+1","Fasting2+1","LikeWater+1","Omniscience+1","Worship+1","ThirdEye+1","ReachHeaven+1","Protect+1","EmptyBody+1","FlurryOfBlows+1","EmptyFist","Ragnarok","Wish+1","Scrawl+1","SignatureMove"],"relics":["PureWater","Omamori","Lantern","Membership Card","White Beast Statue","Toxic Egg 2","downfall:HeartBlessingRed","Simple Rune","Replay:Mystery Machine","downfall:GremlinSack","Painkiller Herb","Smiling Mask","downfall:HeartBlessingBlue","Iron Hammer","Sozu","downfall:TeleportStone","Quantum Egg","Blood Vial","Garlic","downfall:HeartBlessingGreen","Kunai","Shuriken","Whetstone","Sundial","Strange Spoon"],"acts_visited":["Exordium","TheCity","TheBeyond"],"potions_floor_usage":[14,14,15,23,28,29,30,31,33,33,33,50],"damage_taken":[{"damage":0.0,"enemies":"2 Louse","floor":2.0,"turns":2.0},{"damage":3.0,"enemies":"Jaw Worm","floor":3.0,"turns":3.0},{"damage":5.0,"enemies":"3 Sentries","floor":4.0,"turns":5.0},{"damage":1.0,"enemies":"Cultist","floor":5.0,"turns":3.0},{"damage":5.0,"enemies":"downfall:FleeingMerchant","floor":6.0,"turns":4.0},{"damage":9.0,"enemies":"Lagavulin","floor":9.0,"turns":7.0},{"damage":0.0,"enemies":"Looter","floor":12.0,"turns":1.0},{"damage":23,"enemies":"downfall:LadyInBlue","floor":14,"turns":4},{"damage":0,"enemies":"Gremlin Gang","floor":15,"turns":4},{"damage":9,"enemies":"Slime Boss","floor":16,"turns":12},{"damage":2,"enemies":"Shell Parasite","floor":19,"turns":6},{"damage":10,"enemies":"3 Cultists","floor":20,"turns":5},{"damage":5,"enemies":"Snecko","floor":21,"turns":4},{"damage":0,"enemies":"Snake Plant","floor":23,"turns":3},{"damage":5,"enemies":"Centurion and Healer","floor":25,"turns":7},{"damage":5,"enemies":"Replay:Snechameleon","floor":27,"turns":7},{"damage":3,"enemies":"Shelled Parasite and Fungi","floor":28,"turns":4},{"damage":0,"enemies":"Chosen and Byrds","floor":29,"turns":6},{"damage":12,"enemies":"Centurion and Healer","floor":30,"turns":2},{"damage":0,"enemies":"Cultist and Chosen","floor":31,"turns":6},{"damage":2,"enemies":"Snake Plant","floor":32,"turns":3},{"damage":6,"enemies":"downfall:Ironclad","floor":33,"turns":7},{"damage":0,"enemies":"3 Darklings","floor":36,"turns":3},{"damage":0,"enemies":"3 Shapes","floor":39,"turns":4},{"damage":12,"enemies":"Nemesis","floor":40,"turns":7},{"damage":0,"enemies":"Giant Head","floor":43,"turns":8},{"damage":0,"enemies":"3 Darklings","floor":45,"turns":5},{"damage":14,"enemies":"Maw","floor":46,"turns":7},{"damage":0,"enemies":"downfall:FleeingMerchant","floor":47,"turns":4},{"damage":0,"enemies":"Jaw Worm Horde","floor":48,"turns":3},{"damage":0,"enemies":"Transient","floor":49,"turns":5},{"damage":0,"enemies":"downfall:Defect","floor":50,"turns":4}],"seed_played":"358936036532037897","potions_obtained":[{"floor":3.0,"key":"ColorlessPotion"},{"floor":5.0,"key":"SpeedPotion"},{"floor":9.0,"key":"Block Potion"},{"floor":12.0,"key":"Explosive Potion"},{"floor":14,"key":"Elixir"},{"floor":15,"key":"Guardian:BlockOnCardUsePotion"},{"floor":16,"key":"Block Potion"},{"floor":23,"key":"SneckoOil"},{"floor":25,"key":"Energy Potion"},{"floor":28,"key":"PowerPotion"},{"floor":29,"key":"Death Potion"},{"floor":30,"key":"EssenceOfSteel"},{"floor":31,"key":"Venom Potion"},{"floor":33,"key":"Reflective Coating"}],"is_trial":false,"path_per_floor":["R","M","M","E","M","$","T","R","E","R","?","M","T","?","M","B",null,"T","?","?","?","T","?","T","?","T","E","?","?","?","?","?","B",null,"T","?","T","?","?","E","T","T","E","T","?","?","T","?","?","B",null],"character_chosen":"WATCHER","items_purchased":["Membership Card","CrushJoints","Kunai","Shuriken","Whetstone","Sundial","Ragnarok","Wish+1","Strange Spoon"],"campfire_rested":0,"item_purchase_floors":[6,6,47,47,47,47,47,47,47],"current_hp_per_floor":[65,65,62,57,56,51,51,51,42,42,42,42,42,19,19,10,65,65,63,53,48,48,48,48,43,53,48,45,45,33,33,31,25,75,75,75,75,75,75,63,63,63,65,65,67,55,57,59,61,63],"gold":219,"neow_bonus":"THREE_RARE_CARDS","is_daily":false,"chose_seed":false,"campfire_upgraded":7,"win_rate":0.0,"timestamp":1608559384,"path_taken":["R","M","M","E","M","$","T","R","E","R","?","M","?","?","M","BOSS","T","?","?","?","?","?","T","?","T","E","?","?","?","?","?","BOSS","T","?","T","?","?","E","T","T","E","T","?","?","T","?","?","BOSS"],"items_purchased_type":["Relic","Card","Relic","Relic","Relic","Relic","Card","Card","Relic"],"build_version":"2020-12-13","purchased_purges":0,"victory":true,"max_hp_per_floor":[65,65,65,65,65,65,65,65,65,65,65,65,65,65,65,65,65,65,65,65,65,65,65,65,65,75,75,75,75,75,75,75,75,75,75,75,75,75,75,75,75,75,75,75,75,75,75,75,75,75],"relic_stats":{"Sozu":9,"Blood Vial":14,"Strange Spoon":[5],"counters":[32,155],"Shuriken":[5],"Sundial":[0],"Kunai":[5],"Whetstone":["SashWhip","Eruption"],"Smiling Mask":0,"obtain_stats":[{"Lantern":4,"Painkiller Herb":17,"downfall:HeartBlessingGreen":44,"downfall:TeleportStone":38,"Whetstone":47,"Replay:Mystery Machine":13,"Smiling Mask":24,"Sozu":34,"Blood Vial":41,"downfall:HeartBlessingBlue":26,"Sundial":47,"Iron Hammer":27,"Kunai":47,"Toxic Egg 2":9,"downfall:HeartBlessingRed":10,"Quantum Egg":40,"Omamori":1,"White Beast Statue":7,"Strange Spoon":47,"downfall:GremlinSack":14,"Shuriken":47,"Simple Rune":11,"Garlic":43,"Membership Card":6,"PureWater":0},{"Lantern":3,"Painkiller Herb":10,"downfall:HeartBlessingGreen":26,"downfall:TeleportStone":23,"Whetstone":29,"Replay:Mystery Machine":7,"Smiling Mask":14,"Sozu":22,"Blood Vial":25,"downfall:HeartBlessingBlue":15,"Sundial":29,"Iron Hammer":16,"Kunai":29,"Toxic Egg 2":6,"downfall:HeartBlessingRed":6,"Quantum Egg":25,"Omamori":0,"White Beast Statue":5,"Strange Spoon":29,"downfall:GremlinSack":8,"Shuriken":29,"Simple Rune":6,"Garlic":26,"Membership Card":5,"PureWater":0},{"Lantern":10,"Painkiller Herb":45,"downfall:HeartBlessingGreen":127,"downfall:TeleportStone":108,"Whetstone":143,"Replay:Mystery Machine":25,"Smiling Mask":63,"Sozu":105,"Blood Vial":119,"downfall:HeartBlessingBlue":70,"Sundial":143,"Iron Hammer":77,"Kunai":143,"Toxic Egg 2":24,"downfall:HeartBlessingRed":24,"Quantum Egg":119,"Omamori":0,"White Beast Statue":17,"Strange Spoon":143,"downfall:GremlinSack":29,"Shuriken":143,"Simple Rune":24,"Garlic":127,"Membership Card":17,"PureWater":0}]},"card_choices":[{"not_picked":["MasterReality","ConjureBlade"],"picked":"Judgement","floor":0.0},{"not_picked":["Crescendo","EmptyBody"],"picked":"Replay:BluntJabs","floor":2.0},{"not_picked":["EmptyFist","Replay:AtTheReady"],"picked":"Swivel","floor":3.0},{"not_picked":["Vault","Replay:Battleflow"],"picked":"Wish","floor":4.0},{"not_picked":["Replay:ManipulateFuture","Conclude"],"picked":"ForeignInfluence","floor":5.0},{"not_picked":["SashWhip","WheelKick"],"picked":"Prostrate","floor":6.0},{"not_picked":["Replay:Anticipation+1","EmptyFist"],"picked":"PathToVictory+1","floor":9.0},{"not_picked":["Replay:ManipulateFuture+1","SashWhip"],"picked":"MentalFortress","floor":12.0},{"not_picked":["Crescendo+1","Replay:Cycle+1"],"picked":"Consecrate","floor":14},{"not_picked":["Conclude","LikeWater"],"picked":"Wallop","floor":15},{"not_picked":["Establishment","Replay:LoomingThreat"],"picked":"Devotion","floor":16},{"not_picked":["Collect+1","Indignation+1"],"picked":"Replay:DivineShield+1","floor":19},{"not_picked":["CrushJoints","Replay:AtTheReady+1","Evaluate+1"],"picked":"SKIP","floor":20},{"not_picked":["Replay:Anticipation+1","Halt+1"],"picked":"Wallop","floor":21},{"not_picked":["InnerPeace+1","Replay:Cycle+1"],"picked":"Protect+1","floor":23},{"not_picked":["ReachHeaven","Replay:LoomingThreat"],"picked":"Replay:Hum+1","floor":25},{"not_picked":["ThirdEye+1","Replay:ManipulateFuture+1"],"picked":"Sanctity+1","floor":27},{"not_picked":["Tantrum","CutThroughFate"],"picked":"Halt+1","floor":28},{"not_picked":["Nirvana","Weave+1"],"picked":"Collect+1","floor":29},{"not_picked":["Replay:BluntJabs","SandsOfTime"],"picked":"Replay:DivineShield+1","floor":30},{"not_picked":["SashWhip","Evaluate+1"],"picked":"Fasting2","floor":31},{"not_picked":["Replay:BluntJabs","Consecrate"],"picked":"LikeWater+1","floor":32},{"not_picked":["Ragnarok","Establishment"],"picked":"Omniscience+1","floor":33},{"not_picked":["Wallop+1","Replay:DivineShield+1"],"picked":"Worship+1","floor":36},{"not_picked":["MentalFortress+1","Replay:BluntJabs"],"picked":"ThirdEye+1","floor":39},{"not_picked":["FlurryOfBlows+1","Replay:Cycle+1"],"picked":"ReachHeaven+1","floor":40},{"not_picked":["CutThroughFate","Crescendo+1"],"picked":"Protect+1","floor":43},{"not_picked":["Wireheading+1","Sanctity+1"],"picked":"EmptyBody+1","floor":45},{"not_picked":["InnerPeace+1","ThirdEye+1"],"picked":"FlurryOfBlows+1","floor":46},{"not_picked":["SashWhip","Sanctity+1"],"picked":"EmptyFist","floor":47},{"not_picked":["Replay:Anticipation+1","Crescendo+1"],"picked":"Scrawl+1","floor":48},{"not_picked":["Crescendo+1","Adaptation+1"],"picked":"SignatureMove","floor":49}],"player_experience":389108,"relics_obtained":[{"floor":1.0,"key":"Omamori"},{"floor":4.0,"key":"Lantern"},{"floor":7.0,"key":"White Beast Statue"},{"floor":9.0,"key":"Toxic Egg 2"},{"floor":13.0,"key":"Replay:Mystery Machine"},{"floor":14,"key":"downfall:GremlinSack"},{"floor":24,"key":"Smiling Mask"},{"floor":27,"key":"Iron Hammer"},{"floor":40,"key":"Quantum Egg"},{"floor":41,"key":"Blood Vial"},{"floor":43,"key":"Garlic"}],"event_choices":[{"damage_healed":0.0,"max_hp_gain":0.0,"max_hp_loss":0.0,"gold_gain":0.0,"event_name":"Big Fish","player_choice":"Box","floor":11.0,"gold_loss":0.0,"damage_taken":0.0,"relics_obtained":["Simple Rune"],"cards_obtained":["Regret"]}],"is_beta":false,"boss_relics":[{"not_picked":["Replay:Bronze Core","VioletLotus"],"picked":"Painkiller Herb"},{"not_picked":["Busted Crown","SacredBark"],"picked":"Sozu"}],"items_purged_floors":[],"is_endless":false,"potions_floor_spawned":[3,5,9,12,14,15,16,19,20,21,23,25,27,28,29,30,31,32,33,36,39,40,43,45,46,47,48,49],"ascension_level":0}}