{"host":"69rply1jf2d1wbmp","time":1608554413,"event":{"mods":["BaseMod","Minty Spire (QoL Compilation)","Quick Restart"],"gold_per_floor":[119,45,45,63,63,63,94,94,94,94,104,104,122,134,134,230,230,242,95,95,50,50,77,95,95,119,152,169,187,199,199,199,300,350,370,420,439,439,54,54,54],"floor_reached":40,"playtime":1473,"items_purged":["Strike_R","Defend_R"],"score":474,"play_id":"5bfa0430-213b-4dd5-8aef-da303375a0d0","local_time":"20201221074013","is_ascension_mode":false,"campfire_choices":[{"data":"Bash","floor":6,"key":"SMITH"},{"data":"Inflame","floor":8,"key":"SMITH"},{"data":"Metallicize","floor":15,"key":"SMITH"},{"data":"Armaments","floor":25,"key":"SMITH"},{"floor":32,"key":"REST"}],"circlet_count":0,"master_deck":["Strike_R","Strike_R","Defend_R+1","Defend_R","Bash+1","Berserk+1","Ghostly Armor","Inflame+1","Rage","Metallicize+1","Cleave","Impervious","CurseOfTheBell","Combust","Rage","Body Slam","Armaments+1","Pommel Strike+1","Shrug It Off+1","Juggernaut","Limit Break","Shrug It Off","Anger"],"relics":["Burning Blood","Boot","Bronze Scales","Calling Bell","Happy Flower","Mercury Hourglass","Unceasing Top","Art of War","Juzu Bracelet","Ancient Tea Set","Nloth\u0027s Gift","Tiny House","Turnip","Kunai"],"acts_visited":["Exordium","TheCity","TheBeyond"],"potions_floor_usage":[23,23,33,35,36,40],"damage_taken":[{"damage":4,"enemies":"Small Slimes","floor":1,"turns":3},{"damage":4,"enemies":"Cultist","floor":4,"turns":4},{"damage":26,"enemies":"Lagavulin","floor":7,"turns":7},{"damage":0,"enemies":"2 Louse","floor":11,"turns":3},{"damage":0,"enemies":"Exordium Wildlife","floor":13,"turns":3},{"damage":5,"enemies":"Blue Slaver","floor":14,"turns":3},{"damage":50,"enemies":"The Guardian","floor":16,"turns":10},{"damage":7,"enemies":"Shell Parasite","floor":18,"turns":6},{"damage":35,"enemies":"Slavers","floor":23,"turns":5},{"damage":6,"enemies":"3 Byrds","floor":24,"turns":2},{"damage":32,"enemies":"Gremlin Leader","floor":27,"turns":6},{"damage":27,"enemies":"Centurion and Healer","floor":28,"turns":6},{"damage":10,"enemies":"Snecko","floor":29,"turns":5},{"damage":23,"enemies":"Chosen and Byrds","floor":30,"turns":6},{"damage":6,"enemies":"Collector","floor":33,"turns":8},{"damage":14,"enemies":"Orb Walker","floor":35,"turns":4},{"damage":9,"enemies":"Mind Bloom Boss Battle","floor":36,"turns":5},{"damage":36,"enemies":"3 Shapes","floor":37,"turns":3},{"damage":52,"enemies":"Reptomancer","floor":40,"turns":4}],"seed_played":"-3977798913678108082","potions_obtained":[{"floor":13,"key":"Block Potion"},{"floor":14,"key":"FairyPotion"},{"floor":23,"key":"Fruit Juice"},{"floor":24,"key":"LiquidBronze"},{"floor":30,"key":"PowerPotion"},{"floor":33,"key":"SpeedPotion"},{"floor":34,"key":"GamblersBrew"},{"floor":35,"key":"SteroidPotion"},{"floor":36,"key":"Weak Potion"}],"is_trial":false,"path_per_floor":["M","$","?","M","?","R","E","R","T","T","M","?","M","M","R","B",null,"M","$","?","$","?","E","M","R","T","E","M","M","M","?","R","B",null,"M","?","M","?","$","E"],"character_chosen":"IRONCLAD","items_purchased":["Inflame","Combust","Armaments","Kunai","Anger"],"campfire_rested":1,"item_purchase_floors":[2,19,21,39,39],"current_hp_per_floor":[72,72,72,72,77,77,57,57,57,57,63,63,69,70,70,26,77,76,76,76,76,76,52,52,52,52,26,29,25,8,8,32,32,87,79,76,46,46,46,0,0],"gold":54,"neow_bonus":"THREE_RARE_CARDS","is_daily":false,"chose_seed":false,"campfire_upgraded":4,"win_rate":0.0,"timestamp":1608554413,"path_taken":["M","$","?","?","?","R","E","R","T","?","M","?","?","M","R","BOSS","M","$","?","$","?","E","M","R","T","E","M","M","M","?","R","BOSS","M","?","M","?","$","E"],"items_purchased_type":["Card","Card","Card","Relic","Card"],"build_version":"2020-12-13","purchased_purges":2,"victory":false,"max_hp_per_floor":[72,72,72,72,77,77,77,77,77,77,77,77,77,77,77,77,77,77,77,77,77,77,82,82,82,82,82,82,82,82,82,82,82,87,87,87,87,87,87,87,87],"card_choices":[{"not_picked":["Immolate","Offering"],"picked":"Berserk","floor":0},{"not_picked":["Body Slam","Heavy Blade"],"picked":"Ghostly Armor","floor":1},{"not_picked":["Iron Wave","Brutality","Sentinel"],"picked":"SKIP","floor":4},{"not_picked":["Infernal Blade","Sentinel","Headbutt"],"picked":"SKIP","floor":7},{"not_picked":["Battle Trance","Perfected Strike"],"picked":"Rage","floor":11},{"not_picked":["Dual Wield","Iron Wave"],"picked":"Metallicize","floor":13},{"not_picked":["Havoc","Perfected Strike"],"picked":"Cleave","floor":14},{"not_picked":["Bludgeon","Barricade"],"picked":"Impervious","floor":16},{"not_picked":["Body Slam","Heavy Blade","Sever Soul+1"],"picked":"SKIP","floor":18},{"not_picked":["Bloodletting","Havoc"],"picked":"Pommel Strike+1","floor":23},{"not_picked":["Fire Breathing","Whirlwind"],"picked":"Shrug It Off+1","floor":24},{"not_picked":["Immolate","Second Wind"],"picked":"Juggernaut","floor":27},{"not_picked":["Flex","Armaments","Pommel Strike"],"picked":"SKIP","floor":28},{"not_picked":["Warcry","Armaments","Sentinel"],"picked":"SKIP","floor":29},{"not_picked":["Infernal Blade","Corruption","Clothesline+1"],"picked":"SKIP","floor":30},{"not_picked":["Fiend Fire","Reaper"],"picked":"Limit Break","floor":33},{"not_picked":["Pommel Strike","Uppercut"],"picked":"Shrug It Off","floor":34},{"not_picked":["Uppercut","Twin Strike+1","Searing Blow+1"],"picked":"SKIP","floor":35},{"not_picked":["Heavy Blade+1","Rage","Thunderclap+1"],"picked":"SKIP","floor":37}],"player_experience":375920,"relics_obtained":[{"floor":7,"key":"Boot"},{"floor":9,"key":"Bronze Scales"},{"floor":17,"key":"Happy Flower"},{"floor":17,"key":"Mercury Hourglass"},{"floor":17,"key":"Unceasing Top"},{"floor":23,"key":"Matryoshka"},{"floor":26,"key":"Art of War"},{"floor":26,"key":"Juzu Bracelet"},{"floor":27,"key":"Ancient Tea Set"},{"floor":36,"key":"Turnip"}],"event_choices":[{"damage_healed":0,"gold_gain":0,"player_choice":"Upgraded","damage_taken":0,"max_hp_gain":0,"max_hp_loss":0,"event_name":"Upgrade Shrine","floor":3,"gold_loss":0,"cards_upgraded":["Berserk"]},{"damage_healed":0,"gold_gain":0,"player_choice":"Donut","damage_taken":0,"max_hp_gain":5,"max_hp_loss":0,"event_name":"Big Fish","floor":5,"gold_loss":0},{"cards_removed":["Strike_R"],"damage_healed":0,"gold_gain":0,"player_choice":"Purged","damage_taken":0,"max_hp_gain":0,"max_hp_loss":0,"event_name":"Purifier","floor":12,"gold_loss":0},{"damage_healed":0,"gold_gain":0,"cards_transformed":["Defend_R","Strike_R"],"player_choice":"Became Test Subject","damage_taken":0,"max_hp_gain":0,"max_hp_loss":0,"event_name":"Drug Dealer","floor":20,"gold_loss":0,"cards_obtained":["Rage","Body Slam"]},{"damage_healed":0,"gold_gain":0,"player_choice":"Ignored","damage_taken":0,"max_hp_gain":0,"max_hp_loss":0,"event_name":"Vampires","floor":22,"gold_loss":0},{"damage_healed":0,"gold_gain":0,"player_choice":"Traded Relic","damage_taken":0,"relics_obtained":["Nloth\u0027s Gift"],"max_hp_gain":0,"max_hp_loss":0,"event_name":"N\u0027loth","floor":31,"relics_lost":["Matryoshka"],"gold_loss":0},{"damage_healed":0,"gold_gain":0,"player_choice":"Fight","damage_taken":0,"max_hp_gain":0,"max_hp_loss":0,"event_name":"MindBloom","floor":36,"gold_loss":0},{"damage_healed":0,"gold_gain":0,"player_choice":"Ignored","damage_taken":0,"max_hp_gain":0,"max_hp_loss":0,"event_name":"Mysterious Sphere","floor":38,"gold_loss":0}],"is_beta":false,"boss_relics":[{"not_picked":["Busted Crown","Mark of Pain"],"picked":"Calling Bell"},{"not_picked":["SlaversCollar","Pandora\u0027s Box"],"picked":"Tiny House"}],"items_purged_floors":[19,39],"is_endless":false,"potions_floor_spawned":[13,14,23,24,30,33,35,36],"killed_by":"Reptomancer","ascension_level":0}}