{"host":"bxdue9bkfm2khp2x","time":1608542481,"event":{"mods":["Aspiration","BaseMod","Better Vampires","Challenge The Spire","Colored Powertips","Conspire","Decade(王小明)","Dota2Spire","Downfall","Highlight Path","Marisa（F雨　魔理沙）","Minty Spire (QoL Compilation)","MostiFishMod","Remilia（蕾米莉亚）","Replay The Spire","RumiaBox-露米娅的神秘盒子","StSLib","Td1madao Mod","The Alterego","The Cursed","The Servant 0.9.4","Waifu the Spire","WarShipGirlsR/战舰少女R mod","Youmu（魂魄妖梦）","noobMod","vexMod","【功能Mod】混沌之环修复补丁","【遗物卡牌】REMEMod","篝火指南"],"gold_per_floor":[419,435,360,4,4,4,4,4],"floor_reached":7,"playtime":457,"items_purged":["alterego_mod:Defend"],"score":72,"play_id":"240445be-9d2f-4a2a-9ada-f3748e273f9c","local_time":"20201221172121","is_ascension_mode":true,"campfire_choices":[{"data":"Black Contract","floor":6.0,"key":"SMITH"}],"circlet_count":0,"master_deck":["AscendersBane","alterego_mod:Strike","alterego_mod:Strike","alterego_mod:Strike","alterego_mod:Defend","alterego_mod:Defend","alterego_mod:Defend","alterego_mod:BigMeatyClaws","alterego_mod:BrynhildrsRune","Black Contract+1","alterego_mod:MaintainEyeContact"],"relics":["alterego_mod:MasochisticConstitution","REME_ComplimentaryCards","DaveBox","ice","Old Coin","Question Card","MagicDraw3"],"acts_visited":["Exordium"],"potions_floor_usage":[7],"damage_taken":[{"damage":22.0,"enemies":"Small Slimes","floor":1.0,"turns":7.0},{"damage":8.0,"enemies":"conspire:RoseBush","floor":2.0,"turns":9.0},{"damage":44,"enemies":"Gremlin Nob","floor":7,"turns":6}],"seed_played":"-4158701687452842386","potions_obtained":[{"floor":2.0,"key":"LifebloodPotion"}],"is_trial":false,"path_per_floor":["M","M","?","$","?","R","E"],"character_chosen":"The_Alterego","items_purchased":["MagicDraw3"],"campfire_rested":0,"item_purchase_floors":[4],"current_hp_per_floor":[52,52,52,52,55,55,11,11],"gold":4,"neow_bonus":"REMOVE_CARD","is_daily":false,"chose_seed":false,"campfire_upgraded":1,"win_rate":0.0,"timestamp":1608542481,"path_taken":["M","M","?","$","?","R","E"],"items_purchased_type":["Relic"],"build_version":"2020-12-13","purchased_purges":1,"victory":false,"max_hp_per_floor":[66,67,67,67,67,67,67,67],"card_choices":[{"not_picked":["alterego_mod:BiFurious","alterego_mod:Punishment","alterego_mod:Valentines"],"picked":"SKIP","floor":1.0},{"not_picked":["alterego_mod:Jiggle","alterego_mod:Punishment","alterego_mod:Rip"],"picked":"alterego_mod:MaintainEyeContact","floor":2.0}],"player_experience":1403160,"relics_obtained":[{"floor":1.0,"key":"Question Card"}],"event_choices":[{"cards_removed":["alterego_mod:Strike"],"damage_healed":0.0,"max_hp_gain":0.0,"max_hp_loss":0.0,"gold_gain":0.0,"event_name":"The Cleric","player_choice":"Card Removal","floor":3.0,"gold_loss":75.0,"damage_taken":0.0}],"is_beta":false,"boss_relics":[],"items_purged_floors":[4],"is_endless":false,"potions_floor_spawned":[2],"killed_by":"Gremlin Nob","ascension_level":17}}