{"host":"1bqbj1s4pyvm9utn","time":1608528015,"event":{"mods":["AchievementEnabler","Aspiration","Bard","BaseMod","Beaked The Cultist","Better Altar","Better Match","Better Note","Better Sensory Stone","Better Skull","Better Third Choice","BetterRewards","CCEM","Clawfect","Colored Map","Conspire","Downfall","GifTheSpireLib","Halation","Hermit","Highlight Path","Hubris","Humility","Infinite Spire","Jedi Mod","Jorbs\u0027s Wanderer Trilogy","Mad Scientist","Marisa????????","Mimic Mod","Minty Spire (QoL Compilation)","Permanent Neow","Replay The Spire","Shade Mod","Shop Mod","Spicy Shops","StSLib","Stuff the Spire","The Bug Knight","The Construct","The Cursed","The Disciple","The Gatherer","The Hierophant","The Jungle","The Mystic","The Necromancer","The Runesmith","The Servant 0.9.4","The Spell Scribe","The Witch","Unceasing Turn Reminder","everything is the same but u backflip on backflip","slay the spire mod where everything is the same but ironclad has a cowboy hat","vexMod"],"gold_per_floor":[349,364,29,29,29,46,120,149,182,182,207,72,122,130,149,149,149],"floor_reached":16,"playtime":1571,"items_purged":["hubris:Sloth"],"score":92,"play_id":"de49a701-8bf9-4abe-9362-aead6a7623a5","local_time":"20201220212015","is_ascension_mode":false,"campfire_choices":[{"data":"MasterSpark","floor":1,"key":"SMITH"},{"data":"expansioncontent:LastStand","floor":4,"key":"SMITH"},{"floor":10,"key":"REST"}],"circlet_count":0,"master_deck":["Strike_MRS","Strike_MRS","Strike_MRS","Strike_MRS","Defend_MRS","Defend_MRS","Defend_MRS","Defend_MRS","MasterSpark+1","UpSweep","SuperPerseids","StarBarrage","MilkyWay","WitchOfGreed","expansioncontent:LastStand+1","NonDirectionalLaser","Robbery","BlazeAway","PowerUp","Singularity","DoubleSpark","MagicChant"],"relics":["MiniHakkero","infinitespire:Satchel","hubris:OldNail","TungstenRod","infinitespire:BottledMercury","Runesmith:AutoHammer"],"acts_visited":["Exordium"],"potions_floor_usage":[9,11,14,15],"damage_taken":[{"damage":11,"enemies":"Jaw Worm","floor":2,"turns":5},{"damage":5,"enemies":"downfall:FleeingMerchant","floor":3,"turns":4},{"damage":0,"enemies":"2 Louse","floor":8,"turns":2},{"damage":17,"enemies":"Small Slimes","floor":9,"turns":3},{"damage":5,"enemies":"3 Louse","floor":11,"turns":2},{"damage":0,"enemies":"downfall:FleeingMerchant","floor":12,"turns":4},{"damage":13,"enemies":"Exordium Wildlife","floor":13,"turns":5},{"damage":6,"enemies":"downfall:FleeingMerchant","floor":14,"turns":4},{"damage":12,"enemies":"Red Slaver","floor":15,"turns":2},{"damage":22,"enemies":"downfall:Ironclad","floor":16,"turns":3}],"seed_played":"8907513973087431788","potions_obtained":[{"floor":8,"key":"Fire Potion"},{"floor":9,"key":"jedi:tentaclejuice"},{"floor":9,"key":"jedi:wingpotion"},{"floor":12,"key":"jedi:tentaclejuice"},{"floor":13,"key":"Slimebound:ThreeZeroPotion"}],"is_trial":false,"path_per_floor":["R","M","$","R","?","?","T","M","M","R","M","$","M","$","M","B"],"character_chosen":"MARISA","items_purchased":["infinitespire:Satchel","MilkyWay","WitchOfGreed","expansioncontent:LastStand","Runesmith:AutoHammer"],"campfire_rested":1,"item_purchase_floors":[3,3,3,3,12],"current_hp_per_floor":[75,64,59,59,59,41,41,41,34,56,51,51,38,32,30,18,18],"gold":149,"neow_bonus":"TWO_FIFTY_GOLD","is_daily":false,"chose_seed":false,"campfire_upgraded":2,"win_rate":0.0,"timestamp":1608528015,"path_taken":["R","M","$","R","?","?","T","M","M","R","M","$","M","?","M","BOSS"],"items_purchased_type":["Relic","Card","Card","Card","Relic"],"build_version":"2020-12-13","purchased_purges":1,"victory":false,"max_hp_per_floor":[75,75,75,75,75,75,75,75,75,75,75,75,75,75,75,75,75],"card_choices":[{"not_picked":["ShootingEcho","GravityBeat"],"picked":"SuperPerseids","floor":2},{"not_picked":["ShootTheMoon","MilkyWay"],"picked":"StarBarrage","floor":3},{"not_picked":["RefractionSpark","MysteriousBeam"],"picked":"NonDirectionalLaser","floor":6},{"not_picked":["GravityBeat","IllusionStar"],"picked":"Robbery","floor":8},{"not_picked":["SprinkleStarSeal","IllusionStar"],"picked":"BlazeAway","floor":9},{"not_picked":["GravityBeat","EnergyRecoil"],"picked":"PowerUp","floor":11},{"not_picked":["UnstableBomb","DC"],"picked":"Singularity","floor":12},{"not_picked":["CollectingQuirk","OpenUniverse"],"picked":"DoubleSpark","floor":13},{"not_picked":["Occultation","StarBarrage","ShootTheMoon"],"picked":"SKIP","floor":14},{"not_picked":["MysteriousBeam","IllusionStar"],"picked":"MagicChant","floor":15}],"player_experience":855600,"relics_obtained":[{"floor":5,"key":"hubris:OldNail"},{"floor":6,"key":"TungstenRod"},{"floor":7,"key":"infinitespire:BottledMercury"}],"event_choices":[],"is_beta":false,"boss_relics":[],"items_purged_floors":[3],"is_endless":false,"potions_floor_spawned":[8,9,13],"killed_by":"downfall:Ironclad","ascension_level":0}}