{"host":"agbyy69nq62afhwx","time":1608510081,"event":{"mods":["BaseMod","Colored Map","Highlight Path","Keyboard Shortcuts","Minty Spire (QoL Compilation)","Quick Restart","StSLib","SuperFastMode","everything is the same but u backflip on backflip"],"gold_per_floor":[110,121,121,141,158,193,208,208,208,208,228,8,35,48,48,152,152,167,167,72,86,97,97,113,113,167,185,195,294,313,17,17,118,118,134,153,153,167,167,167,201,201,201,201,53,53,88,108,108,108,108],"floor_reached":50,"playtime":2295,"items_purged":["Scrape"],"score":739,"play_id":"412353bc-565e-4049-8358-617143f182c1","local_time":"20201221092121","is_ascension_mode":true,"campfire_choices":[{"floor":10.0,"key":"REST"},{"floor":15.0,"key":"REST"},{"data":"Apotheosis","floor":23.0,"key":"SMITH"},{"floor":25.0,"key":"REST"},{"data":"Seek","floor":32.0,"key":"SMITH"},{"floor":40,"key":"REST"},{"data":"FTL","floor":44,"key":"PURGE"},{"floor":49,"key":"REST"}],"circlet_count":0,"master_deck":["Zap","Dualcast","Genetic Algorithm","Glacier","Redo","Loop","Hologram+1","White Noise","Apotheosis+1","Conserve Battery","Seek+1","Reboot","Rip and Tear","Turbo","Double Energy","Tempest","Streamline","Self Repair","Coolheaded+1","Finesse","Skim","Echo Form"],"relics":["Cracked Core","NeowsBlessing","Lantern","Peace Pipe","Bottled Tornado","Gremlin Horn","Pandora\u0027s Box","Omamori","Strange Spoon","Fusion Hammer","Smiling Mask","Shuriken","Toolbox","DataDisk"],"acts_visited":["Exordium","TheCity","TheBeyond"],"potions_floor_usage":[50,50,50,50],"damage_taken":[{"damage":0.0,"enemies":"Jaw Worm","floor":1.0,"turns":1.0},{"damage":0.0,"enemies":"2 Louse","floor":2.0,"turns":1.0},{"damage":0.0,"enemies":"Cultist","floor":4.0,"turns":1.0},{"damage":10.0,"enemies":"Exordium Thugs","floor":5.0,"turns":5.0},{"damage":27.0,"enemies":"Lagavulin","floor":6.0,"turns":6.0},{"damage":21.0,"enemies":"Lots of Slimes","floor":7.0,"turns":5.0},{"damage":6.0,"enemies":"Looter","floor":11.0,"turns":3.0},{"damage":17.0,"enemies":"3 Sentries","floor":13.0,"turns":8.0},{"damage":5.0,"enemies":"Exordium Wildlife","floor":14.0,"turns":3.0},{"damage":0.0,"enemies":"Slime Boss","floor":16.0,"turns":7.0},{"damage":34.0,"enemies":"3 Byrds","floor":18.0,"turns":3.0},{"damage":26.0,"enemies":"Chosen","floor":21.0,"turns":6.0},{"damage":23.0,"enemies":"Snake Plant","floor":22.0,"turns":4.0},{"damage":30.0,"enemies":"Cultist and Chosen","floor":24.0,"turns":5.0},{"damage":14.0,"enemies":"Chosen and Byrds","floor":27.0,"turns":4.0},{"damage":0.0,"enemies":"Centurion and Healer","floor":28.0,"turns":2.0},{"damage":18.0,"enemies":"Shelled Parasite and Fungi","floor":30.0,"turns":3.0},{"damage":38.0,"enemies":"Champ","floor":33.0,"turns":15.0},{"damage":25.0,"enemies":"3 Darklings","floor":35.0,"turns":6.0},{"damage":16.0,"enemies":"Orb Walker","floor":36.0,"turns":5.0},{"damage":25,"enemies":"Jaw Worm Horde","floor":38,"turns":4},{"damage":6,"enemies":"Giant Head","floor":41,"turns":7},{"damage":0,"enemies":"Reptomancer","floor":47,"turns":4},{"damage":6,"enemies":"Writhing Mass","floor":48,"turns":3},{"damage":71,"enemies":"Time Eater","floor":50,"turns":4}],"seed_played":"1657180228835629007","potions_obtained":[{"floor":1.0,"key":"Weak Potion"},{"floor":5.0,"key":"EntropicBrew"},{"floor":7.0,"key":"EssenceOfSteel"},{"floor":13.0,"key":"FairyPotion"},{"floor":16.0,"key":"FairyPotion"},{"floor":27.0,"key":"SteroidPotion"},{"floor":47,"key":"Ancient Potion"}],"is_trial":false,"path_per_floor":["M","M","?","M","M","E","M","?","T","R","M","$","E","M","R","B",null,"M","?","$","M","M","R","M","R","T","M","M","?","M","$","R","B",null,"M","M","?","M","?","R","E","?","T","R","$","?","E","M","R","B"],"character_chosen":"DEFECT","items_purchased":["Apotheosis","Conserve Battery","Finesse","Skim","Strange Spoon","Toolbox"],"campfire_rested":5,"item_purchase_floors":[12,12,20,31,31,45],"current_hp_per_floor":[75,75,72,72,62,35,14,14,14,36,30,30,13,8,30,30,75,51,51,51,32,19,19,23,45,45,41,51,51,33,33,33,30,75,60,51,51,46,46,67,71,71,71,71,71,71,71,71,71,0,0],"gold":108,"neow_bonus":"THREE_ENEMY_KILL","is_daily":false,"chose_seed":false,"campfire_upgraded":2,"win_rate":0.0,"timestamp":1608510081,"path_taken":["M","M","?","M","M","E","M","?","T","R","M","$","E","?","R","BOSS","M","?","$","?","M","R","M","R","T","M","M","?","M","$","R","BOSS","M","M","?","M","?","R","E","?","T","R","$","?","E","M","R","BOSS"],"items_purchased_type":["Card","Card","Card","Card","Relic","Relic"],"build_version":"2020-12-13","purchased_purges":1,"victory":false,"max_hp_per_floor":[75,75,75,75,75,75,75,75,75,75,75,75,75,75,75,75,75,75,75,75,75,75,75,75,75,75,75,75,75,75,75,75,75,75,75,75,71,71,71,71,71,71,71,71,71,71,71,71,71,71,71],"card_choices":[{"not_picked":["Recycle","Barrage"],"picked":"Genetic Algorithm","floor":1.0},{"not_picked":["Redo","Chill"],"picked":"Ball Lightning","floor":2.0},{"not_picked":["Melter","Darkness"],"picked":"Glacier","floor":4.0},{"not_picked":["Leap","Ball Lightning"],"picked":"Redo","floor":5.0},{"not_picked":["Cold Snap","Multi-Cast"],"picked":"Loop","floor":6.0},{"not_picked":["Capacitor","Conserve Battery"],"picked":"Hologram","floor":7.0},{"not_picked":["Lockon","Rip and Tear"],"picked":"White Noise","floor":11.0},{"not_picked":["Doom and Gloom","Turbo"],"picked":"Seek","floor":13.0},{"not_picked":["Go for the Eyes","Conserve Battery","Storm"],"picked":"SKIP","floor":14.0},{"not_picked":["Seek","Hyperbeam"],"picked":"Reboot","floor":16.0},{"not_picked":["Rip and Tear+1","Barrage"],"picked":"Coolheaded+1","floor":18.0},{"not_picked":["Streamline","Ball Lightning","Genetic Algorithm+1"],"picked":"SKIP","floor":21.0},{"not_picked":["Heatsinks","Leap","Barrage+1"],"picked":"SKIP","floor":22.0},{"not_picked":["Reprogram+1","White Noise","Cold Snap+1"],"picked":"SKIP","floor":24.0},{"not_picked":["Scrape","Steam+1","Hologram"],"picked":"SKIP","floor":27.0},{"not_picked":["Lockon","Chill+1","Ball Lightning"],"picked":"SKIP","floor":28.0},{"not_picked":["Barrage","Turbo","Steam+1"],"picked":"SKIP","floor":30.0},{"not_picked":["Rainbow","Electrodynamics"],"picked":"Echo Form","floor":33.0},{"not_picked":["Self Repair","Go for the Eyes+1","Darkness"],"picked":"SKIP","floor":35.0},{"not_picked":["Self Repair","Go for the Eyes+1","Darkness"],"picked":"SKIP","floor":35.0},{"not_picked":["Barrage","Beam Cell+1","Coolheaded"],"picked":"SKIP","floor":36.0},{"not_picked":["White Noise+1","Go for the Eyes+1","Storm+1"],"picked":"SKIP","floor":38},{"not_picked":["Cold Snap","Rebound+1","FTL"],"picked":"SKIP","floor":41},{"not_picked":["Rebound+1","Cold Snap+1","Streamline+1"],"picked":"SKIP","floor":47},{"not_picked":["Hologram","Reprogram","Chaos"],"picked":"SKIP","floor":48}],"player_experience":343908,"relics_obtained":[{"floor":6.0,"key":"Peace Pipe"},{"floor":9.0,"key":"Bottled Tornado"},{"floor":13.0,"key":"Gremlin Horn"},{"floor":26.0,"key":"Omamori"},{"floor":41,"key":"Smiling Mask"},{"floor":43,"key":"Shuriken"},{"floor":47,"key":"DataDisk"}],"event_choices":[{"damage_healed":0.0,"max_hp_gain":0.0,"max_hp_loss":0.0,"gold_gain":0.0,"event_name":"Scrap Ooze","player_choice":"Success","floor":3.0,"gold_loss":0.0,"damage_taken":3.0,"relics_obtained":["Lantern"]},{"damage_healed":0.0,"max_hp_gain":0.0,"max_hp_loss":0.0,"gold_gain":0.0,"event_name":"Accursed Blacksmith","player_choice":"Forge","floor":8.0,"gold_loss":0.0,"damage_taken":0.0,"cards_upgraded":["Hologram"]},{"damage_healed":0.0,"max_hp_gain":0.0,"max_hp_loss":0.0,"gold_gain":0.0,"event_name":"Lab","player_choice":"Got Potions","floor":19.0,"gold_loss":0.0,"damage_taken":0.0},{"damage_healed":0.0,"max_hp_gain":0.0,"max_hp_loss":0.0,"gold_gain":99.0,"event_name":"Nest","player_choice":"Stole From Cult","floor":29.0,"gold_loss":0.0,"damage_taken":0.0},{"damage_healed":0.0,"max_hp_gain":0.0,"max_hp_loss":4.0,"gold_gain":0.0,"event_name":"Winding Halls","player_choice":"Max HP","floor":37.0,"gold_loss":0.0,"damage_taken":0.0},{"damage_healed":0,"gold_gain":0,"player_choice":"Memory 1","damage_taken":0,"max_hp_gain":0,"max_hp_loss":0,"event_name":"SensoryStone","floor":39,"gold_loss":0},{"damage_healed":0,"gold_gain":0,"player_choice":"Ignored","damage_taken":0,"max_hp_gain":0,"max_hp_loss":0,"event_name":"Tomb of Lord Red Mask","floor":42,"gold_loss":0},{"cards_removed":["Ball Lightning"],"damage_healed":0,"gold_gain":0,"player_choice":"Removed Attack","damage_taken":0,"max_hp_gain":0,"max_hp_loss":0,"event_name":"Falling","floor":46,"gold_loss":0}],"is_beta":false,"boss_relics":[{"not_picked":["Velvet Choker","SlaversCollar"],"picked":"Pandora\u0027s Box"},{"not_picked":["Snecko Eye","Coffee Dripper"],"picked":"Fusion Hammer"}],"items_purged_floors":[31],"is_endless":false,"potions_floor_spawned":[1,5,7,13,16,22,27,30,47,48],"killed_by":"Time Eater","ascension_level":4}}