{"host":"3jjxuhjpio8e4zkv","time":1608594806,"event":{"mods":["BaseMod","Colored Map","Minty Spire (QoL Compilation)","Permanent Neow","Relic Stats","StSLib"],"gold_per_floor":[13,27,27,27,27,27,63,63,87,107,131,171,171,194,194,194,194],"floor_reached":16,"playtime":584,"items_purged":[],"score":270,"play_id":"f82d3e80-05d4-4d58-87b5-563ea7dab7a8","local_time":"20201221185326","is_ascension_mode":true,"campfire_choices":[{"data":"Dualcast","floor":6,"key":"SMITH"},{"data":"Genetic Algorithm","floor":13,"key":"SMITH"},{"data":"Hologram","floor":15,"key":"SMITH"}],"circlet_count":0,"master_deck":["AscendersBane","Strike_B","Strike_B","Strike_B","Defend_B+1","Defend_B","Zap+1","Dualcast+1","FTL","Self Repair","Genetic Algorithm+1","Glacier","Go for the Eyes","Hologram+1"],"relics":["Cracked Core","Golden Idol","Anchor","Regal Pillow","Ginger"],"acts_visited":["Exordium"],"potions_floor_usage":[12,12,16],"damage_taken":[{"damage":6,"enemies":"Cultist","floor":1,"turns":3},{"damage":0,"enemies":"Small Slimes","floor":2,"turns":2},{"damage":8,"enemies":"Gremlin Nob","floor":7,"turns":3},{"damage":0,"enemies":"Jaw Worm","floor":10,"turns":2},{"damage":0,"enemies":"Large Slime","floor":11,"turns":4},{"damage":0,"enemies":"3 Sentries","floor":12,"turns":11},{"damage":0,"enemies":"2 Fungi Beasts","floor":14,"turns":3},{"damage":57,"enemies":"Hexaghost","floor":16,"turns":14}],"seed_played":"-3263169854723463071","potions_obtained":[{"floor":1,"key":"FocusPotion"},{"floor":7,"key":"SkillPotion"},{"floor":12,"key":"EssenceOfSteel"}],"is_trial":false,"path_per_floor":["M","M","?","?","?","R","E","?","T","M","M","E","R","M","R","B"],"character_chosen":"DEFECT","items_purchased":[],"campfire_rested":0,"item_purchase_floors":[],"current_hp_per_floor":[58,58,34,13,36,36,28,28,28,35,42,49,49,56,56,0,0],"gold":194,"neow_bonus":"REMOVE_TWO","is_daily":false,"chose_seed":false,"campfire_upgraded":3,"win_rate":0.0,"timestamp":1608594806,"path_taken":["M","M","?","?","?","R","E","?","T","M","M","E","R","M","R","BOSS"],"items_purchased_type":[],"build_version":"2020-12-13","purchased_purges":0,"victory":false,"max_hp_per_floor":[71,71,71,71,71,71,71,71,71,71,71,71,71,71,71,71,71],"relic_stats":{"Regal Pillow":0,"counters":[8,42],"Golden Idol":29,"Ginger":[0],"obtain_stats":[{"Anchor":7,"Regal Pillow":9,"Golden Idol":3,"Ginger":12,"Cracked Core":0},{"Anchor":3,"Regal Pillow":3,"Golden Idol":2,"Ginger":6,"Cracked Core":0},{"Anchor":8,"Regal Pillow":8,"Golden Idol":5,"Ginger":25,"Cracked Core":0}]},"card_choices":[{"not_picked":["Scrape","Loop"],"picked":"FTL","floor":1},{"not_picked":["Cold Snap","Fusion","Rebound"],"picked":"SKIP","floor":2},{"not_picked":["Sunder","Force Field"],"picked":"Self Repair","floor":7},{"not_picked":["Go for the Eyes","Stack"],"picked":"Genetic Algorithm","floor":10},{"not_picked":["Double Energy","Compile Driver"],"picked":"Glacier","floor":11},{"not_picked":["Leap","Melter"],"picked":"Go for the Eyes","floor":12},{"not_picked":["Steam Power","Turbo"],"picked":"Hologram","floor":14}],"player_experience":1084374,"relics_obtained":[{"floor":7,"key":"Anchor"},{"floor":9,"key":"Regal Pillow"},{"floor":12,"key":"Ginger"}],"event_choices":[{"damage_healed":0,"gold_gain":0,"player_choice":"Take Damage","damage_taken":24,"relics_obtained":["Golden Idol"],"max_hp_gain":0,"max_hp_loss":0,"event_name":"Golden Idol","floor":3,"gold_loss":0},{"damage_healed":0,"gold_gain":0,"player_choice":"Entered Light","damage_taken":21,"max_hp_gain":0,"max_hp_loss":0,"event_name":"Shining Light","floor":4,"gold_loss":0,"cards_upgraded":["Zap","Defend_B"]},{"damage_healed":23,"gold_gain":0,"player_choice":"Banana","damage_taken":0,"max_hp_gain":0,"max_hp_loss":0,"event_name":"Big Fish","floor":5,"gold_loss":0},{"cards_removed":["Strike_B"],"damage_healed":0,"gold_gain":0,"player_choice":"Forget","damage_taken":0,"max_hp_gain":0,"max_hp_loss":0,"event_name":"Living Wall","floor":8,"gold_loss":0}],"is_beta":false,"boss_relics":[],"items_purged_floors":[],"is_endless":false,"potions_floor_spawned":[1,7,12],"killed_by":"Hexaghost","ascension_level":20}}