{"host":"lhth1efayex2023z","time":1608582482,"event":{"mods":["BaseMod","Colored Map","Googly Eyes","Minty Spire (QoL Compilation)","StSLib"],"gold_per_floor":[13,13,13,13,32,60,60,70,122,122,122],"floor_reached":10,"playtime":387,"items_purged":[],"score":99,"play_id":"22e031cf-217a-4df7-9ea6-6d29ae48d488","local_time":"20201221132802","is_ascension_mode":true,"campfire_choices":[{"floor":7.0,"key":"REST"}],"circlet_count":0,"master_deck":["AscendersBane","Strike_G","Strike_G","Strike_G","Defend_G","Defend_G","Defend_G","Defend_G","Defend_G","Survivor","Neutralize","Bane","Phantasmal Killer","Expertise","Caltrops"],"relics":["Ring of the Snake","The Specimen","Singing Bowl","Pear","Bag of Marbles"],"acts_visited":["Exordium"],"potions_floor_usage":[],"damage_taken":[{"damage":0.0,"enemies":"2 Louse","floor":1.0,"turns":3.0},{"damage":3.0,"enemies":"Jaw Worm","floor":5.0,"turns":8.0},{"damage":52.0,"enemies":"3 Sentries","floor":6.0,"turns":20.0},{"damage":7.0,"enemies":"Small Slimes","floor":8.0,"turns":6.0},{"damage":0,"enemies":"Lagavulin","floor":10,"turns":1}],"seed_played":"-1341927560638814780","potions_obtained":[{"floor":1.0,"key":"GamblersBrew"},{"floor":5.0,"key":"FearPotion"},{"floor":8.0,"key":"Block Potion"}],"is_trial":false,"path_per_floor":["M","?","T","?","M","E","R","M","T","E"],"character_chosen":"THE_SILENT","items_purchased":[],"campfire_rested":1,"item_purchase_floors":[],"current_hp_per_floor":[63,63,63,63,60,20,44,37,37,37,37],"gold":122,"neow_bonus":"ONE_RARE_RELIC","is_daily":false,"chose_seed":false,"campfire_upgraded":0,"win_rate":0.0,"timestamp":1608582482,"path_taken":["M","?","?","?","?","E","R","M","T","E"],"items_purchased_type":[],"build_version":"2020-12-13","purchased_purges":0,"victory":false,"max_hp_per_floor":[70,70,70,70,70,82,82,82,82,82,82],"card_choices":[{"not_picked":["All Out Attack","Skewer"],"picked":"Bane","floor":1.0},{"not_picked":["Calculated Gamble","PiercingWail"],"picked":"Expertise","floor":5.0},{"not_picked":["Prepared","Bane","Setup"],"picked":"Singing Bowl","floor":6.0},{"not_picked":["Reflex","Accuracy"],"picked":"Caltrops","floor":8.0}],"player_experience":378780,"relics_obtained":[{"floor":3.0,"key":"Singing Bowl"},{"floor":6.0,"key":"Pear"},{"floor":9.0,"key":"Bag of Marbles"}],"event_choices":[{"damage_healed":0.0,"max_hp_gain":0.0,"max_hp_loss":0.0,"gold_gain":0.0,"cards_transformed":["Strike_G"],"event_name":"Living Wall","player_choice":"Change","floor":2.0,"gold_loss":0.0,"damage_taken":0.0,"cards_obtained":["Phantasmal Killer"]},{"cards_removed":["Strike_G"],"damage_healed":0.0,"max_hp_gain":0.0,"max_hp_loss":0.0,"gold_gain":0.0,"event_name":"Purifier","player_choice":"Purged","floor":4.0,"gold_loss":0.0,"damage_taken":0.0}],"is_beta":false,"boss_relics":[],"items_purged_floors":[],"is_endless":false,"potions_floor_spawned":[1,5,8],"killed_by":"Lagavulin","ascension_level":10}}