{"host":"v4s5k3c6jywmeofl","time":1608521326,"event":{"mods":["Act Like it!","BaseMod","Colored Map","Downfall","Gensokyo","Hallownest","Hermit","Marisa????????","Minty Spire (QoL Compilation)","Quick Restart","Random Character Button","Rare Cards Sparkle","Replay The Spire","StSLib","The Animator","The Bug Knight","The Cursed","The Hierophant","The Servant 0.9.4"],"gold_per_floor":[109,109,121,24,24,24,134,173,196,196,237,292,22,127,127,246,246,277,730,794,544,591,667,667,731,731,845,898,890,890],"floor_reached":29,"playtime":1301,"items_purged":[],"score":492,"play_id":"fc1df188-28a3-46f0-938c-58d7acf623db","local_time":"20201220222846","is_ascension_mode":false,"campfire_choices":[{"data":"hierophant:PassingBell","floor":6,"key":"SMITH"},{"data":"hierophant:Smite","floor":10,"key":"SMITH"},{"floor":15,"key":"REST"},{"floor":24,"key":"REST"}],"circlet_count":0,"master_deck":["hierophant:Strike_Hierophant","hierophant:Strike_Hierophant","hierophant:Strike_Hierophant+1","hierophant:Strike_Hierophant","hierophant:Punish+1","hierophant:Defend_Hierophant","hierophant:Defend_Hierophant","hierophant:Defend_Hierophant","hierophant:Defend_Hierophant","hierophant:ChurchCoffers","hierophant:PassingBell+1","hierophant:MorningPrayer","hierophant:CursedGold","hierophant:CursedGold","hierophant:Doubloon","hierophant:Doubloon","hierophant:Doubloon","hierophant:Doubloon","hierophant:CoinFling","hierophant:Smite+1","hierophant:Doubloon","hierophant:Charity","hierophant:Zeal+1","hierophant:Smite","hierophant:Cornucopia","hierophant:RustyCrate","hierophant:Doubloon","hierophant:Doubloon","hierophant:Upheaval+1","hierophant:RustyCrate","hierophant:Doubloon","hierophant:Doubloon","hierophant:Cornucopia","hierophant:Doubloon","hierophant:Refuge","hierophant:Repentance"],"relics":["hierophant:PropheticMaskRelic","White Beast Statue","hierophant:DonationBoxRelic","Whetstone","Blood Vial","Strange Spoon","SlaversCollar","Hallownest:UnbreakableCardRelic","Pen Nib","Potion Belt"],"acts_visited":["Gensokyo:Gensokyo","Hallownest:CityofTears"],"potions_floor_usage":[28,29,29],"damage_taken":[{"damage":0,"enemies":"Gensokyo:Python","floor":1,"turns":1},{"damage":0,"enemies":"Gensokyo:3_Fairies","floor":3,"turns":1},{"damage":0,"enemies":"Gensokyo:Mamizou","floor":7,"turns":3},{"damage":8,"enemies":"Gensokyo:2_Kodama","floor":8,"turns":3},{"damage":4,"enemies":"Gensokyo:Gryphon_and_Rabbit","floor":11,"turns":4},{"damage":0,"enemies":"Gensokyo:3_Kodama","floor":12,"turns":2},{"damage":8,"enemies":"Gensokyo:VengefulSpirit","floor":14,"turns":3},{"damage":44,"enemies":"Gensokyo:Yukari","floor":16,"turns":5},{"damage":17,"enemies":"Hallownest:Guard_and_Sentry","floor":18,"turns":4},{"damage":0,"enemies":"Hallownest:3_Youths","floor":20,"turns":3},{"damage":23,"enemies":"Hallownest:Master_and_Novice","floor":22,"turns":3},{"damage":13,"enemies":"Hallownest:eliteWatcherKnight","floor":23,"turns":3},{"damage":17,"enemies":"Hallownest:monsterShrumalOgre","floor":25,"turns":3},{"damage":0,"enemies":"Hallownest:Nosk","floor":27,"turns":2},{"damage":33,"enemies":"Hallownest:monsterMisterMushroom","floor":28,"turns":5},{"damage":14,"enemies":"Hallownest:Glutton_and_Coward","floor":29,"turns":1}],"seed_played":"6341753036033288806","potions_obtained":[{"floor":1,"key":"GamblersBrew"},{"floor":3,"key":"Reflective Coating"},{"floor":8,"key":"GamblersBrew"},{"floor":18,"key":"Fruit Juice"},{"floor":28,"key":"LiquidBronze"}],"is_trial":false,"path_per_floor":["M","?","M","$","T","R","E","M","T","R","M","M","$","M","R","B",null,"M","?","M","?","M","E","R","M","T","E","M","M"],"character_chosen":"HIEROPHANT","items_purchased":["hierophant:CursedGold","hierophant:Doubloon","hierophant:Charity","hierophant:Zeal+1","Strange Spoon"],"campfire_rested":2,"item_purchase_floors":[4,4,13,13,13],"current_hp_per_floor":[75,60,60,60,60,60,60,52,52,52,50,52,52,46,68,26,75,58,58,60,60,39,28,50,35,35,37,11,0,0],"gold":890,"neow_bonus":"THREE_ENEMY_KILL","is_daily":false,"chose_seed":false,"campfire_upgraded":2,"win_rate":0.0,"timestamp":1608521326,"path_taken":["M","?","?","$","?","R","E","M","T","R","M","M","?","M","R","BOSS","M","?","M","?","M","E","R","M","T","E","M","M"],"items_purchased_type":["Card","Card","Card","Card","Relic"],"build_version":"2020-12-13","purchased_purges":0,"victory":false,"max_hp_per_floor":[75,75,75,75,75,75,75,75,75,75,75,75,75,75,75,75,75,75,75,75,75,75,75,75,75,75,75,80,80,80],"card_choices":[{"not_picked":["hierophant:Chorus","hierophant:SecretStash"],"picked":"hierophant:PassingBell","floor":1},{"not_picked":["hierophant:Upheaval","hierophant:SecretStash"],"picked":"hierophant:MorningPrayer","floor":3},{"not_picked":["hierophant:DisplayOfPower","hierophant:EyeForCoin"],"picked":"hierophant:CoinFling","floor":7},{"not_picked":["hierophant:Purify","hierophant:Encroach"],"picked":"hierophant:Smite","floor":8},{"not_picked":["hierophant:HammerAndAnvil","hierophant:ThreeLashes"],"picked":"hierophant:Doubloon","floor":11},{"not_picked":["hierophant:ArchangelShield","hierophant:FlamingChariot","hierophant:HammerAndAnvil"],"picked":"SKIP","floor":12},{"not_picked":["hierophant:DisplayOfPower","hierophant:Dazzle"],"picked":"hierophant:Smite","floor":14},{"not_picked":["hierophant:Levitation","hierophant:DeathKnell"],"picked":"hierophant:Cornucopia","floor":16},{"not_picked":["hierophant:Community","hierophant:Zeal"],"picked":"hierophant:RustyCrate","floor":18},{"not_picked":["hierophant:SealAway","hierophant:Blessing"],"picked":"hierophant:Upheaval+1","floor":20},{"not_picked":["hierophant:Shelter+1","hierophant:RecallFunds"],"picked":"hierophant:RustyCrate","floor":22},{"not_picked":["hierophant:OrnateJavelin+1","hierophant:Martyrdom"],"picked":"hierophant:Cornucopia","floor":23},{"not_picked":["hierophant:ThreeLashes+1","hierophant:EyeForCoin"],"picked":"hierophant:Refuge","floor":25},{"not_picked":["hierophant:Remorse","hierophant:DeathKnell"],"picked":"hierophant:Repentance","floor":27},{"not_picked":["hierophant:SealAway","hierophant:Sermon","hierophant:Levitation"],"picked":"SKIP","floor":28}],"player_experience":123395,"relics_obtained":[{"floor":5,"key":"hierophant:DonationBoxRelic"},{"floor":7,"key":"Whetstone"},{"floor":9,"key":"Blood Vial"},{"floor":23,"key":"Pen Nib"},{"floor":27,"key":"Potion Belt"}],"event_choices":[],"is_beta":false,"boss_relics":[{"not_picked":["Snecko Eye","Replay:Ancient Bell"],"picked":"SlaversCollar"}],"items_purged_floors":[],"is_endless":false,"potions_floor_spawned":[1,3,8,11,12,14,16,18,20,22,23,25,28],"killed_by":"Hallownest:Glutton_and_Coward","ascension_level":0}}