{"host":"vyt5ne9ydo1z9gg1","time":1608548199,"event":{"mods":["BaseMod","Curses Come First","DeckTracker","GifTheSpireLib","Minty Spire (QoL Compilation)","StSLib"],"gold_per_floor":[119,139,152,152,171,206,206,206,206,227,250,250,93,136,136,267,267,283,94,94,117,141,184,184,208,257,300,300,300,300,313,313,443,443,461,476,149,162,0,40,40,40,40,103,126,459,459,486,486,486,486],"floor_reached":50,"playtime":2672,"items_purged":["Injury","Defend_R"],"score":715,"play_id":"1de797eb-1b05-4b29-9726-39d62b7fd3e7","local_time":"20201221215639","is_ascension_mode":true,"campfire_choices":[{"floor":12.0,"key":"REST"},{"data":"Armaments","floor":15.0,"key":"SMITH"},{"floor":24.0,"key":"REST"},{"data":"True Grit","floor":28.0,"key":"SMITH"},{"data":"Perfected Strike","floor":30.0,"key":"SMITH"},{"data":"Searing Blow","floor":32.0,"key":"SMITH"},{"data":"Dual Wield","floor":41,"key":"SMITH"},{"floor":49,"key":"RECALL"}],"circlet_count":0,"master_deck":["Strike_R","Strike_R","Strike_R+1","Strike_R","Defend_R","Defend_R","Bash+1","Pommel Strike","Perfected Strike+1","Searing Blow+1","True Grit+1","Rampage","Armaments+1","Clothesline","Seeing Red","Reaper","Evolve","Fire Breathing+1","Whirlwind+1","Dual Wield+1","Iron Wave+1","Twin Strike","True Grit+1","Reaper","Perfected Strike+1","Cleave+1","Inflame","Flex+1","Sentinel+1","Ghostly Armor+1","Sentinel+1","Feel No Pain+1"],"relics":["Black Blood","NeowsBlessing","Magic Flower","Pocketwatch","Pen Nib","Shuriken","Mark of Pain","Sling","Whetstone","Dream Catcher","Pantograph","HandDrill","Red Mask","PreservedInsect","Incense Burner","Prayer Wheel"],"acts_visited":["Exordium","TheCity","TheBeyond"],"potions_floor_usage":[45,48,50,50],"damage_taken":[{"damage":0.0,"enemies":"Jaw Worm","floor":1.0,"turns":1.0},{"damage":0.0,"enemies":"Small Slimes","floor":2.0,"turns":1.0},{"damage":0.0,"enemies":"2 Louse","floor":3.0,"turns":1.0},{"damage":13.0,"enemies":"Red Slaver","floor":5.0,"turns":5.0},{"damage":53.0,"enemies":"3 Sentries","floor":6.0,"turns":10.0},{"damage":6.0,"enemies":"2 Fungi Beasts","floor":10.0,"turns":3.0},{"damage":10.0,"enemies":"Exordium Wildlife","floor":11.0,"turns":4.0},{"damage":19.0,"enemies":"Gremlin Nob","floor":14.0,"turns":4.0},{"damage":37.0,"enemies":"Hexaghost","floor":16.0,"turns":12.0},{"damage":19.0,"enemies":"Chosen","floor":18.0,"turns":5.0},{"damage":36.0,"enemies":"2 Thieves","floor":21.0,"turns":4.0},{"damage":17.0,"enemies":"3 Cultists","floor":22.0,"turns":4.0},{"damage":40.0,"enemies":"Slavers","floor":23.0,"turns":5.0},{"damage":63.0,"enemies":"Shelled Parasite and Fungi","floor":25.0,"turns":6.0},{"damage":0.0,"enemies":"Gremlin Leader","floor":27.0,"turns":6.0},{"damage":2.0,"enemies":"Cultist and Chosen","floor":31.0,"turns":4.0},{"damage":61.0,"enemies":"Champ","floor":33.0,"turns":9.0},{"damage":27.0,"enemies":"Orb Walker","floor":35.0,"turns":3.0},{"damage":46,"enemies":"3 Darklings","floor":36,"turns":4},{"damage":26,"enemies":"Jaw Worm Horde","floor":38,"turns":3},{"damage":30,"enemies":"Nemesis","floor":40,"turns":5},{"damage":13,"enemies":"Mind Bloom Boss Battle","floor":44,"turns":6},{"damage":48,"enemies":"Maw","floor":45,"turns":7},{"damage":25,"enemies":"Reptomancer","floor":48,"turns":4},{"damage":95,"enemies":"Time Eater","floor":50,"turns":10}],"seed_played":"7617299371127117212","potions_obtained":[{"floor":2.0,"key":"Weak Potion"},{"floor":6.0,"key":"Ancient Potion"},{"floor":14.0,"key":"Weak Potion"},{"floor":18.0,"key":"FearPotion"},{"floor":22.0,"key":"BlessingOfTheForge"},{"floor":25.0,"key":"EssenceOfSteel"},{"floor":29.0,"key":"BloodPotion"},{"floor":29.0,"key":"BloodPotion"},{"floor":29.0,"key":"HeartOfIron"},{"floor":31.0,"key":"GamblersBrew"},{"floor":40,"key":"Fire Potion"},{"floor":45,"key":"FearPotion"},{"floor":48,"key":"SkillPotion"}],"is_trial":false,"path_per_floor":["M","M","M","?","M","E","?","T","T","M","M","R","$","E","R","B",null,"M","$","?","M","M","E","R","M","T","E","R","?","R","M","R","B",null,"M","M","$","M","?","E","R","$","T","?","M","?","?","E","R","B"],"character_chosen":"IRONCLAD","items_purchased":["Seeing Red","Evolve","Sling","Inflame","HandDrill"],"campfire_rested":2,"item_purchase_floors":[13,19,19,37,37],"current_hp_per_floor":[80,80,80,80,73,26,26,26,26,29,28,52,52,42,42,14,80,78,78,78,62,54,23,47,17,17,26,26,58,58,74,74,28,80,77,80,80,80,80,68,68,68,68,80,80,80,80,73,73,0,0],"gold":486,"neow_bonus":"THREE_ENEMY_KILL","is_daily":false,"chose_seed":false,"campfire_upgraded":5,"win_rate":0.0,"timestamp":1608548199,"path_taken":["M","M","M","?","M","E","?","?","T","M","M","R","$","E","R","BOSS","M","$","?","M","M","E","R","M","T","E","R","?","R","?","R","BOSS","M","M","$","M","?","E","R","$","T","?","M","?","?","E","R","BOSS"],"items_purchased_type":["Card","Card","Relic","Card","Relic"],"build_version":"2020-12-13","purchased_purges":2,"victory":false,"max_hp_per_floor":[80,80,80,80,80,80,80,80,80,80,80,80,80,80,80,80,80,80,80,80,80,80,80,80,80,80,80,80,80,80,80,80,80,80,80,80,80,80,80,80,80,80,80,80,80,80,80,80,80,80,80],"card_choices":[{"not_picked":["Flex","Combust"],"picked":"Pommel Strike","floor":1.0},{"not_picked":["Blood for Blood","Reckless Charge","Burning Pact"],"picked":"SKIP","floor":2.0},{"not_picked":["Iron Wave","Clothesline"],"picked":"Perfected Strike","floor":3.0},{"not_picked":["Iron Wave","Pummel"],"picked":"True Grit","floor":5.0},{"not_picked":["Dropkick","Uppercut"],"picked":"Rampage","floor":6.0},{"not_picked":["Perfected Strike","Dual Wield"],"picked":"Armaments","floor":10.0},{"not_picked":["Heavy Blade","Body Slam"],"picked":"Clothesline","floor":11.0},{"not_picked":["Pummel","Dark Embrace","Flex"],"picked":"SKIP","floor":14.0},{"not_picked":["Fiend Fire","Limit Break"],"picked":"Reaper","floor":16.0},{"not_picked":["Havoc","Blood for Blood+1","Headbutt"],"picked":"SKIP","floor":18.0},{"not_picked":["Rampage","Cleave"],"picked":"Fire Breathing+1","floor":21.0},{"not_picked":["Havoc","Cleave"],"picked":"Whirlwind+1","floor":22.0},{"not_picked":["Intimidate","Impervious"],"picked":"Dual Wield","floor":23.0},{"not_picked":["Body Slam","Heavy Blade"],"picked":"Iron Wave+1","floor":25.0},{"not_picked":["Second Wind","Reckless Charge"],"picked":"Twin Strike","floor":27.0},{"not_picked":["Pommel Strike","Cleave"],"picked":"True Grit+1","floor":31.0},{"not_picked":["Offering","Bludgeon"],"picked":"Reaper","floor":33.0},{"not_picked":["Anger","Entrench+1"],"picked":"Perfected Strike+1","floor":35},{"not_picked":["Rupture","Thunderclap"],"picked":"Cleave+1","floor":36},{"not_picked":["Havoc+1","Intimidate+1"],"picked":"Flex+1","floor":38},{"not_picked":["Sever Soul+1","Clash+1"],"picked":"Sentinel+1","floor":40},{"not_picked":["Twin Strike","Feed"],"picked":"Ghostly Armor+1","floor":44},{"not_picked":["True Grit+1","Thunderclap+1"],"picked":"Sentinel+1","floor":45},{"not_picked":["Infernal Blade","Rupture+1"],"picked":"Feel No Pain+1","floor":48}],"player_experience":103848,"relics_obtained":[{"floor":6.0,"key":"Magic Flower"},{"floor":8.0,"key":"Pocketwatch"},{"floor":9.0,"key":"Pen Nib"},{"floor":14.0,"key":"Shuriken"},{"floor":23.0,"key":"Whetstone"},{"floor":26.0,"key":"Dream Catcher"},{"floor":27.0,"key":"Pantograph"},{"floor":40,"key":"PreservedInsect"},{"floor":44,"key":"Incense Burner"},{"floor":48,"key":"Prayer Wheel"}],"event_choices":[{"damage_healed":0.0,"max_hp_gain":0.0,"max_hp_loss":0.0,"gold_gain":0.0,"cards_transformed":["Defend_R"],"event_name":"Living Wall","player_choice":"Change","floor":4.0,"gold_loss":0.0,"damage_taken":0.0,"cards_obtained":["Searing Blow"]},{"damage_healed":0.0,"max_hp_gain":0.0,"max_hp_loss":0.0,"gold_gain":0.0,"event_name":"Golden Idol","player_choice":"Take Wound","floor":7.0,"gold_loss":0.0,"damage_taken":0.0,"relics_obtained":["Golden Idol"],"cards_obtained":["Injury"]},{"damage_healed":0.0,"max_hp_gain":0.0,"max_hp_loss":0.0,"gold_gain":0.0,"event_name":"Ghosts","player_choice":"Ignored","floor":20.0,"gold_loss":0.0,"damage_taken":0.0},{"damage_healed":0.0,"max_hp_gain":0.0,"max_hp_loss":0.0,"gold_gain":0.0,"event_name":"Lab","player_choice":"Got Potions","floor":29.0,"gold_loss":0.0,"damage_taken":0.0},{"damage_healed":0,"gold_gain":0,"player_choice":"Paid","damage_taken":0,"relics_obtained":["Red Mask"],"max_hp_gain":0,"max_hp_loss":0,"event_name":"Tomb of Lord Red Mask","floor":39,"gold_loss":162},{"damage_healed":0,"gold_gain":0,"player_choice":"Fight","damage_taken":0,"max_hp_gain":0,"max_hp_loss":0,"event_name":"MindBloom","floor":44,"gold_loss":0},{"damage_healed":0,"gold_gain":333,"player_choice":"Gave Idol","damage_taken":0,"max_hp_gain":0,"max_hp_loss":0,"event_name":"The Moai Head","floor":46,"relics_lost":["Golden Idol"],"gold_loss":0},{"cards_removed":["Strike_R"],"damage_healed":0,"gold_gain":0,"player_choice":"Removed Attack","damage_taken":0,"max_hp_gain":0,"max_hp_loss":0,"event_name":"Falling","floor":47,"gold_loss":0}],"is_beta":false,"boss_relics":[{"not_picked":["Calling Bell","SlaversCollar"],"picked":"Mark of Pain"},{"not_picked":["Sozu","Pandora\u0027s Box"],"picked":"Black Blood"}],"items_purged_floors":[13,37],"is_endless":false,"potions_floor_spawned":[2,6,14,18,22,25,31,40,45,48],"killed_by":"Time Eater","ascension_level":3}}