{"host":"3jjxuhjpio8e4zkv","time":1608512089,"event":{"mods":["BaseMod","Colored Map","Minty Spire (QoL Compilation)","Permanent Neow","Relic Stats","Slay the Relics Exporter","StSLib"],"gold_per_floor":[15,15,32,50,67,67,95,113,136,155,155,174,174,202,202,279,279,297,20,20,30,49,49,84,84,109,119,119,44,75,89,89,165,165,178,178,228,246,259,259,259,259],"floor_reached":41,"playtime":2463,"items_purged":["Strike_G"],"score":890,"play_id":"43c6f048-e984-47f4-b9c5-3b33dbaef621","local_time":"20201220195449","is_ascension_mode":true,"campfire_choices":[{"data":"A Thousand Cuts","floor":6,"key":"SMITH"},{"data":"All Out Attack","floor":11,"key":"SMITH"},{"data":"Infinite Blades","floor":13,"key":"SMITH"},{"data":"Footwork","floor":15,"key":"SMITH"},{"floor":23,"key":"REST"},{"data":"Wraith Form v2","floor":25,"key":"SMITH"},{"floor":32,"key":"REST"},{"floor":40,"key":"REST"}],"circlet_count":0,"master_deck":["AscendersBane","Strike_G","Strike_G","Strike_G","Defend_G","Defend_G","Defend_G","Defend_G","Defend_G","Survivor","Neutralize","A Thousand Cuts+1","Deflect","All Out Attack+1","Infinite Blades+1","Blade Dance","Noxious Fumes","Burst","Footwork+1","Wraith Form v2+1","PiercingWail","Accuracy","Endless Agony","Blade Dance","Deflect+1","Infinite Blades","After Image","Well Laid Plans","Backflip","Infinite Blades+1"],"relics":["Ring of the Snake","FaceOfCleric","Toy Ornithopter","Potion Belt","PreservedInsect","WristBlade","MutagenicStrength","Pen Nib","Dream Catcher","Lantern","Black Star"],"acts_visited":["Exordium","TheCity","TheBeyond"],"potions_floor_usage":[7,12,14,16,35,41,41,41],"damage_taken":[{"damage":0,"enemies":"2 Louse","floor":1,"turns":4},{"damage":0,"enemies":"Cultist","floor":3,"turns":5},{"damage":3,"enemies":"Small Slimes","floor":4,"turns":5},{"damage":1,"enemies":"Looter","floor":5,"turns":4},{"damage":11,"enemies":"3 Sentries","floor":7,"turns":3},{"damage":1,"enemies":"2 Fungi Beasts","floor":8,"turns":3},{"damage":9,"enemies":"Blue Slaver","floor":10,"turns":4},{"damage":2,"enemies":"Large Slime","floor":12,"turns":4},{"damage":1,"enemies":"Gremlin Nob","floor":14,"turns":4},{"damage":6,"enemies":"The Guardian","floor":16,"turns":11},{"damage":19,"enemies":"Spheric Guardian","floor":18,"turns":6},{"damage":19,"enemies":"Chosen","floor":21,"turns":4},{"damage":6,"enemies":"3 Cultists","floor":22,"turns":6},{"damage":5,"enemies":"Slavers","floor":24,"turns":5},{"damage":14,"enemies":"Snake Plant","floor":27,"turns":4},{"damage":4,"enemies":"Gremlin Leader","floor":30,"turns":5},{"damage":9,"enemies":"Shelled Parasite and Fungi","floor":31,"turns":3},{"damage":28,"enemies":"Automaton","floor":33,"turns":9},{"damage":35,"enemies":"3 Darklings","floor":35,"turns":5},{"damage":0,"enemies":"Orb Walker","floor":38,"turns":4},{"damage":31,"enemies":"Jaw Worm Horde","floor":39,"turns":5},{"damage":98,"enemies":"Reptomancer","floor":41,"turns":4}],"seed_played":"-6449864121448425837","potions_obtained":[{"floor":5,"key":"AttackPotion"},{"floor":7,"key":"Block Potion"},{"floor":10,"key":"PowerPotion"},{"floor":14,"key":"ColorlessPotion"},{"floor":16,"key":"PowerPotion"},{"floor":22,"key":"Weak Potion"},{"floor":33,"key":"LiquidBronze"},{"floor":35,"key":"EssenceOfSteel"}],"is_trial":false,"path_per_floor":["M","?","M","M","M","R","E","M","T","M","R","M","R","E","R","B",null,"M","$","?","M","M","R","E","R","T","M","?","?","E","M","R","B",null,"M","?","?","M","M","R","E"],"character_chosen":"THE_SILENT","items_purchased":["FairyPotion","Accuracy"],"campfire_rested":3,"item_purchase_floors":[19,19],"current_hp_per_floor":[59,59,60,58,58,58,48,48,48,40,40,44,44,49,49,49,69,51,51,51,33,28,51,47,47,47,34,34,34,31,23,47,20,67,38,38,38,39,9,33,0,0],"gold":259,"neow_bonus":"THREE_RARE_CARDS","is_daily":false,"chose_seed":false,"campfire_upgraded":5,"win_rate":0.0,"timestamp":1608512089,"path_taken":["M","?","M","?","M","R","E","M","T","M","R","M","R","E","R","BOSS","M","$","?","M","M","R","E","R","T","M","?","?","E","?","R","BOSS","M","?","?","M","M","R","E"],"items_purchased_type":["Potion","Card"],"build_version":"2020-12-13","purchased_purges":1,"victory":false,"max_hp_per_floor":[66,66,67,68,69,69,70,71,71,72,72,73,73,74,74,75,75,76,76,76,77,78,78,79,79,79,80,80,80,81,82,82,83,83,84,80,80,81,82,82,82,82],"relic_stats":{"Dream Catcher":2,"FaceOfCleric":20,"counters":[22,107],"PreservedInsect":150,"Pen Nib":[11],"Black Star":0,"obtain_stats":[{"Potion Belt":9,"Dream Catcher":26,"Lantern":30,"FaceOfCleric":2,"WristBlade":17,"MutagenicStrength":20,"PreservedInsect":14,"Pen Nib":24,"Black Star":34,"Toy Ornithopter":7,"Ring of the Snake":0},{"Potion Belt":6,"Dream Catcher":14,"Lantern":16,"FaceOfCleric":1,"WristBlade":10,"MutagenicStrength":11,"PreservedInsect":9,"Pen Nib":14,"Black Star":18,"Toy Ornithopter":5,"Ring of the Snake":0},{"Potion Belt":24,"Dream Catcher":68,"Lantern":77,"FaceOfCleric":4,"WristBlade":47,"MutagenicStrength":53,"PreservedInsect":36,"Pen Nib":68,"Black Star":89,"Toy Ornithopter":21,"Ring of the Snake":0}],"Toy Ornithopter":35,"Ring of the Snake":[44]},"card_choices":[{"not_picked":["Tools of the Trade","Wraith Form v2"],"picked":"A Thousand Cuts","floor":0},{"not_picked":["Acrobatics","Outmaneuver"],"picked":"Deflect","floor":1},{"not_picked":["Reflex","Setup"],"picked":"All Out Attack","floor":3},{"not_picked":["Dagger Spray","Well Laid Plans"],"picked":"Infinite Blades","floor":4},{"not_picked":["Caltrops","Masterful Stab"],"picked":"Blade Dance","floor":5},{"not_picked":["Slice","Blur"],"picked":"Noxious Fumes","floor":7},{"not_picked":["Bane","Acrobatics"],"picked":"Burst","floor":8},{"not_picked":["Dodge and Roll","Outmaneuver","Deflect"],"picked":"SKIP","floor":10},{"not_picked":["Escape Plan","Finisher"],"picked":"Footwork","floor":12},{"not_picked":["Eviscerate","Endless Agony","Backstab"],"picked":"SKIP","floor":14},{"not_picked":["Doppelganger","Tools of the Trade"],"picked":"Wraith Form v2","floor":16},{"not_picked":["Cloak And Dagger","Outmaneuver"],"picked":"PiercingWail","floor":18},{"not_picked":["Slice","Dodge and Roll"],"picked":"Endless Agony","floor":21},{"not_picked":["Quick Slash","Deadly Poison"],"picked":"Blade Dance","floor":22},{"not_picked":["PiercingWail","Flechettes"],"picked":"Deflect+1","floor":24},{"not_picked":["Eviscerate","Envenom","Dagger Throw+1"],"picked":"SKIP","floor":27},{"not_picked":["Blade Dance","Bane","Blur"],"picked":"SKIP","floor":30},{"not_picked":["Dodge and Roll","Calculated Gamble"],"picked":"Infinite Blades","floor":31},{"not_picked":["Dagger Spray","Bane"],"picked":"After Image","floor":32},{"not_picked":["Choke","Deadly Poison"],"picked":"Well Laid Plans","floor":35},{"not_picked":["Acrobatics","Underhanded Strike+1"],"picked":"Backflip","floor":38},{"not_picked":["Acrobatics","Grand Finale","Prepared"],"picked":"SKIP","floor":39},{"not_picked":["Catalyst","Cloak And Dagger"],"picked":"Infinite Blades+1","floor":40}],"player_experience":1066447,"relics_obtained":[{"floor":7,"key":"Toy Ornithopter"},{"floor":9,"key":"Potion Belt"},{"floor":14,"key":"PreservedInsect"},{"floor":24,"key":"Pen Nib"},{"floor":26,"key":"Dream Catcher"},{"floor":30,"key":"Lantern"}],"event_choices":[{"damage_healed":0,"gold_gain":0,"player_choice":"Trade","damage_taken":0,"relics_obtained":["FaceOfCleric"],"max_hp_gain":0,"max_hp_loss":0,"event_name":"FaceTrader","floor":2,"gold_loss":0},{"damage_healed":0,"gold_gain":0,"player_choice":"Inject Mutagens","damage_taken":0,"relics_obtained":["MutagenicStrength"],"max_hp_gain":0,"max_hp_loss":0,"event_name":"Drug Dealer","floor":20,"gold_loss":0},{"damage_healed":0,"gold_gain":0,"player_choice":"Ignored","damage_taken":0,"max_hp_gain":0,"max_hp_loss":0,"event_name":"Cursed Tome","floor":28,"gold_loss":0},{"cards_removed":["Strike_G"],"damage_healed":0,"gold_gain":0,"player_choice":"Gave Gold","damage_taken":0,"max_hp_gain":0,"max_hp_loss":0,"event_name":"Beggar","floor":29,"gold_loss":75},{"damage_healed":0,"gold_gain":0,"player_choice":"Max HP","damage_taken":0,"max_hp_gain":0,"max_hp_loss":4,"event_name":"Winding Halls","floor":36,"gold_loss":0},{"damage_healed":0,"gold_gain":50,"player_choice":"Pray","damage_taken":0,"max_hp_gain":0,"max_hp_loss":0,"event_name":"Golden Shrine","floor":37,"gold_loss":0}],"is_beta":false,"boss_relics":[{"not_picked":["Runic Dome","Cursed Key"],"picked":"WristBlade"},{"not_picked":["Tiny House","Busted Crown"],"picked":"Black Star"}],"items_purged_floors":[19],"is_endless":false,"potions_floor_spawned":[5,7,10,14,16,22,33,35],"killed_by":"Reptomancer","ascension_level":20}}