{"host":"5gc11emcm5chfr5t","time":1608540283,"event":{"mods":["2.2 Compatiblity","AchievementEnabler","BaseMod","Bestiary","Better Note","Colored Map","Colored Powertips","Downfall","Googly Eyes","Minty Spire (QoL Compilation)","Rare Cards Sparkle","StSLib"],"gold_per_floor":[113,113,113,131,206,206,206,206,206,75,90,90,90,90,90],"floor_reached":14,"playtime":312,"items_purged":[],"score":152,"play_id":"b60fa91f-7035-40c7-976b-093affbbc953","local_time":"20201221034443","is_ascension_mode":true,"campfire_choices":[{"floor":6,"key":"RECALL"},{"data":"sneckomod:SnekBite","floor":8,"key":"SMITH"}],"circlet_count":0,"master_deck":["AscendersBane","sneckomod:Strike","sneckomod:Strike","sneckomod:Strike","sneckomod:Defend","sneckomod:Defend","sneckomod:Defend","sneckomod:TailWhip","sneckomod:SnekBite+1","sneckomod:Unknown","sneckomod:Unknown","sneckomod:UnknownUncommonAttack","sneckomod:Unknown2Cost","sneckomod:Bewildered","expansioncontent:TimeRipple","sneckomod:WideSting","sneckomod:IronFang"],"relics":["sneckomod:SneckoSoul","NeowsBlessing","Golden Idol","Mango","sneckomod:ConfusingCodex"],"acts_visited":["Exordium"],"potions_floor_usage":[14],"damage_taken":[{"damage":0,"enemies":"2 Louse","floor":1,"turns":1},{"damage":0,"enemies":"Small Slimes","floor":4,"turns":1},{"damage":0,"enemies":"Jaw Worm","floor":11,"turns":1},{"damage":71,"enemies":"Lagavulin","floor":14,"turns":12}],"seed_played":"660487518395136372","potions_obtained":[{"floor":1,"key":"SkillPotion"}],"is_trial":false,"path_per_floor":["M","?","?","M","?","R","?","R","T","$","M","?","$","E"],"character_chosen":"THE_SNECKO","items_purchased":["expansioncontent:TimeRipple","sneckomod:WideSting"],"campfire_rested":0,"item_purchase_floors":[10,10],"current_hp_per_floor":[76,76,76,77,66,66,80,80,80,80,80,62,62,0,0],"gold":90,"neow_bonus":"THREE_ENEMY_KILL","is_daily":false,"chose_seed":false,"campfire_upgraded":1,"win_rate":0.0,"timestamp":1608540283,"path_taken":["M","?","?","M","?","R","?","R","T","$","M","?","?","E"],"items_purchased_type":["Card","Card"],"build_version":"2020-12-13","purchased_purges":0,"victory":false,"max_hp_per_floor":[84,76,76,77,77,77,91,91,91,91,91,91,91,91,91],"card_choices":[{"not_picked":["sneckomod:UnknownVulnerable","sneckomod:IronFang"],"picked":"sneckomod:UnknownUncommonAttack","floor":1},{"not_picked":["sneckomod:DiceBlock","sneckomod:RainOfDice"],"picked":"sneckomod:Unknown2Cost","floor":4},{"not_picked":["sneckomod:Nope","sneckomod:UnknownStrike"],"picked":"sneckomod:IronFang","floor":11}],"player_experience":464629,"relics_obtained":[],"event_choices":[{"damage_healed":0,"gold_gain":0,"player_choice":"Lose Max HP","damage_taken":0,"relics_obtained":["Golden Idol"],"max_hp_gain":0,"max_hp_loss":8,"event_name":"Golden Idol","floor":2,"gold_loss":0},{"damage_healed":0,"gold_gain":0,"player_choice":"Leave","damage_taken":0,"max_hp_gain":0,"max_hp_loss":0,"event_name":"The Cleric","floor":3,"gold_loss":0},{"damage_healed":0,"gold_gain":75,"player_choice":"Gather Gold","damage_taken":11,"max_hp_gain":0,"max_hp_loss":0,"event_name":"World of Goop","floor":5,"gold_loss":0},{"damage_healed":0,"gold_gain":0,"player_choice":"Success","damage_taken":18,"relics_obtained":["sneckomod:ConfusingCodex"],"max_hp_gain":0,"max_hp_loss":0,"event_name":"Scrap Ooze","floor":12,"gold_loss":0}],"is_beta":false,"boss_relics":[],"items_purged_floors":[],"is_endless":false,"potions_floor_spawned":[1],"killed_by":"Lagavulin","ascension_level":20}}