{"host":"dsxpg2dh2uupq0t9","time":1608522019,"event":{"mods":["Act Like it!","Aspiration","BaseMod","Better Note","Better Skull","BetterRewards","Colored Powertips","DeckTracker","Halation","Hallownest","Hubris","Minty Spire (QoL Compilation)","Replay The Spire","Shop Mod","Spicy Shops","StSLib"],"gold_per_floor":[109,109,120,120,137,137,171,171,196,196,225,225,240,275,275,370,370,389,9,9,9,9,9,0,18,18,18,34,34,34,34,122,122,122],"floor_reached":33,"playtime":1373,"items_purged":["Languid"],"score":355,"play_id":"573caecf-397b-405f-b4d1-e30cdd1d7e64","local_time":"20201220224019","is_ascension_mode":true,"campfire_choices":[{"data":"Infernal Blade","floor":6,"key":"SMITH"},{"floor":8,"key":"REST"},{"floor":10,"key":"RECALL"},{"data":"Bash","floor":12,"key":"SMITH"},{"floor":15,"key":"REST"},{"data":"Spot Weakness","floor":23,"key":"SMITH"},{"data":"Shockwave","floor":27,"key":"SMITH"},{"data":"Immolate","floor":30,"key":"SMITH"}],"circlet_count":0,"master_deck":["Strike_R","Strike_R","Strike_R","Strike_R","Strike_R","Defend_R","Defend_R","Defend_R","Defend_R","Bash+1","Bandage Up","Headbutt","Infernal Blade+1","Twin Strike","ReplayTheSpireMod:Stacked","Rampage","Shockwave+1","Limit Break","Immolate+1","Spot Weakness+1","Heavy Blade","Clash","Intimidate+1"],"relics":["Burning Blood","halation:EternalFortune","Ring of Fury","Vajra","Bottled Lightning","Charon\u0027s Ashes","Busted Crown","Onion Ring","MutagenicStrength","hubris:Towel","Paper Frog"],"acts_visited":["Exordium","TheCity"],"potions_floor_usage":[16,33,33],"damage_taken":[{"damage":7,"enemies":"2 Louse","floor":1,"turns":4},{"damage":5,"enemies":"Small Slimes","floor":3,"turns":3},{"damage":11,"enemies":"Jaw Worm","floor":5,"turns":3},{"damage":32,"enemies":"Lagavulin","floor":7,"turns":5},{"damage":0,"enemies":"Gremlin Nob","floor":11,"turns":2},{"damage":0,"enemies":"3 Louse","floor":13,"turns":1},{"damage":26,"enemies":"Lagavulin","floor":14,"turns":5},{"damage":42,"enemies":"The Guardian","floor":16,"turns":8},{"damage":0,"enemies":"Spheric Guardian","floor":18,"turns":1},{"damage":0,"enemies":"2 Thieves","floor":25,"turns":1},{"damage":0,"enemies":"Snecko","floor":28,"turns":3},{"damage":98,"enemies":"Automaton","floor":33,"turns":8}],"seed_played":"1937099070352647661","potions_obtained":[{"floor":7,"key":"SkillPotion"},{"floor":11,"key":"LiquidMemories"},{"floor":16,"key":"SteroidPotion"},{"floor":18,"key":"Swift Potion"},{"floor":25,"key":"ColorlessPotion"},{"floor":31,"key":"Dexterity Potion"}],"is_trial":false,"path_per_floor":["M","?","M","?","M","R","E","R","T","R","E","R","M","E","R","B",null,"M","$","?","?","?","R","?","M","T","R","M","?","R","?","R","B"],"character_chosen":"IRONCLAD","items_purchased":["Onion Ring","Heavy Blade"],"campfire_rested":2,"item_purchase_floors":[19,19],"current_hp_per_floor":[80,83,86,86,85,85,63,86,86,86,86,86,86,70,86,57,81,89,89,89,89,89,89,89,89,89,89,89,89,89,89,89,0,0],"gold":122,"neow_bonus":"RANDOM_COLORLESS","is_daily":false,"chose_seed":false,"campfire_upgraded":5,"win_rate":0.0,"timestamp":1608522019,"path_taken":["M","?","M","?","M","R","E","R","T","R","E","R","M","E","R","BOSS","M","$","?","?","?","R","?","?","T","R","M","?","R","?","R","BOSS"],"items_purchased_type":["Relic","Card"],"build_version":"2020-12-13","purchased_purges":1,"victory":false,"max_hp_per_floor":[80,83,86,86,86,86,86,86,86,86,86,86,86,86,86,89,89,89,89,89,89,89,89,89,89,89,89,89,89,89,89,89,89,89],"card_choices":[{"not_picked":["Madness","Forethought"],"picked":"Bandage Up","floor":0},{"not_picked":["hubris:CleavingFinish","Clothesline"],"picked":"Headbutt","floor":1},{"not_picked":["Twin Strike","Wild Strike"],"picked":"Infernal Blade","floor":3},{"not_picked":["ReplayTheSpireMod:Corrosion Curse","Headbutt"],"picked":"Twin Strike","floor":5},{"not_picked":["Metallicize","True Grit"],"picked":"ReplayTheSpireMod:Stacked","floor":7},{"not_picked":["Warcry","hubris:SharpeningStone"],"picked":"Rampage","floor":11},{"not_picked":["Feel No Pain","Clothesline"],"picked":"Shockwave","floor":13},{"not_picked":["Warcry","ReplayTheSpireMod:Stacked"],"picked":"Limit Break","floor":14},{"not_picked":["Double Tap","Demonic Infusion"],"picked":"Immolate","floor":16},{"not_picked":[],"picked":"Spot Weakness","floor":18},{"not_picked":[],"picked":"Clash","floor":25},{"not_picked":[],"picked":"Intimidate+1","floor":28}],"player_experience":620948,"relics_obtained":[{"floor":3,"key":"halation:EternalFortune"},{"floor":4,"key":"Ring of Fury"},{"floor":7,"key":"Vajra"},{"floor":11,"key":"Bottled Lightning"},{"floor":14,"key":"Charon\u0027s Ashes"},{"floor":16,"key":"halation:EternalFortune"},{"floor":26,"key":"Paper Frog"}],"event_choices":[{"damage_healed":0,"gold_gain":0,"player_choice":"Inject Mutagens","damage_taken":0,"relics_obtained":["MutagenicStrength"],"max_hp_gain":0,"max_hp_loss":0,"event_name":"Drug Dealer","floor":20,"gold_loss":0},{"damage_healed":0,"gold_gain":0,"player_choice":"Paid Fearfully","damage_taken":0,"max_hp_gain":0,"max_hp_loss":0,"event_name":"Masked Bandits","floor":24,"gold_loss":9},{"damage_healed":0,"gold_gain":0,"player_choice":"Ignored","damage_taken":0,"max_hp_gain":0,"max_hp_loss":0,"event_name":"Vampires","floor":29,"gold_loss":0},{"damage_healed":0,"gold_gain":0,"player_choice":"Got Potions","damage_taken":0,"max_hp_gain":0,"max_hp_loss":0,"event_name":"Lab","floor":31,"gold_loss":0}],"is_beta":false,"boss_relics":[{"not_picked":["hubris:Stopwatch","Electric Blood"],"picked":"Busted Crown"}],"items_purged_floors":[19],"is_endless":false,"potions_floor_spawned":[7,11,16,18,25],"killed_by":"Automaton","ascension_level":5}}