{"host":"6a06qhlf17v5rcww","time":1608533498,"event":{"mods":["BaseMod","Beaked The Cultist","Better Altar","Better Match","Better Note","Better Sensory Stone","Better Skull","Better Third Choice","BetterRewards","Downfall","Hermit","Minty Spire (QoL Compilation)","Rare Cards Sparkle","Replay The Spire","StSLib","The Cursed","The Witch"],"gold_per_floor":[99,132,307,307,307,232,232,157,157,157,157,176,176,176,194,194,194,194],"floor_reached":16,"playtime":815,"items_purged":[],"score":119,"play_id":"993b1da8-e878-4682-8665-48f6a38081c1","local_time":"20201221015138","is_ascension_mode":false,"campfire_choices":[{"floor":1,"key":"RECALL"},{"floor":6,"key":"DIG"},{"floor":8,"key":"DIG"},{"floor":10,"key":"DIG"}],"circlet_count":0,"master_deck":["champ:Strike","champ:Strike","champ:Strike","champ:Strike","champ:Defend","champ:Defend","champ:Defend","champ:Defend","champ:Execute","champ:Taunt","champ:AdrenalArmor","Doubt","champ:RisingSlash","champ:StanceDance","champ:Taunt","Replay:BasicMightCard","champ:FlashCut","Undo","champ:CalledShot"],"relics":["champ:ChampionCrown","downfall:HeartsMalice","Shovel","downfall:BrokenWingStatue","downfall:HeartBlessingRed","Regal Pillow","downfall:HeartBlessingBlue","Quantum Egg","Bottled Lightning","Pondfish Scales","Singing Bowl"],"acts_visited":["Exordium"],"potions_floor_usage":[16,16],"damage_taken":[{"damage":0,"enemies":"Lagavulin","floor":2,"turns":1},{"damage":0,"enemies":"Small Slimes","floor":5,"turns":1},{"damage":0,"enemies":"2 Louse","floor":9,"turns":1},{"damage":21,"enemies":"Jaw Worm","floor":12,"turns":4},{"damage":4,"enemies":"2 Fungi Beasts","floor":15,"turns":3},{"damage":98,"enemies":"downfall:Defect","floor":16,"turns":10}],"seed_played":"368809800856162342","potions_obtained":[{"floor":2,"key":"Energy Potion"},{"floor":15,"key":"Guardian:BlockOnCardUsePotion"}],"is_trial":false,"path_per_floor":["R","E","?","?","M","R","T","R","M","R","?","M","T","?","M","B"],"character_chosen":"THE_CHAMP","items_purchased":[],"campfire_rested":0,"item_purchase_floors":[],"current_hp_per_floor":[90,90,90,90,90,90,90,100,100,100,100,89,89,73,71,0,0,0],"gold":194,"neow_bonus":"THREE_ENEMY_KILL","is_daily":false,"chose_seed":false,"campfire_upgraded":0,"win_rate":0.0,"timestamp":1608533498,"path_taken":["R","E","?","?","M","R","T","R","?","R","?","?","?","?","M","BOSS"],"items_purchased_type":[],"build_version":"2020-12-13","purchased_purges":0,"victory":false,"max_hp_per_floor":[90,90,90,90,90,90,90,100,100,100,100,100,100,100,100,100,100,100],"card_choices":[{"not_picked":["champ:ShieldWall","champ:BerserkersShout"],"picked":"champ:AdrenalArmor","floor":2},{"not_picked":["champ:BerserkersShout","champ:FlashCut"],"picked":"champ:RisingSlash","floor":5},{"not_picked":["champ:FightOn","champ:GladiatorStyle"],"picked":"champ:StanceDance","floor":9},{"not_picked":["champ:BladeFlurry","champ:Backstep"],"picked":"champ:FlashCut","floor":12},{"not_picked":["champ:PerfectedStrike","champ:BladeFlurry"],"picked":"champ:CalledShot","floor":15}],"player_experience":702342,"relics_obtained":[{"floor":2,"key":"Shovel"},{"floor":6,"key":"Regal Pillow"},{"floor":8,"key":"Quantum Egg"},{"floor":10,"key":"Bottled Lightning"},{"floor":13,"key":"Pondfish Scales"}],"event_choices":[],"is_beta":false,"boss_relics":[],"items_purged_floors":[],"is_endless":false,"potions_floor_spawned":[2,15],"killed_by":"downfall:Defect","ascension_level":0}}