{"host":"pew4fjlaqz7m1maf","time":1608523867,"event":{"mods":["AchievementEnabler","Act Like it!","Bartender","BaseMod","Bestiary","Booster Modes","Colored Map","Colored Powertips","Curses Come First","DeckTracker","Duelist Mod","GifTheSpireLib","Hallownest","Hero for Fun","Hyrulean Relics","Jedi Mod","Kalas","LagranYue(ùfäiòNÅEåé)","Magitek Elite","MarisaÅiñ∂âJÅ@ñÇóùçπÅj","Melee Mod","Minty Spire (QoL Compilation)","Prisma Mod","Quick Restart","Random Character Button","Rare Cards Sparkle","Relic Stats","Replay The Spire","SOSÅiézîb?îVéqÅj","StSLib","Td1madao Mod","The Animator","The Bug Knight","The Mystic","The Senshi","The Servant 0.9.4","The Wild Card","TheHero","TheWitcher","Uncapped","Waifu the Spire","Åyå˜î\ModÅz?ñæìIç≈?Boss"],"gold_per_floor":[231,260,260,260,290,290,290,332,357,388,750,762,801,813,844,856,868,989,1101,1113,1113],"floor_reached":20,"playtime":1834,"items_purged":[],"score":197,"play_id":"9e9d1928-2090-4750-8409-015467959b97","local_time":"20201220211107","is_ascension_mode":false,"campfire_choices":[{"floor":14,"key":"REST"},{"floor":17,"key":"REST"}],"circlet_count":0,"master_deck":["animator:Strike_Konosuba","animator:Defend_Konosuba","animator:Strike","animator:Strike","animator:Strike","animator:Defend","animator:Defend","animator:Kazuma","animator:Aqua","animator:Mitsurugi+1","animator:NagisaMomoe","animator:Mitsurugi","animator:Togame","animator:KyokoSakura","animator:Vanir","Decay","Iron Wave","animator:Kyubey","Parasite"],"relics":["animator:LivingPicture","animator:TheMissingPiece","LagranYue:RandomDrawCardRelic","Ring of Hypnosis","ReplayTheSpireMod:Ring of Collecting","MawBank","Omamori","Ring of Greed","Old Coin","Blue Doll","Bag of Preparation","Blood Vial","Replay:Wanted Poster"],"acts_visited":["Exordium","TheCity"],"potions_floor_usage":[18,18],"damage_taken":[{"damage":0.0,"enemies":"Small Slimes","floor":1.0,"turns":7.0},{"damage":0.0,"enemies":"Cultist","floor":2.0,"turns":4.0},{"damage":0.0,"enemies":"Jaw Worm","floor":5.0,"turns":4.0},{"damage":35,"enemies":"Gremlin Nob","floor":8,"turns":5},{"damage":11,"enemies":"Blue Slaver","floor":9,"turns":5},{"damage":13,"enemies":"Large Slime","floor":10,"turns":11},{"damage":0,"enemies":"Red Slaver","floor":15,"turns":6},{"damage":19,"enemies":"Hexaghost","floor":18,"turns":11},{"damage":143,"enemies":"Spheric Guardian","floor":20,"turns":3}],"seed_played":"-3302536991246450082","potions_obtained":[{"floor":10,"key":"BlessingOfTheForge"},{"floor":15,"key":"animator:FalseLifePotion"}],"is_trial":false,"path_per_floor":["M","M","PTL","PTL","M","?","?","E","M","M","T","?","T","R","M","?","R","B",null,"M"],"character_chosen":"THE_ANIMATOR","items_purchased":[],"campfire_rested":2,"item_purchase_floors":[],"current_hp_per_floor":[66,66,66,66,66,66,66,31,22,12,12,12,12,32,37,37,57,43,68,0,0],"gold":1113,"neow_bonus":"HUNDRED_GOLD","is_daily":false,"chose_seed":false,"campfire_upgraded":0,"win_rate":0.0,"timestamp":1608523867,"path_taken":["M","M","PTL","PTL","M","?","?","E","?","M","T","?","?","R","M","?","R","BOSS","M"],"items_purchased_type":[],"build_version":"2020-12-13","purchased_purges":0,"victory":false,"max_hp_per_floor":[66,66,66,66,66,66,66,66,66,67,67,67,67,67,68,68,68,68,68,68,68],"relic_stats":{"Blood Vial":4,"counters":[9,56],"Bag of Preparation":[6],"MawBank":156,"obtain_stats":[{"LagranYue:RandomDrawCardRelic":0,"Ring of Hypnosis":6,"animator:TheMissingPiece":0,"Blue Doll":11,"Omamori":8,"Bag of Preparation":11,"Ring of Greed":11,"MawBank":7,"Old Coin":11,"Blood Vial":13,"Replay:Wanted Poster":19,"ReplayTheSpireMod:Ring of Collecting":6,"animator:LivingPicture":0},{"LagranYue:RandomDrawCardRelic":0,"Ring of Hypnosis":3,"animator:TheMissingPiece":0,"Blue Doll":6,"Omamori":4,"Bag of Preparation":6,"Ring of Greed":6,"MawBank":3,"Old Coin":6,"Blood Vial":6,"Replay:Wanted Poster":8,"ReplayTheSpireMod:Ring of Collecting":3,"animator:LivingPicture":0},{"LagranYue:RandomDrawCardRelic":0,"Ring of Hypnosis":15,"animator:TheMissingPiece":0,"Blue Doll":36,"Omamori":20,"Bag of Preparation":36,"Ring of Greed":36,"MawBank":15,"Old Coin":36,"Blood Vial":36,"Replay:Wanted Poster":53,"ReplayTheSpireMod:Ring of Collecting":15,"animator:LivingPicture":0}]},"card_choices":[{"not_picked":["animator:Shuna","animator:Berserker"],"picked":"animator:Mitsurugi","floor":1.0},{"not_picked":["animator:TukaLunaMarceau","animator:CowGirl"],"picked":"animator:NagisaMomoe","floor":2.0},{"not_picked":["animator:Spearman","animator:Assassin"],"picked":"animator:Souei","floor":5.0},{"not_picked":["animator:Kazuma","animator:Verdia"],"picked":"animator:Mitsurugi","floor":8},{"not_picked":["animator:Arpeggio","animator:Rider"],"picked":"animator:Togame","floor":9},{"not_picked":["animator:Konayuki","animator:Shichika"],"picked":"animator:KyokoSakura","floor":10},{"not_picked":["animator:Assassin","animator:EmiyaShirou"],"picked":"animator:Vanir","floor":15},{"not_picked":["animator:Biyorigo","animator:GoblinSlayer"],"picked":"animator:Kyubey","floor":18}],"player_experience":63721,"relics_obtained":[{"floor":6.0,"key":"Ring of Hypnosis"},{"floor":6.0,"key":"ReplayTheSpireMod:Ring of Collecting"},{"floor":8,"key":"Omamori"},{"floor":11,"key":"Ring of Greed"},{"floor":11,"key":"Old Coin"},{"floor":11,"key":"Blue Doll"},{"floor":11,"key":"Bag of Preparation"},{"floor":13,"key":"Blood Vial"}],"event_choices":[{"cards_removed":["animator:Souei"],"damage_healed":0.0,"max_hp_gain":0.0,"max_hp_loss":0.0,"gold_gain":0.0,"event_name":"WeMeetAgain","player_choice":"Gave Card","floor":7.0,"gold_loss":0.0,"damage_taken":0.0,"relics_obtained":["MawBank"]},{"cards_removed":["animator:Defend"],"damage_healed":0,"gold_gain":0,"player_choice":"Took Card","damage_taken":0,"max_hp_gain":0,"max_hp_loss":0,"event_name":"NoteForYourself","floor":16,"gold_loss":0,"cards_obtained":["Iron Wave"]}],"is_beta":false,"boss_relics":[{"not_picked":["animator:CursedBlade","ReplayTheSpireMod:DimensionalGlitch"],"picked":"Replay:Wanted Poster"}],"items_purged_floors":[],"is_endless":false,"potions_floor_spawned":[10,15],"killed_by":"Spheric Guardian","ascension_level":0}}