{"host":"ek0z0lqzh47k8ua6","time":1608535921,"event":{"mods":["Act Like it!","BaseMod","CapriCore","Chen","Custom Start","Force Act Four","Gensokyo","Hubris","Infinite Spire","Koishi","Marisa????????","Mimic Mod","Minty Spire (QoL Compilation)","Prisma Mod","Reimu??????","Relic Stats","Remilia??????","StSLib","The Construct","The Immortal","The Mystic","The Servant 0.9.4","Waifu the Spire","Yuyuko","???????????mod"],"gold_per_floor":[116,116,128,140,155,155,15,15,40,65,96,96,96,116,116,216,216,229,243,243,243,243,243,261,261,285,297,297,297,109,109,109,109,109,109],"floor_reached":33,"playtime":1420,"items_purged":[],"score":253,"play_id":"cd4ebe2d-caef-45a6-b49a-d6f43d56c2c5","local_time":"20201221023201","daily_mods":["Heirloom","Time Dilation","Flight"],"is_ascension_mode":false,"campfire_choices":[{"floor":6,"key":"RECALL"},{"floor":8,"key":"REST"},{"floor":13,"key":"REST"},{"floor":15,"key":"REST"},{"floor":23,"key":"REST"},{"floor":25,"key":"REST"},{"floor":29,"key":"REST"},{"floor":32,"key":"REST"}],"circlet_count":0,"master_deck":["MokouMod:Strike","MokouMod:Strike","MokouMod:Strike","MokouMod:Strike","MokouMod:Strike","MokouMod:Defend","MokouMod:Defend","MokouMod:Defend","MokouMod:Defend","MokouMod:HeatSpark","MokouMod:ResoluteFlare","MokouMod:IgnitionBlast","MokouMod:UncontrollableSolarReaction","MokouMod:Sear","MokouMod:AdaptivePyromancy","MokouMod:CrimsonFlare","MokouMod:Singe","MokouMod:ExplosiveFlame","MokouMod:ThermalPressure+1","MokouMod:ResoluteFlare","MokouMod:ScorchingColumn","MokouMod:Sear","MokouMod:ScorchedEarth","Apotheosis"],"relics":["MokouMod:PhoenixFeather","hubris:GlazedTorus","hubris:Icosahedron","Peace Pipe","Strawberry","Boot","hubris:ScarierMask","hubris:Towel","infinitespire:Lucky Rock","infinitespire:CheckeredPen"],"acts_visited":["Gensokyo:Gensokyo","Gensokyo:Gensokyoer"],"potions_floor_usage":[27,33],"damage_taken":[{"damage":1,"enemies":"Gensokyo:Python","floor":1,"turns":4},{"damage":4,"enemies":"Gensokyo:3_Fairies","floor":3,"turns":3},{"damage":10,"enemies":"Gensokyo:Gryphon","floor":4,"turns":3},{"damage":18,"enemies":"Gensokyo:2_Rabbits","floor":5,"turns":5},{"damage":9,"enemies":"Gensokyo:Aya","floor":10,"turns":4},{"damage":13,"enemies":"Gensokyo:Mamizou","floor":11,"turns":7},{"damage":12,"enemies":"Gensokyo:5_Fairies","floor":14,"turns":5},{"damage":43,"enemies":"Gensokyo:Yukari","floor":16,"turns":10},{"damage":44,"enemies":"Gensokyo:AngelMirror","floor":18,"turns":5},{"damage":4,"enemies":"Gensokyo:Chomper","floor":19,"turns":3},{"damage":33,"enemies":"Gensokyo:Wraith","floor":24,"turns":4},{"damage":82,"enemies":"Gensokyo:Swordslinger","floor":27,"turns":5},{"damage":126,"enemies":"Gensokyo:Eternal_Rivals","floor":33,"turns":6}],"seed_played":"-7463509850916481457","potions_obtained":[{"floor":10,"key":"Dexterity Potion"},{"floor":11,"key":"Block Potion"},{"floor":16,"key":"Swift Potion"},{"floor":27,"key":"DuplicationPotion"}],"is_trial":true,"path_per_floor":["M","?","M","M","M","R","?","R","T","E","?","?","R","M","R","B",null,"M","M","?","?","?","R","M","R","T","M","?","R","$","?","R","B"],"character_chosen":"MKU","items_purchased":["Apotheosis"],"campfire_rested":7,"item_purchase_floors":[30],"current_hp_per_floor":[74,74,70,60,42,42,42,64,64,62,49,49,73,61,82,39,82,38,34,34,34,34,58,25,49,49,20,20,44,44,44,66,0,0,0],"gold":109,"neow_bonus":"","is_daily":false,"chose_seed":false,"campfire_upgraded":0,"win_rate":0.0,"timestamp":1608535921,"path_taken":["M","?","M","M","M","R","?","R","T","E","?","?","R","?","R","BOSS","M","M","?","?","?","R","M","R","T","?","?","R","$","?","R","BOSS"],"items_purchased_type":["Card"],"build_version":"2020-12-13","purchased_purges":0,"victory":false,"max_hp_per_floor":[75,75,75,75,75,75,75,75,75,82,82,82,82,82,82,82,82,82,82,82,82,82,82,82,82,82,82,82,82,82,76,76,76,76,76],"relic_stats":{"Peace Pipe":0,"counters":[13,64],"Boot":[12],"obtain_stats":[{"Peace Pipe":7,"hubris:Icosahedron":2,"Strawberry":10,"MokouMod:PhoenixFeather":0,"hubris:ScarierMask":17,"infinitespire:Lucky Rock":26,"infinitespire:CheckeredPen":31,"hubris:Towel":21,"Boot":11,"hubris:GlazedTorus":0},{"Peace Pipe":4,"hubris:Icosahedron":1,"Strawberry":5,"MokouMod:PhoenixFeather":0,"hubris:ScarierMask":8,"infinitespire:Lucky Rock":11,"infinitespire:CheckeredPen":12,"hubris:Towel":10,"Boot":6,"hubris:GlazedTorus":0},{"Peace Pipe":15,"hubris:Icosahedron":4,"Strawberry":19,"MokouMod:PhoenixFeather":0,"hubris:ScarierMask":41,"infinitespire:Lucky Rock":53,"infinitespire:CheckeredPen":58,"hubris:Towel":49,"Boot":26,"hubris:GlazedTorus":0}]},"card_choices":[{"not_picked":["MokouMod:IndiscriminateIgnition","MokouMod:RoaringFlare"],"picked":"MokouMod:ResoluteFlare","floor":1},{"not_picked":["MokouMod:IllusoryBattlefield","MokouMod:TemporalFireSeal"],"picked":"MokouMod:IgnitionBlast","floor":3},{"not_picked":["MokouMod:Meltdown","MokouMod:Stoke"],"picked":"MokouMod:UncontrollableSolarReaction","floor":4},{"not_picked":["MokouMod:SearingShot","MokouMod:Singe"],"picked":"MokouMod:Sear","floor":5},{"not_picked":["MokouMod:Trailblazer","MokouMod:TemporalFireSeal"],"picked":"MokouMod:AdaptivePyromancy","floor":10},{"not_picked":["MokouMod:InfernalWave","MokouMod:WarmUp"],"picked":"MokouMod:CrimsonFlare","floor":11},{"not_picked":["MokouMod:EternalBurstReactor","MokouMod:UncontrollableSolarReaction"],"picked":"MokouMod:Singe","floor":14},{"not_picked":["MokouMod:SacredFire","MokouMod:Rekindle"],"picked":"MokouMod:ExplosiveFlame","floor":16},{"not_picked":["MokouMod:InfernalWave","MokouMod:BurningDraft+1"],"picked":"MokouMod:ThermalPressure+1","floor":18},{"not_picked":["MokouMod:FusionFlare","MokouMod:BlazingComet"],"picked":"MokouMod:ResoluteFlare","floor":19},{"not_picked":["MokouMod:UncontrollableSolarReaction","MokouMod:HouraiForge"],"picked":"MokouMod:ScorchingColumn","floor":24},{"not_picked":["MokouMod:BurningDraft","MokouMod:RetainTemperature"],"picked":"MokouMod:Sear","floor":27}],"player_experience":171911,"relics_obtained":[{"floor":10,"key":"Strawberry"},{"floor":11,"key":"Boot"},{"floor":26,"key":"infinitespire:Lucky Rock"}],"event_choices":[],"is_beta":false,"boss_relics":[{"not_picked":["construct:ClawGrip","Calling Bell"],"picked":"hubris:ScarierMask"}],"items_purged_floors":[],"is_endless":false,"potions_floor_spawned":[10,11,16,27],"killed_by":"Gensokyo:Eternal_Rivals","ascension_level":0}}