{"host":"b4asi0laiv85suj9","time":1608531603,"event":{"mods":["BaseMod","Minty Spire (QoL Compilation)","MostiFishMod","Relic Stats","StSLib","TestMod","noobMod"],"gold_per_floor":[111,61,61,61,79,105,30,30,30,57,57,57,72,100,100,174,174,191,205,130,141,156,181,197,229,301,326,359,359,370,387,387,463,463,477,272,288,300,312,337,337,337,337,369,369,402,402,802,802,802,802,802,265,291,291],"floor_reached":56,"playtime":1513,"items_purged":["Defend_P","Defend_P","Strike_P"],"score":2877,"play_id":"fc22fd21-f17c-4309-b3a5-6f0ae638edc3","local_time":"20201221142003","is_ascension_mode":true,"campfire_choices":[{"data":"Eruption","floor":8.0,"key":"SMITH"},{"data":"MostiFishMod:SparklingWater","floor":12.0,"key":"SMITH"},{"data":"Prostrate","floor":15.0,"key":"SMITH"},{"data":"MostiFishMod:LegendTransform","floor":29.0,"key":"SMITH"},{"floor":32.0,"key":"RECALL"},{"data":"ForeignInfluence","floor":45,"key":"SMITH"},{"data":"Backflip","floor":47,"key":"SMITH"},{"data":"MostiFishMod:Opportunism","floor":49,"key":"SMITH"},{"data":"Burning Pact","floor":52,"key":"SMITH"}],"circlet_count":0,"master_deck":["AscendersBane","Strike_P","Defend_P","Defend_P","Eruption+1","Vigilance","MostiFishMod:Neptune","MostiFishMod:TheEndOfMoonlight+1","MostiFishMod:SparklingWater+1","MostiFishMod:FantasySummer+1","MostiFishMod:NightSea+1","MostiFishMod:LegendTransform+1","Backflip+1","BattleHymn","FearNoEvil+1","SpiritShield","Prostrate+1","MostiFishMod:VineMother","Burning Pact+1","ClearTheMind","ForeignInfluence+1","MostiFishMod:InterfaceCompatibility","MostiFishMod:Volcan","Acrobatics+1","MostiFishMod:Opportunism+1","MostiFishMod:DustFall"],"relics":["testmod-TestBox","ice","MoonlightInvasionPlan","testmod-EqualTreatment","FeatherPendant","Question Card","PrismaticShard","SynthV:C4","testmod-InjuryResistance","Prayer Wheel","Bottled Tornado","ImportantClient","ExusiaiGun","Whetstone","Eternal Feather","Darkstone Periapt","Juzu Bracelet","Red Mask","ShadowXiaoBlade","testmod-LifeArmor","Dream Catcher","BionicSphere","Ornamental Fan","Lantern","OrangePellets","Sundial","Vajra","testmod-ArcanaOfDestiny"],"acts_visited":["Exordium","TheCity","TheBeyond","TheEnding"],"potions_floor_usage":[],"damage_taken":[{"damage":0.0,"enemies":"Small Slimes","floor":1.0,"turns":1.0},{"damage":0.0,"enemies":"Jaw Worm","floor":5.0,"turns":3.0},{"damage":0.0,"enemies":"Gremlin Nob","floor":6.0,"turns":2.0},{"damage":0.0,"enemies":"Lagavulin","floor":10.0,"turns":2.0},{"damage":0.0,"enemies":"Cultist","floor":13.0,"turns":1.0},{"damage":0.0,"enemies":"3 Sentries","floor":14.0,"turns":1.0},{"damage":0.0,"enemies":"Slime Boss","floor":16.0,"turns":3.0},{"damage":0.0,"enemies":"Chosen","floor":18.0,"turns":1.0},{"damage":0.0,"enemies":"Shell Parasite","floor":19.0,"turns":1.0},{"damage":0.0,"enemies":"Shelled Parasite and Fungi","floor":21.0,"turns":1.0},{"damage":0.0,"enemies":"Sentry and Sphere","floor":22.0,"turns":2.0},{"damage":19.0,"enemies":"Slavers","floor":23.0,"turns":2.0},{"damage":3.0,"enemies":"Centurion and Healer","floor":24.0,"turns":2.0},{"damage":0.0,"enemies":"Book of Stabbing","floor":25.0,"turns":2.0},{"damage":22.0,"enemies":"Slavers","floor":27.0,"turns":3.0},{"damage":0.0,"enemies":"Masked Bandits","floor":28.0,"turns":2.0},{"damage":0.0,"enemies":"3 Cultists","floor":30.0,"turns":2.0},{"damage":0.0,"enemies":"Cultist and Chosen","floor":31.0,"turns":2.0},{"damage":0.0,"enemies":"Collector","floor":33.0,"turns":1.0},{"damage":0.0,"enemies":"3 Darklings","floor":35.0,"turns":1.0},{"damage":0.0,"enemies":"Orb Walker","floor":37.0,"turns":1.0},{"damage":0.0,"enemies":"Jaw Worm Horde","floor":38.0,"turns":1.0},{"damage":9.0,"enemies":"4 Shapes","floor":39.0,"turns":2.0},{"damage":0.0,"enemies":"Nemesis","floor":40.0,"turns":1.0},{"damage":0,"enemies":"Reptomancer","floor":44,"turns":2},{"damage":0,"enemies":"Giant Head","floor":46,"turns":1},{"damage":0,"enemies":"Donu and Deca","floor":50,"turns":2},{"damage":0,"enemies":"Shield and Spear","floor":54,"turns":1},{"damage":0,"enemies":"The Heart","floor":55,"turns":2}],"seed_played":"1097505338619400038","potions_obtained":[{"floor":1.0,"key":"SkillPotion"},{"floor":5.0,"key":"ColorlessPotion"},{"floor":21.0,"key":"Ancient Potion"},{"floor":25.0,"key":"testmod-SpacePotion"},{"floor":30.0,"key":"ColorlessPotion"},{"floor":31.0,"key":"Weak Potion"},{"floor":37.0,"key":"PowerPotion"}],"is_trial":false,"path_per_floor":["M","?","?","$","M","E","$","R","T","E","T","R","M","E","R","B",null,"M","M","?","M","M","E","M","E","T","E","?","R","M","M","R","B",null,"M","$","M","M","M","E","?","?","T","E","R","E","R","?","R","B",null,"R","$","E","B",null],"character_chosen":"WATCHER","items_purchased":["testmod-LifeArmor","OrangePellets","Sundial","Vajra"],"campfire_rested":0,"item_purchase_floors":[36,53,53,53],"current_hp_per_floor":[61,61,47,47,47,47,47,47,47,47,47,47,47,47,47,47,63,63,63,63,63,63,44,41,41,41,19,19,31,31,31,43,43,62,66,66,66,66,57,57,57,57,57,57,65,65,65,65,65,65,65,65,65,65,65],"gold":291,"neow_bonus":"BOSS_RELIC","is_daily":false,"chose_seed":false,"campfire_upgraded":8,"win_rate":0.0,"timestamp":1608531603,"path_taken":["M","?","?","$","M","E","$","R","T","E","?","R","M","E","R","BOSS","M","?","?","M","M","E","M","E","T","E","?","R","M","M","R","BOSS","M","$","M","M","M","E","?","?","T","E","R","E","R","?","R","BOSS","R","$","E","BOSS"],"items_purchased_type":["Relic","Relic","Relic","Relic"],"build_version":"2020-12-13","purchased_purges":3,"victory":true,"max_hp_per_floor":[68,68,68,68,68,68,68,68,68,68,68,68,68,68,68,68,68,68,68,68,68,68,68,68,68,68,68,68,68,68,68,68,68,68,68,68,68,68,68,68,68,65,65,65,65,65,65,65,65,65,65,65,65,65,65],"relic_stats":{"Darkstone Periapt":0,"OrangePellets":[1],"Dream Catcher":0,"counters":[29,48],"Ornamental Fan":[36],"Sundial":[0],"Prayer Wheel":12,"Eternal Feather":32,"Juzu Bracelet":1,"Whetstone":["FearNoEvil","MostiFishMod:TheEndOfMoonlight"],"Question Card":38,"obtain_stats":[{"Darkstone Periapt":26,"Lantern":46,"DaveBox":0,"testmod-EqualTreatment":0,"Vajra":53,"testmod-LifeArmor":36,"ice":0,"ExusiaiGun":17,"Juzu Bracelet":27,"Whetstone":23,"Bottled Tornado":14,"PrismaticShard":1,"SynthV:C4":6,"Dream Catcher":40,"testmod-InjuryResistance":9,"Sundial":53,"Prayer Wheel":10,"Red Mask":28,"testmod-ArcanaOfDestiny":54,"ImportantClient":16,"testmod-TestBox":0,"MoonlightInvasionPlan":0,"Eternal Feather":25,"ShadowXiaoBlade":34,"Question Card":1,"OrangePellets":53,"FeatherPendant":0,"Ornamental Fan":44,"BionicSphere":43,"PureWater":0},{"Darkstone Periapt":14,"Lantern":26,"DaveBox":0,"testmod-EqualTreatment":0,"Vajra":27,"testmod-LifeArmor":20,"ice":0,"ExusiaiGun":7,"Juzu Bracelet":15,"Whetstone":12,"Bottled Tornado":6,"PrismaticShard":1,"SynthV:C4":3,"Dream Catcher":24,"testmod-InjuryResistance":3,"Sundial":27,"Prayer Wheel":4,"Red Mask":16,"testmod-ArcanaOfDestiny":28,"ImportantClient":7,"testmod-TestBox":0,"MoonlightInvasionPlan":0,"Eternal Feather":14,"ShadowXiaoBlade":19,"Question Card":1,"OrangePellets":27,"FeatherPendant":0,"Ornamental Fan":25,"BionicSphere":24,"PureWater":0},{"Darkstone Periapt":24,"Lantern":43,"DaveBox":0,"testmod-EqualTreatment":0,"Vajra":45,"testmod-LifeArmor":35,"ice":0,"ExusiaiGun":13,"Juzu Bracelet":27,"Whetstone":20,"Bottled Tornado":10,"PrismaticShard":1,"SynthV:C4":6,"Dream Catcher":40,"testmod-InjuryResistance":6,"Sundial":45,"Prayer Wheel":8,"Red Mask":29,"testmod-ArcanaOfDestiny":46,"ImportantClient":13,"testmod-TestBox":0,"MoonlightInvasionPlan":0,"Eternal Feather":24,"ShadowXiaoBlade":34,"Question Card":1,"OrangePellets":45,"FeatherPendant":0,"Ornamental Fan":42,"BionicSphere":40,"PureWater":0}]},"card_choices":[{"not_picked":["CarveReality","CrushJoints"],"picked":"MostiFishMod:LegendTransform","floor":1.0},{"not_picked":["Redo","FlyingSleeves","Protect"],"picked":"Backflip","floor":5.0},{"not_picked":["FlurryOfBlows","testmod-Provocation","Reprogram"],"picked":"BattleHymn","floor":6.0},{"not_picked":["Hello World","Streamline","Outmaneuver"],"picked":"FearNoEvil","floor":10.0},{"not_picked":["Headbutt","Reinforced Body","Ball Lightning"],"picked":"SpiritShield","floor":13.0},{"not_picked":["Deadly Poison","Flex","Redo","Shockwave"],"picked":"SKIP","floor":13.0},{"not_picked":["testmod-Provocation","Beam Cell","Mind Blast"],"picked":"Prostrate","floor":14.0},{"not_picked":["MostiFishMod:PerfectForm","Creative AI","MostiFishMod:Awakening"],"picked":"MostiFishMod:VineMother","floor":16.0},{"not_picked":["testmod-BackupPower","Madness","Sword Boomerang+1"],"picked":"Burning Pact","floor":18.0},{"not_picked":["Go for the Eyes","MostiFishMod:Clarity","Dodge and Roll","Slice+1"],"picked":"SKIP","floor":18.0},{"not_picked":["Shockwave+1","PiercingWail","Clash","CarveReality"],"picked":"SKIP","floor":19.0},{"not_picked":["Blade Dance","Inflame","Chaos","Bullet Time"],"picked":"SKIP","floor":19.0},{"not_picked":["Redo","Infinite Blades","JustLucky+1"],"picked":"ClearTheMind","floor":21.0},{"not_picked":["Blade Dance","Outmaneuver","Metallicize","Terror"],"picked":"SKIP","floor":21.0},{"not_picked":["Clash","WaveOfTheHand","JustLucky"],"picked":"ForeignInfluence","floor":22.0},{"not_picked":["Power Through","Spot Weakness","Twin Strike","Cloak And Dagger"],"picked":"SKIP","floor":22.0},{"not_picked":["testmod-Mystery","MostiFishMod:#F4004","Entrench","Caltrops"],"picked":"SKIP","floor":23.0},{"not_picked":["FlurryOfBlows","PathToVictory","Underhanded Strike","SashWhip"],"picked":"SKIP","floor":24.0},{"not_picked":["Whirlwind","Poisoned Stab","Redo","Prepared"],"picked":"SKIP","floor":24.0},{"not_picked":["Outmaneuver","Ball Lightning","PathToVictory","Genetic Algorithm"],"picked":"SKIP","floor":25.0},{"not_picked":["Dramatic Entrance","ReachHeaven","Capacitor"],"picked":"MostiFishMod:InterfaceCompatibility","floor":27.0},{"not_picked":["Sweeping Beam","Envenom","Turbo","Armaments"],"picked":"SKIP","floor":30.0},{"not_picked":["Steam","ReachHeaven","testmod-DeathImprint","Beam Cell"],"picked":"SKIP","floor":30.0},{"not_picked":["Riddle With Holes","MostiFishMod:InvigoratingSolution+1","Leap","Cloak And Dagger"],"picked":"SKIP","floor":31.0},{"not_picked":["Beam Cell+1","Leg Sweep","JustLucky","Steam+1"],"picked":"SKIP","floor":31.0},{"not_picked":["MostiFishMod:DawningShadow","testmod-Illusory","Blasphemy"],"picked":"MostiFishMod:Volcan","floor":33.0},{"not_picked":["Sweeping Beam","Stack+1","Evaluate"],"picked":"Acrobatics+1","floor":35.0},{"not_picked":["Hologram","Perfected Strike","Rupture"],"picked":"MostiFishMod:Opportunism","floor":35.0},{"not_picked":["Anger","Sunder+1","Noxious Fumes","Deadly Poison"],"picked":"SKIP","floor":37.0},{"not_picked":["Poisoned Stab","Flex","Leap","Dagger Throw+1"],"picked":"SKIP","floor":37.0},{"not_picked":["Gash","Armaments","The Bomb","WreathOfFlame"],"picked":"SKIP","floor":38.0},{"not_picked":["Heavy Blade+1","Redo","Protect","Gash"],"picked":"SKIP","floor":38.0},{"not_picked":["Cleave+1","Infinite Blades","Burning Pact+1","Trip"],"picked":"SKIP","floor":39.0},{"not_picked":["Glacier","Go for the Eyes","MostiFishMod:Speedup","Iron Wave"],"picked":"SKIP","floor":39.0},{"not_picked":["Seeing Red","Defragment+1","Barrage+1","Perfected Strike"],"picked":"SKIP","floor":40.0},{"not_picked":["Flex","Sword Boomerang","Fire Breathing","MostiFishMod:PerfectParry"],"picked":"SKIP","floor":44},{"not_picked":["Iron Wave","Crescendo","Barricade","testmod-DeathImprint"],"picked":"SKIP","floor":46},{"not_picked":["testmod-LifeRuler","Catalyst","Wild Strike","Sucker Punch+1"],"picked":"SKIP","floor":54}],"player_experience":217729,"relics_obtained":[{"floor":1.0,"key":"Question Card"},{"floor":1.0,"key":"PrismaticShard"},{"floor":6.0,"key":"SynthV:C4"},{"floor":9.0,"key":"testmod-InjuryResistance"},{"floor":10.0,"key":"Prayer Wheel"},{"floor":14.0,"key":"Bottled Tornado"},{"floor":16.0,"key":"ImportantClient"},{"floor":23.0,"key":"Whetstone"},{"floor":25.0,"key":"Eternal Feather"},{"floor":26.0,"key":"Darkstone Periapt"},{"floor":27.0,"key":"Juzu Bracelet"},{"floor":28.0,"key":"Red Mask"},{"floor":40.0,"key":"Dream Catcher"},{"floor":43,"key":"BionicSphere"},{"floor":44,"key":"Ornamental Fan"},{"floor":46,"key":"Lantern"},{"floor":54,"key":"testmod-ArcanaOfDestiny"}],"event_choices":[{"cards_removed":["Strike_P"],"damage_healed":0.0,"max_hp_gain":0.0,"max_hp_loss":0.0,"gold_gain":0.0,"event_name":"The Cleric","player_choice":"Card Removal","floor":2.0,"gold_loss":50.0,"damage_taken":0.0},{"damage_healed":0.0,"max_hp_gain":0.0,"max_hp_loss":0.0,"gold_gain":0.0,"event_name":"Shining Light","player_choice":"Entered Light","floor":3.0,"gold_loss":0.0,"damage_taken":14.0,"cards_upgraded":["MostiFishMod:NightSea","MostiFishMod:FantasySummer"]},{"cards_removed":["Strike_P"],"damage_healed":0.0,"max_hp_gain":0.0,"max_hp_loss":0.0,"gold_gain":0.0,"event_name":"Beggar","player_choice":"Gave Gold","floor":20.0,"gold_loss":75.0,"damage_taken":0.0},{"damage_healed":0.0,"max_hp_gain":0.0,"max_hp_loss":0.0,"gold_gain":0.0,"event_name":"Masked Bandits","player_choice":"Fought Bandits","floor":28.0,"gold_loss":0.0,"damage_taken":0.0},{"damage_healed":0,"gold_gain":0,"player_choice":"1 cards matched","damage_taken":0,"max_hp_gain":0,"max_hp_loss":0,"event_name":"Match and Keep!","floor":41,"gold_loss":0,"cards_obtained":["MostiFishMod:DustFall"]},{"damage_healed":0,"gold_gain":0,"player_choice":"Max HP","damage_taken":0,"max_hp_gain":0,"max_hp_loss":3,"event_name":"Winding Halls","floor":42,"gold_loss":0},{"damage_healed":0,"gold_gain":400,"player_choice":"Sell","damage_taken":0,"max_hp_gain":0,"max_hp_loss":0,"event_name":"¶÷ÂåË¹µÄÅÌ×Ó","floor":48,"relics_lost":["DaveBox"],"gold_loss":0}],"is_beta":false,"boss_relics":[{"not_picked":["FixedStarFall","MostiFishMod:Hod"],"picked":"ExusiaiGun"},{"not_picked":["HaiYi:Twilight","Fusion Hammer"],"picked":"ShadowXiaoBlade"}],"items_purged_floors":[7,36,53],"is_endless":false,"potions_floor_spawned":[1,5,14,16,19,21,25,30,31,37,44,54],"ascension_level":14}}