{"host":"sav7uxregyirlf69","time":1608538889,"event":{"mods":["AchievementEnabler","BaseMod","Colored Map","DeckTracker","Keyboard Shortcuts","Minty Spire (QoL Compilation)","READ ME - Guardian Mod","StSLib","SuperFastMode"],"gold_per_floor":[115,125,125,44,44,44,76,76,76,108,108,119,147,158,158,257,257,240,10,10,21,37,37,65,65,120,154,171,171,199,274,274,274,274],"floor_reached":33,"playtime":643,"items_purged":["Exhume"],"score":557,"play_id":"046696bd-644f-4d02-afd5-b0cdaad90890","local_time":"20201221172129","is_ascension_mode":true,"campfire_choices":[{"data":"Uppercut","floor":6,"key":"SMITH"},{"data":"Fire Breathing","floor":8,"key":"SMITH"},{"data":"Shrug It Off","floor":11,"key":"SMITH"},{"data":"Rage","floor":15,"key":"SMITH"},{"data":"Body Slam","floor":23,"key":"SMITH"},{"data":"Bludgeon","floor":25,"key":"SMITH"},{"data":"Rage","floor":29,"key":"SMITH"},{"data":"Bloodletting","floor":32,"key":"SMITH"}],"circlet_count":0,"master_deck":["AscendersBane","Bash","Uppercut+1","Pummel","Fire Breathing+1","Shrug It Off+1","Rage+1","Anger","Bludgeon+1","Headbutt","Rage+1","Fiend Fire","Uppercut","Exhume","Body Slam+1","Bloodletting+1","Blood for Blood+1","Rupture","Dropkick"],"relics":["Burning Blood","Bottled Tornado","Eternal Feather","PreservedInsect","Anchor","Pandora\u0027s Box","Lee\u0027s Waffle","Ornamental Fan","Blood Vial","Darkstone Periapt"],"acts_visited":["TheCity"],"potions_floor_usage":[16,16,28,30,33,33],"damage_taken":[{"damage":4,"enemies":"Jaw Worm","floor":1,"turns":3},{"damage":3,"enemies":"2 Louse","floor":2,"turns":3},{"damage":36,"enemies":"Lagavulin","floor":7,"turns":7},{"damage":25,"enemies":"3 Sentries","floor":10,"turns":5},{"damage":0,"enemies":"Cultist","floor":12,"turns":3},{"damage":17,"enemies":"Lagavulin","floor":13,"turns":6},{"damage":0,"enemies":"2 Fungi Beasts","floor":14,"turns":3},{"damage":0,"enemies":"Slime Boss","floor":16,"turns":9},{"damage":18,"enemies":"2 Thieves","floor":18,"turns":4},{"damage":12,"enemies":"Shell Parasite","floor":21,"turns":4},{"damage":9,"enemies":"Centurion and Healer","floor":22,"turns":6},{"damage":33,"enemies":"Gremlin Leader","floor":24,"turns":5},{"damage":16,"enemies":"Book of Stabbing","floor":27,"turns":3},{"damage":16,"enemies":"Chosen and Byrds","floor":28,"turns":5},{"damage":39,"enemies":"Slavers","floor":30,"turns":5},{"damage":69,"enemies":"Collector","floor":33,"turns":8}],"seed_played":"9174295078623764312","potions_obtained":[{"floor":1,"key":"SneckoOil"},{"floor":12,"key":"Regen Potion"},{"floor":14,"key":"PowerPotion"},{"floor":18,"key":"PowerPotion"},{"floor":22,"key":"ElixirPotion"},{"floor":24,"key":"BloodPotion"},{"floor":28,"key":"GamblersBrew"}],"is_trial":false,"path_per_floor":["M","M","?","$","?","R","E","R","T","E","R","M","E","M","R","B",null,"M","$","?","M","M","R","E","R","T","E","M","R","E","?","R","B"],"character_chosen":"IRONCLAD","items_purchased":["Fire Breathing","Lee\u0027s Waffle"],"campfire_rested":0,"item_purchase_floors":[4,19],"current_hp_per_floor":[74,77,77,77,82,82,52,52,52,33,39,45,34,40,49,55,78,66,92,92,86,83,92,65,74,74,64,70,79,48,39,48,0,0],"gold":274,"neow_bonus":"TRANSFORM_CARD","is_daily":false,"chose_seed":false,"campfire_upgraded":8,"win_rate":0.0,"timestamp":1608538889,"path_taken":["M","M","?","$","?","R","E","R","T","E","R","M","E","M","R","BOSS","M","$","?","M","?","R","E","R","T","E","M","R","E","?","R","BOSS"],"items_purchased_type":["Card","Relic"],"build_version":"2020-12-13","purchased_purges":1,"victory":false,"max_hp_per_floor":[80,80,80,80,85,85,85,85,85,85,85,85,85,85,85,85,85,85,92,92,92,92,92,92,92,92,92,92,92,92,92,92,92,92],"card_choices":[{"not_picked":["Power Through","Clash","Armaments"],"picked":"SKIP","floor":1},{"not_picked":["Flex","Heavy Blade"],"picked":"Pummel","floor":2},{"not_picked":["Impervious","Perfected Strike","Flame Barrier"],"picked":"SKIP","floor":7},{"not_picked":["Armaments","Corruption"],"picked":"Shrug It Off","floor":10},{"not_picked":["Power Through","Combust"],"picked":"Rage","floor":12},{"not_picked":["Exhume","Rupture","Havoc"],"picked":"SKIP","floor":13},{"not_picked":["Armaments","Pommel Strike"],"picked":"Anger","floor":14},{"not_picked":["Havoc","Cleave"],"picked":"Body Slam","floor":18},{"not_picked":["Pommel Strike+1","Burning Pact+1"],"picked":"Blood for Blood+1","floor":21},{"not_picked":["Rage+1","Thunderclap","Headbutt"],"picked":"SKIP","floor":22},{"not_picked":["Rampage","Perfected Strike+1","Cleave"],"picked":"SKIP","floor":24},{"not_picked":["Twin Strike+1","Headbutt"],"picked":"Rupture","floor":27},{"not_picked":["Entrench+1","Combust+1"],"picked":"Dropkick","floor":28},{"not_picked":["Blood for Blood","Anger","Body Slam"],"picked":"SKIP","floor":30}],"player_experience":978220,"relics_obtained":[{"floor":7,"key":"Bottled Tornado"},{"floor":9,"key":"Eternal Feather"},{"floor":10,"key":"PreservedInsect"},{"floor":13,"key":"Anchor"},{"floor":24,"key":"Ornamental Fan"},{"floor":27,"key":"Blood Vial"},{"floor":30,"key":"Darkstone Periapt"}],"event_choices":[{"damage_healed":0,"gold_gain":0,"player_choice":"Ignored","damage_taken":0,"max_hp_gain":0,"max_hp_loss":0,"event_name":"Liars Game","floor":3,"gold_loss":0},{"damage_healed":0,"gold_gain":0,"player_choice":"Donut","damage_taken":0,"max_hp_gain":5,"max_hp_loss":0,"event_name":"Big Fish","floor":5,"gold_loss":0},{"damage_healed":0,"gold_gain":0,"cards_transformed":["Exhume"],"player_choice":"Transformed","damage_taken":0,"max_hp_gain":0,"max_hp_loss":0,"event_name":"Transmorgrifier","floor":20,"gold_loss":0,"cards_obtained":["Bloodletting"]},{"damage_healed":0,"gold_gain":75,"player_choice":"Touch","damage_taken":9,"max_hp_gain":0,"max_hp_loss":0,"event_name":"FaceTrader","floor":31,"gold_loss":0}],"is_beta":false,"boss_relics":[{"not_picked":["SlaversCollar","Fusion Hammer"],"picked":"Pandora\u0027s Box"}],"items_purged_floors":[19],"is_endless":false,"potions_floor_spawned":[1,12,14,18,22,24,28],"killed_by":"Collector","ascension_level":10}}