{"host":"wit788p0mfrnfops","time":1608531737,"event":{"mods":["ATMod(阿瑾Mod)","Act Like it!","Aspiration","BaseMod","Conspire","Dota2Spire","Friendly Minions","Hallownest","Jedi Mod","Minty Spire (QoL Compilation)","MostiFishMod","Pale of the Ancients","Permanent Neow","Prisma Mod","Quarter Circle Forward PUNCH!","Replay The Spire","RumiaBox-露米?的神秘盒子","Spicy Shops","StSLib","TestMod","The Alterego","[IsaacMod]以撒尖塔","vexMod","【功能Mod】?明的最?Boss","【?物卡牌】REMEMod","篝火指南"],"gold_per_floor":[99,99,99,112,54,54,54,54,77,177,194,218,218,148,148,257,257,277,304,16,34,58,58,58,79,79,79,127,176,176,58,58,160,160,176,176,176,210,222,222,104,104,104,124,124,99,99,99,99,205,205,219,219,219,232,232,232,251,251,277,32,32,67,67],"floor_reached":63,"playtime":1860,"items_purged":[],"score":1193,"play_id":"46560969-c8e0-4d97-817f-02423754e25e","local_time":"20201221142217","daily_mods":["Hoarder","Insanity","Chimera","Specialized","Vintage","ControlledChaos","Allstar","Diverse","Colorless Cards","Heirloom","Time Dilation","Flight"],"is_ascension_mode":false,"campfire_choices":[{"data":"Demon Form","floor":6,"key":"SMITH"},{"data":"AT_DiedThrough","floor":7,"key":"SMITH"},{"data":"AT_DiedThrough","floor":8,"key":"SMITH"},{"data":"AT_DiedThrough","floor":13,"key":"SMITH"},{"data":"Carnage","floor":23,"key":"SMITH"},{"data":"Carnage","floor":24,"key":"SMITH"},{"data":"Carnage","floor":30,"key":"SMITH"},{"floor":32,"key":"DIG"},{"data":"Thunderclap","floor":40,"key":"SMITH"},{"data":"Thunderclap","floor":45,"key":"SMITH"},{"data":"Thunderclap","floor":47,"key":"SMITH"},{"data":"MostiFishMod:FireWorks","floor":49,"key":"SMITH"},{"data":"MostiFishMod:FireWorks","floor":56,"key":"SMITH"},{"data":"MostiFishMod:FireWorks","floor":57,"key":"SMITH"},{"data":"Hemokinesis","floor":59,"key":"SMITH"}],"circlet_count":0,"master_deck":["Demon Form+1","Wraith Form v2","Echo Form","DevaForm","alterego_mod:Lift","alterego_mod:Lift","alterego_mod:Lift","AT_DiedThrough+1","AT_DiedThrough+1","AT_DiedThrough+1","Sadistic Nature+1","Sadistic Nature+1","Sadistic Nature+1","Carnage+1","Carnage+1","Carnage+1","Thunderclap+1","Thunderclap+1","Thunderclap+1","MostiFishMod:FireWorks+1","MostiFishMod:FireWorks+1","MostiFishMod:FireWorks+1","Hemokinesis+1","Hemokinesis+1","Hemokinesis","jedi:MakeshiftSword","jedi:MakeshiftSword","jedi:MakeshiftSword","Blood for Blood","Blood for Blood","Blood for Blood","Body Slam","Body Slam","Body Slam","Shrug It Off","Shrug It Off","Shrug It Off","Wild Strike","Wild Strike","Wild Strike","Massacre+1","Massacre+1","Massacre+1","Infernal Blade","Infernal Blade","Infernal Blade","jedi:unlimitedpower","jedi:unlimitedpower","jedi:unlimitedpower","Rampage","Rampage","Rampage","Bloodletting","Bloodletting","Bloodletting","AT_DrawKnifeCut","AT_DrawKnifeCut","AT_DrawKnifeCut","jedi:hate","jedi:hate","jedi:hate","Searing Blow","Searing Blow","Searing Blow"],"relics":["Snecko Eye","Unceasing Top","Ring of Chaos","replay:Trail_Library","jedi:maincommand","HushsDoor","testmod-TestBox","REME_ComplimentaryCards","DaveBox","AT_ATBox","YumHeart","testmod-DeterminationOfClimber","ImprovedEquipment","Replay:Kaleidoscope","PlanX","qcfpunch:Not_Strongest_Fighting_Style_Guidebook","GuppysPaw","Yang","testmod-OneHitWonder","Hallownest:StagBellRelic1","Hallownest:SheosBrushRelic","ImportantClient","aspiration:IroncladSkillbook","SatanicBible","MegaBlast","testmod-EqualTreatment","jedi:kaleidoscope","Juzu Bracelet","jedi:arcanewood","ZombieArmy","Dota2Spire:Vanguard","conspire:Dentures","qcfpunch:Army_Boots","Bag of Preparation","Dota2Spire:BladeMail","Dota2Spire:PowerTreads","Symbiotic Virus","aspiration:Stellarator","GuppysCollar","aspiration:ChemicalBlood","Nunchaku","aspiration:FrozenJewel","Replay:Antivirus Software","Frozen Egg 2","Replay:Accelerometer","testmod-Antiphasic","FrozenCore","Succubus","Boot","D6","SalivaCoin","Ancient Tea Set","BookOfRevelations","jedi:cryingmask"],"acts_visited":["Hallownest:Greenpath","Hallownest:CityofTears","Hallownest:KingdomsEdge","Hallownest:Greenpath"],"potions_floor_usage":[16],"damage_taken":[{"damage":0,"enemies":"Hallownest:2_MossCreeps","floor":4,"turns":1},{"damage":0,"enemies":"Hallownest:monsterHuskGuard","floor":11,"turns":2},{"damage":0,"enemies":"2_ Uuma","floor":12,"turns":1},{"damage":0,"enemies":"Hallownest:BossBrokenVessel","floor":16,"turns":4},{"damage":4,"enemies":"Hallownest:2_Mistakes","floor":18,"turns":1},{"damage":5,"enemies":"Hallownest:Flukemon_and_Top","floor":19,"turns":1},{"damage":6,"enemies":"Hallownest:Master_and_Novice","floor":21,"turns":1},{"damage":3,"enemies":"Hallownest:monsterMisterMushroom","floor":22,"turns":3},{"damage":10,"enemies":"Hallownest:2_Husk_Sentries","floor":25,"turns":1},{"damage":0,"enemies":"Hallownest:BossGrimm","floor":33,"turns":1},{"damage":4,"enemies":"Hallownest:3_Siblings","floor":35,"turns":1},{"damage":4,"enemies":"conspire:MimicChest","floor":38,"turns":1},{"damage":0,"enemies":"Hallownest:2_Littles","floor":39,"turns":1},{"damage":3,"enemies":"Hallownest:2_Soldiers_and_1_Guardian","floor":44,"turns":1},{"damage":9,"enemies":"Hallownest:BossGreyPrinceZote","floor":50,"turns":1},{"damage":0,"enemies":"Hallownest:2_Baldur","floor":52,"turns":1},{"damage":0,"enemies":"2_ Uuma","floor":55,"turns":1},{"damage":0,"enemies":"Hallownest:monsterHuskGuard","floor":58,"turns":1}],"seed_played":"-6283175644395119187","potions_obtained":[{"floor":11,"key":"Fire Potion"},{"floor":16,"key":"Weak Potion"},{"floor":18,"key":"jedi:tentaclejuice"}],"is_trial":true,"path_per_floor":["WH","?","?","M","$","R","R","R","T","?","M","M","R","?","R","B",null,"M","M","$","M","M","R","R","M","T","?","T","?","R","$","R","B",null,"M","?","?","?","M","R","$","T","T","M","R","?","R","$","R","B",null,"M","?","?","M","R","R","M","R","T","$","?","?"],"character_chosen":"IRONCLAD","items_purchased":["Carnage","Hemokinesis","jedi:MakeshiftSword","SatanicBible","MegaBlast","Blood for Blood","jedi:command_common","jedi:command_common","jedi:command_common","Infernal Blade","jedi:unlimitedpower","GuppysCollar","jedi:command_common","Succubus","jedi:hate","jedi:command_common","jedi:command_common"],"campfire_rested":0,"item_purchase_floors":[5,17,17,17,17,20,20,20,31,34,34,34,41,51,51,61,61],"current_hp_per_floor":[100,100,100,100,100,100,100,100,100,100,100,100,100,100,100,100,44,44,44,44,44,44,44,44,40,40,44,44,44,44,44,44,44,24,24,24,24,24,24,24,24,24,24,24,24,24,24,24,24,24,6,6,6,6,6,6,6,11,11,11,11,11,0,0],"gold":67,"neow_bonus":"","is_daily":false,"chose_seed":false,"campfire_upgraded":14,"win_rate":0.0,"timestamp":1608531737,"path_taken":["WH","?","?","?","$","R","R","R","T","?","M","M","R","?","R","BOSS","M","?","$","M","M","R","R","M","T","?","?","?","?","$","R","BOSS","M","?","?","?","M","R","$","?","T","M","R","?","R","$","R","BOSS","M","?","?","M","?","R","M","R","T","?","?","?"],"items_purchased_type":["Card","Card","Card","Relic","Relic","Card","Relic","Relic","Relic","Card","Card","Relic","Relic","Relic","Card","Relic","Relic"],"build_version":"2020-12-13","purchased_purges":0,"victory":false,"max_hp_per_floor":[100,100,100,100,100,100,100,100,100,100,100,100,100,100,100,100,44,44,44,44,44,44,44,44,44,44,44,44,44,44,44,44,44,24,24,24,24,24,24,24,24,24,24,24,24,24,24,24,24,24,6,6,6,6,6,6,6,11,11,11,11,11,11,11],"card_choices":[{"not_picked":[],"picked":"Bomb","floor":0},{"not_picked":["Rainbow","MostiFishMod:CyberBuddha"],"picked":"MostiFishMod:FireWorks","floor":16},{"not_picked":["PrismaMod:MiyuUncommonDefend","ReachHeaven","Turbo"],"picked":"Wild Strike","floor":29},{"not_picked":["Replay:ManipulateFuture","Barrage+1","Swift Strike"],"picked":"Massacre+1","floor":29},{"not_picked":["jedi:hex","Leap+1","alterego_mod:SakuraFive"],"picked":"Rampage","floor":38}],"player_experience":874972,"relics_obtained":[{"floor":4,"key":"jedi:command_common"},{"floor":9,"key":"GuppysPaw"},{"floor":11,"key":"jedi:command_uncommon"},{"floor":12,"key":"jedi:command_common"},{"floor":16,"key":"ImportantClient"},{"floor":18,"key":"jedi:command_rare"},{"floor":19,"key":"jedi:command_rare"},{"floor":21,"key":"jedi:command_common"},{"floor":22,"key":"jedi:command_common"},{"floor":25,"key":"jedi:command_uncommon"},{"floor":26,"key":"jedi:command_common"},{"floor":28,"key":"jedi:command_common"},{"floor":29,"key":"jedi:command_common"},{"floor":32,"key":"jedi:command_uncommon"},{"floor":35,"key":"jedi:command_common"},{"floor":38,"key":"jedi:command_common"},{"floor":39,"key":"jedi:command_uncommon"},{"floor":42,"key":"jedi:command_uncommon"},{"floor":43,"key":"jedi:command_uncommon"},{"floor":44,"key":"jedi:command_common"},{"floor":52,"key":"jedi:command_common"},{"floor":55,"key":"D6"},{"floor":58,"key":"jedi:command_common"},{"floor":60,"key":"jedi:command_common"}],"event_choices":[{"damage_healed":0,"gold_gain":0,"player_choice":"Leave","damage_taken":0,"max_hp_gain":0,"max_hp_loss":0,"event_name":"conspire:Investor","floor":3,"gold_loss":0},{"damage_healed":0,"gold_gain":0,"player_choice":"Ignored","damage_taken":0,"max_hp_gain":0,"max_hp_loss":0,"event_name":"?自己的盒子","floor":36,"gold_loss":0}],"is_beta":false,"boss_relics":[{"not_picked":["jedi:command_boss","jedi:command_boss"],"picked":"jedi:command_boss"},{"not_picked":[]},{"not_picked":["jedi:command_boss","jedi:command_boss"],"picked":"jedi:command_boss"},{"not_picked":[]},{"not_picked":["jedi:command_boss","jedi:command_boss"],"picked":"jedi:command_boss"},{"not_picked":[]}],"items_purged_floors":[],"is_endless":true,"potions_floor_spawned":[11,16,18,21,33,38,44,50,55],"ascension_level":0}}