{"host":"baymyijz6sxaqj5s","time":1608532850,"event":{"mods":["AchievementEnabler","BaseMod","Colored Map","Colored Powertips","DeckTracker","KOR Keyword Fix","Keyboard Shortcuts","Minty Spire (QoL Compilation)","StSLib","SuperFastMode"],"gold_per_floor":[216,234,251,251,28,47,65,80,80,5,5,53,78,94,94,191,191,207,225,235,246,146,106,118,118,118,218,218,93,110,110,110,110,110],"floor_reached":33,"playtime":1018,"items_purged":["Strike_R","Strike_R","Strike_R"],"score":251,"play_id":"6716798a-8639-4008-be65-62a5efb8d696","local_time":"20201221154050","is_ascension_mode":false,"campfire_choices":[{"data":"Spot Weakness","floor":11,"key":"SMITH"},{"floor":15,"key":"REST"},{"data":"Heavy Blade","floor":25,"key":"SMITH"},{"floor":28,"key":"REST"},{"floor":32,"key":"REST"}],"circlet_count":0,"master_deck":["Strike_R+1","Defend_R","Defend_R","Defend_R","Defend_R","Bash","Pommel Strike","Shrug It Off","Spot Weakness+1","Twin Strike","Cleave+1","Bloodletting","Sword Boomerang","Ghostly Armor","Limit Break+1","Thunderclap","Heavy Blade+1","Seeing Red"],"relics":["Burning Blood","Bronze Scales","Gremlin Horn","Boot","Dream Catcher","SacredBark","Whetstone","Kunai"],"acts_visited":["Exordium","TheCity"],"potions_floor_usage":[6,6,13,16,18,20,33],"damage_taken":[{"damage":10,"enemies":"Jaw Worm","floor":1,"turns":5},{"damage":1,"enemies":"Cultist","floor":2,"turns":3},{"damage":2,"enemies":"2 Louse","floor":3,"turns":3},{"damage":11,"enemies":"Exordium Thugs","floor":6,"turns":4},{"damage":9,"enemies":"Blue Slaver","floor":7,"turns":4},{"damage":15,"enemies":"Lots of Slimes","floor":8,"turns":4},{"damage":9,"enemies":"3 Sentries","floor":13,"turns":5},{"damage":16,"enemies":"Exordium Wildlife","floor":14,"turns":3},{"damage":34,"enemies":"Slime Boss","floor":16,"turns":10},{"damage":18,"enemies":"Chosen","floor":18,"turns":6},{"damage":3,"enemies":"3 Byrds","floor":19,"turns":3},{"damage":10,"enemies":"Snecko","floor":20,"turns":5},{"damage":25,"enemies":"Shelled Parasite and Fungi","floor":21,"turns":6},{"damage":16,"enemies":"Chosen and Byrds","floor":24,"turns":6},{"damage":21,"enemies":"Snake Plant","floor":30,"turns":4},{"damage":94,"enemies":"Automaton","floor":33,"turns":6}],"seed_played":"-7584678950622129808","potions_obtained":[{"floor":2,"key":"Strength Potion"},{"floor":3,"key":"PowerPotion"},{"floor":7,"key":"ColorlessPotion"},{"floor":13,"key":"PowerPotion"},{"floor":16,"key":"AttackPotion"},{"floor":19,"key":"LiquidMemories"},{"floor":30,"key":"ColorlessPotion"}],"is_trial":false,"path_per_floor":["M","M","M","?","$","M","M","M","T","$","R","T","E","M","R","B",null,"M","M","M","M","$","?","M","R","T","?","R","$","M","T","R","B"],"character_chosen":"IRONCLAD","items_purchased":["Spot Weakness","Bronze Scales"],"campfire_rested":3,"item_purchase_floors":[5,5],"current_hp_per_floor":[76,80,80,80,80,75,72,63,63,63,63,63,60,50,74,46,80,68,71,67,48,48,48,38,38,38,38,62,62,47,47,71,0,0],"gold":110,"neow_bonus":"HUNDRED_GOLD","is_daily":false,"chose_seed":false,"campfire_upgraded":2,"win_rate":0.0,"timestamp":1608532850,"path_taken":["M","M","M","?","$","M","M","?","T","?","R","?","E","M","R","BOSS","M","M","?","M","?","?","?","R","T","?","R","$","?","?","R","BOSS"],"items_purchased_type":["Card","Relic"],"build_version":"2020-12-13","purchased_purges":3,"victory":false,"max_hp_per_floor":[80,80,80,80,80,80,80,80,80,80,80,80,80,80,80,80,80,80,80,80,80,80,80,80,80,80,80,80,80,80,80,80,80,80],"card_choices":[{"not_picked":["Iron Wave","Burning Pact"],"picked":"Pommel Strike","floor":1},{"not_picked":["Blood for Blood","Iron Wave","Clash"],"picked":"SKIP","floor":2},{"not_picked":["Sword Boomerang","Flex"],"picked":"Shrug It Off","floor":3},{"not_picked":["Perfected Strike","Hemokinesis","Juggernaut"],"picked":"SKIP","floor":6},{"not_picked":["Wild Strike","Intimidate"],"picked":"Twin Strike","floor":7},{"not_picked":["Combust","Shrug It Off"],"picked":"Cleave","floor":8},{"not_picked":["Juggernaut","Feel No Pain"],"picked":"Bloodletting","floor":13},{"not_picked":["Fire Breathing","Uppercut"],"picked":"Sword Boomerang","floor":14},{"not_picked":["Spot Weakness","True Grit"],"picked":"Ghostly Armor","floor":15},{"not_picked":["Brutality","Exhume"],"picked":"Limit Break","floor":16},{"not_picked":["Dark Embrace+1","Havoc+1","Pommel Strike"],"picked":"SKIP","floor":18},{"not_picked":["Searing Blow","Shockwave+1","Pommel Strike"],"picked":"SKIP","floor":19},{"not_picked":["Havoc","Bloodletting"],"picked":"Thunderclap","floor":20},{"not_picked":["Cleave","Clothesline+1","Burning Pact+1"],"picked":"SKIP","floor":21},{"not_picked":["Perfected Strike","Warcry+1"],"picked":"Heavy Blade","floor":24},{"not_picked":["Bludgeon","Infernal Blade+1"],"picked":"Seeing Red","floor":30}],"player_experience":156753,"relics_obtained":[{"floor":9,"key":"Gremlin Horn"},{"floor":12,"key":"Boot"},{"floor":13,"key":"Dream Catcher"},{"floor":26,"key":"Whetstone"},{"floor":31,"key":"Kunai"}],"event_choices":[{"cards_removed":["Strike_R"],"damage_healed":0,"gold_gain":0,"player_choice":"Purged","damage_taken":0,"max_hp_gain":0,"max_hp_loss":0,"event_name":"Purifier","floor":4,"gold_loss":0},{"damage_healed":0,"gold_gain":0,"player_choice":"Upgrade","damage_taken":0,"max_hp_gain":0,"max_hp_loss":0,"event_name":"Designer","floor":23,"gold_loss":40,"cards_upgraded":["Limit Break"]},{"damage_healed":0,"gold_gain":100,"player_choice":"Pray","damage_taken":0,"max_hp_gain":0,"max_hp_loss":0,"event_name":"Golden Shrine","floor":27,"gold_loss":0}],"is_beta":false,"boss_relics":[{"not_picked":["Ectoplasm","Runic Cube"],"picked":"SacredBark"}],"items_purged_floors":[10,22,29],"is_endless":false,"potions_floor_spawned":[2,3,7,13,16,19,30],"killed_by":"Automaton","ascension_level":0}}