{"host":"nox","time":1608563519,"event":{"mods":["Aspiration","BaseMod","Better Third Choice","Colored Powertips","Conspire","Hubris","Infinite Spire","Minty Spire (QoL Compilation)","Quick Restart","Rare Cards Sparkle","Replay The Spire","Shop Mod","Spikes Relics","StSLib","SuperFastMode","The Alterego","vexMod"],"gold_per_floor":[112,112,132,132,147,181,181,194,219,73,73,73],"floor_reached":11,"playtime":268,"items_purged":[],"score":110,"play_id":"3cb435bd-15bf-441d-a203-58c782628dda","local_time":"20201221221159","is_ascension_mode":true,"campfire_choices":[{"data":"Armaments","floor":7,"key":"SMITH"}],"circlet_count":0,"master_deck":["AscendersBane","Strike_R","Strike_R","Strike_R","Strike_R","Strike_R","Defend_R","Defend_R","Defend_R","Defend_R","Anger","Metallicize+1","Armaments+1","Berserk+1"],"relics":["Burning Blood","Golden Idol","Blue Doll","Juzu Bracelet","Guide Book"],"acts_visited":["Exordium"],"potions_floor_usage":[6,6,11],"damage_taken":[{"damage":4.0,"enemies":"Small Slimes","floor":1.0,"turns":4.0},{"damage":10.0,"enemies":"Cultist","floor":3.0,"turns":4.0},{"damage":18.0,"enemies":"Jaw Worm","floor":5.0,"turns":4.0},{"damage":37,"enemies":"Gremlin Nob","floor":6,"turns":5},{"damage":24,"enemies":"Lots of Slimes","floor":8,"turns":6},{"damage":17,"enemies":"3 Sentries","floor":11,"turns":4}],"seed_played":"362246398259429685","potions_obtained":[{"floor":1.0,"key":"ColorlessPotion"},{"floor":3.0,"key":"Venom Potion"},{"floor":6,"key":"SpeedPotion"}],"is_trial":false,"path_per_floor":["M","?","M","?","M","E","R","M","T","$","E"],"character_chosen":"IRONCLAD","items_purchased":["Guide Book"],"campfire_rested":0,"item_purchase_floors":[10],"current_hp_per_floor":[82,81,77,77,65,34,34,16,16,16,0,0],"gold":73,"neow_bonus":"TEN_PERCENT_HP_BONUS","is_daily":false,"chose_seed":false,"campfire_upgraded":1,"win_rate":0.0,"timestamp":1608563519,"path_taken":["M","?","M","?","M","E","R","M","T","$","E"],"items_purchased_type":["Relic"],"build_version":"2020-11-17","purchased_purges":0,"victory":false,"max_hp_per_floor":[88,81,81,81,81,81,81,81,81,81,81,81],"card_choices":[{"not_picked":["Flame Barrier","Dark Embrace"],"picked":"Anger","floor":1.0},{"not_picked":["Body Slam","Disarm","Warcry"],"picked":"SKIP","floor":3.0},{"not_picked":["Disarm","Evolve"],"picked":"Metallicize","floor":5.0},{"not_picked":["Sword Boomerang","hubris:ReadiedAction"],"picked":"Armaments","floor":6},{"not_picked":["Sword Boomerang","Abandon"],"picked":"Berserk","floor":8}],"player_experience":211521,"relics_obtained":[{"floor":6,"key":"Blue Doll"},{"floor":9,"key":"Juzu Bracelet"}],"event_choices":[{"damage_healed":0.0,"max_hp_gain":0.0,"max_hp_loss":7.0,"gold_gain":0.0,"event_name":"Golden Idol","player_choice":"Lose Max HP","floor":2.0,"gold_loss":0.0,"damage_taken":0.0,"relics_obtained":["Golden Idol"]},{"cards_removed":["Bash"],"damage_healed":0.0,"max_hp_gain":0.0,"max_hp_loss":0.0,"gold_gain":0.0,"event_name":"Bonfire Elementals","player_choice":"Offered Basic","floor":4.0,"gold_loss":0.0,"damage_taken":0.0}],"is_beta":true,"boss_relics":[],"items_purged_floors":[],"is_endless":false,"potions_floor_spawned":[1,3,6],"killed_by":"3 Sentries","ascension_level":10}}