{"host":"6azrrw3tf7wb0f4b","time":1608528480,"event":{"mods":["BaseMod","DeckTracker","Minty Spire (QoL Compilation)","SuperFastMode"],"gold_per_floor":[112,112,129,144,219,219,50,78,114,126,138,163,175,207,219,231,231],"floor_reached":16,"playtime":278,"items_purged":[],"score":185,"play_id":"3aa9d476-e19e-4f85-8c16-5efe2f5f4676","local_time":"20201221142800","is_ascension_mode":true,"campfire_choices":[{"data":"Double Tap","floor":6.0,"key":"SMITH"},{"floor":10.0,"key":"REST"},{"data":"Twin Strike","floor":15,"key":"SMITH"}],"circlet_count":0,"master_deck":["AscendersBane","Strike_R","Strike_R","Strike_R","Defend_R","Defend_R","Defend_R","Bash","Double Tap+1","Pummel","Disarm","Shrug It Off","Twin Strike+1","Feed","Headbutt","Heavy Blade","Flame Barrier"],"relics":["Burning Blood","MawBank","Tiny Chest","CultistMask"],"acts_visited":["Exordium"],"potions_floor_usage":[14],"damage_taken":[{"damage":2.0,"enemies":"Jaw Worm","floor":1.0,"turns":6.0},{"damage":10.0,"enemies":"2 Louse","floor":3.0,"turns":3.0},{"damage":0.0,"enemies":"Cultist","floor":4.0,"turns":3.0},{"damage":31.0,"enemies":"Gremlin Nob","floor":8.0,"turns":5.0},{"damage":20.0,"enemies":"Gremlin Gang","floor":12.0,"turns":4.0},{"damage":6,"enemies":"Exordium Thugs","floor":14,"turns":3},{"damage":36,"enemies":"Slime Boss","floor":16,"turns":6}],"seed_played":"2745949086735974373","potions_obtained":[{"floor":8.0,"key":"Fire Potion"},{"floor":12.0,"key":"Explosive Potion"},{"floor":14,"key":"GamblersBrew"}],"is_trial":false,"path_per_floor":["M","?","M","M","?","R","$","E","T","R","?","M","?","M","R","B"],"character_chosen":"IRONCLAD","items_purchased":["Feed"],"campfire_rested":1,"item_purchase_floors":[7],"current_hp_per_floor":[54,47,43,49,38,38,38,16,16,39,39,28,28,31,31,0,0],"gold":231,"neow_bonus":"TRANSFORM_TWO_CARDS","is_daily":false,"chose_seed":false,"campfire_upgraded":2,"win_rate":0.0,"timestamp":1608528480,"path_taken":["M","?","M","M","?","R","$","E","T","R","?","M","?","?","R","BOSS"],"items_purchased_type":["Card"],"build_version":"2020-12-13","purchased_purges":0,"victory":false,"max_hp_per_floor":[75,75,75,75,75,75,75,78,78,78,78,81,81,84,84,84,84],"card_choices":[{"not_picked":["Headbutt","Flex"],"picked":"Disarm","floor":1.0},{"not_picked":["Spot Weakness","Havoc"],"picked":"Shrug It Off","floor":3.0},{"not_picked":["Clash","Body Slam"],"picked":"Twin Strike","floor":4.0},{"not_picked":["Cleave","Clothesline"],"picked":"Headbutt","floor":8.0},{"not_picked":["Flex","Shrug It Off"],"picked":"Heavy Blade","floor":12.0},{"not_picked":["Reckless Charge","Pommel Strike"],"picked":"Flame Barrier","floor":14}],"player_experience":638770,"relics_obtained":[{"floor":8.0,"key":"MawBank"},{"floor":9.0,"key":"Tiny Chest"}],"event_choices":[{"cards_removed":["Defend_R"],"damage_healed":0.0,"max_hp_gain":0.0,"max_hp_loss":0.0,"gold_gain":0.0,"event_name":"Golden Wing","player_choice":"Card Removal","floor":2.0,"gold_loss":0.0,"damage_taken":7.0},{"damage_healed":0.0,"max_hp_gain":0.0,"max_hp_loss":0.0,"gold_gain":75.0,"event_name":"World of Goop","player_choice":"Gather Gold","floor":5.0,"gold_loss":0.0,"damage_taken":11.0},{"damage_healed":0.0,"max_hp_gain":0.0,"max_hp_loss":0.0,"gold_gain":0.0,"event_name":"Liars Game","player_choice":"Ignored","floor":11.0,"gold_loss":0.0,"damage_taken":0.0},{"damage_healed":0.0,"max_hp_gain":0.0,"max_hp_loss":0.0,"gold_gain":0.0,"event_name":"FaceTrader","player_choice":"Trade","floor":13.0,"gold_loss":0.0,"damage_taken":0.0,"relics_obtained":["CultistMask"]}],"is_beta":false,"boss_relics":[],"items_purged_floors":[],"is_endless":false,"potions_floor_spawned":[8,12,14],"killed_by":"Slime Boss","ascension_level":17}}