{"host":"zdznbz1vk7bo8bwe","time":1608510832,"event":{"mods":["Act Like it!","Aspiration","BaseMod","Better-Laid Plans","Block Reminder","Conspire","Custom Start","Defuse TimeMaze Blight","Ekko","Elementarium","Energized Spire","Gensokyo","Hubris","Infinite Spire","Jedi Mod","Jorbs\u0027s Wanderer Trilogy","Lobotomy","Menagerie","Minty Spire (QoL Compilation)","Rare Cards Sparkle","Replay The Spire","Spicy Shops","StSLib","The Animator","The Bug Knight","The Cursed","The Factory","The Jungle","The Vixen","Transform Curses","vexMod"],"gold_per_floor":[109,127,127,202,202,202,241,262,262,296,4,28,28,42,42,163,163,181,107,107,128,128,172,172,207,207,230,230,271,271,289,289,413,413,428,428,428,452,473,513,513,571,598,598,598,598],"floor_reached":45,"playtime":7070,"items_purged":[],"score":723,"play_id":"9a7cd5e1-fd8b-4d6c-a3d5-13060c941a88","local_time":"20201220163352","daily_mods":["SealedDeck","Heirloom","Elite Swarm","Lethality"],"is_ascension_mode":true,"campfire_choices":[{"data":"ekkoTheBoyWhoShatteredTime:PhaseDive","floor":6.0,"key":"SMITH"},{"floor":13.0,"key":"REST"},{"data":"ekkoTheBoyWhoShatteredTime:HailOfBlades","floor":15.0,"key":"SMITH"},{"data":"ekkoTheBoyWhoShatteredTime:Disturblast","floor":24.0,"key":"SMITH"},{"data":"ekkoTheBoyWhoShatteredTime:HauntingGuise","floor":28.0,"key":"SMITH"},{"data":"ekkoTheBoyWhoShatteredTime:KeepingMomentum","floor":32.0,"key":"SMITH"},{"data":"ekkoTheBoyWhoShatteredTime:TimeRecall","floor":41,"key":"SMITH"},{"data":"ekkoTheBoyWhoShatteredTime:HailOfBlades","floor":44,"key":"SMITH"}],"circlet_count":0,"master_deck":["ekkoTheBoyWhoShatteredTime:HauntingGuise+1","ekkoTheBoyWhoShatteredTime:Greed","ekkoTheBoyWhoShatteredTime:WideSlice","ekkoTheBoyWhoShatteredTime:NeedlesslyLargeRod","ekkoTheBoyWhoShatteredTime:NeedlesslyLargeRod","ekkoTheBoyWhoShatteredTime:WideSlice","ekkoTheBoyWhoShatteredTime:PhaseDive+1","ekkoTheBoyWhoShatteredTime:Knowledge","ekkoTheBoyWhoShatteredTime:KeepingMomentum+1","ekkoTheBoyWhoShatteredTime:TimeRecall+1","ekkoTheBoyWhoShatteredTime:CommittedStrike","ekkoTheBoyWhoShatteredTime:Powered","ekkoTheBoyWhoShatteredTime:HailOfBlades+1","ekkoTheBoyWhoShatteredTime:Dash+1","ekkoTheBoyWhoShatteredTime:Disturblast+1","ekkoTheBoyWhoShatteredTime:GrandeFinale","ekkoTheBoyWhoShatteredTime:KeepingMomentum","ekkoTheBoyWhoShatteredTime:HailOfBlades+1"],"relics":["ekkoTheBoyWhoShatteredTime:zDriveGreediness","replay:Trail_Library","vexMod:RetaliationKit","Golden Idol","hubris:DisguiseKit","infinitespire:CheckeredPen","Replay:Bottled Steam","aspiration:TomeofQuesting","infinitespire:Bottled Soul","Boot","conspire:DecoderRing","Potion Belt","Vajra","Sundial","Bronze Scales"],"acts_visited":["Exordium","Exordium","theJungle:Jungle"],"potions_floor_usage":[],"damage_taken":[{"damage":6.0,"enemies":"conspire:RoseBush","floor":1.0,"turns":1.0},{"damage":0.0,"enemies":"2 Louse","floor":2.0,"turns":1.0},{"damage":21.0,"enemies":"Lagavulin","floor":7.0,"turns":3.0},{"damage":3.0,"enemies":"Cultist","floor":8.0,"turns":2.0},{"damage":12.0,"enemies":"3 Sentries","floor":10.0,"turns":2.0},{"damage":0.0,"enemies":"Red Slaver","floor":12.0,"turns":1.0},{"damage":4.0,"enemies":"Exordium Wildlife","floor":14.0,"turns":2.0},{"damage":3.0,"enemies":"Slime Boss","floor":16.0,"turns":3.0},{"damage":0.0,"enemies":"Shell Parasite","floor":18.0,"turns":1.0},{"damage":0.0,"enemies":"theJungle:GiantWrat","floor":21.0,"turns":2.0},{"damage":0.0,"enemies":"theJungle:Cassacara","floor":23.0,"turns":2.0},{"damage":0.0,"enemies":"theJungle:MamaSnecko","floor":25.0,"turns":2.0},{"damage":0.0,"enemies":"theJungle:Lyon","floor":27.0,"turns":1.0},{"damage":0.0,"enemies":"theJungle:2_Phrogs","floor":29.0,"turns":2.0},{"damage":0.0,"enemies":"theJungle:SlimyTreeVines","floor":31.0,"turns":1.0},{"damage":0.0,"enemies":"theJungle:QueenSpyder","floor":33.0,"turns":3.0},{"damage":0,"enemies":"theFactory:4_Mini-Bots","floor":35,"turns":1},{"damage":0,"enemies":"theFactory:BigBot","floor":38,"turns":1},{"damage":3,"enemies":"theFactory:DecayingSentinel","floor":39,"turns":3},{"damage":19,"enemies":"theFactory:DrinkBrewer","floor":40,"turns":2},{"damage":0,"enemies":"theFactory:SmogElemental","floor":42,"turns":2},{"damage":57,"enemies":"Nightmare","floor":45,"turns":2}],"seed_played":"-982909878451444565","potions_obtained":[{"floor":1.0,"key":"BlessingOfTheForge"},{"floor":8.0,"key":"Block Potion"},{"floor":12.0,"key":"Fire Potion"},{"floor":16.0,"key":"Toxic Potion"},{"floor":18.0,"key":"Swift Potion"},{"floor":25.0,"key":"Elixir"},{"floor":27.0,"key":"LifebloodPotion"},{"floor":33.0,"key":"jedi:mysterypotion"},{"floor":39,"key":"Venom Potion"},{"floor":42,"key":"PowerPotion"}],"is_trial":true,"path_per_floor":["M","M","?","?","T","R","E","M","T","E","$","M","R","M","R","B",null,"M","$","?","M","$","E","R","E","T","M","R","E","?","M","R","B",null,"M","?","?","M","M","E","R","E","T","R","NM"],"character_chosen":"EKKO_THE_BOY_WHO_SHATTERED_TIME","items_purchased":["infinitespire:Bottled Soul","Strength Potion","ekkoTheBoyWhoShatteredTime:Disturblast"],"campfire_rested":1,"item_purchase_floors":[11,11,19],"current_hp_per_floor":[72,72,53,42,42,42,21,18,18,6,6,6,29,25,25,22,78,78,78,78,78,78,78,78,78,78,78,78,78,78,78,78,78,78,78,78,71,71,68,49,49,52,52,52,0,0],"gold":598,"neow_bonus":"","is_daily":false,"chose_seed":false,"campfire_upgraded":7,"win_rate":0.0,"timestamp":1608510832,"path_taken":["M","M","?","?","?","R","E","?","T","E","?","M","R","M","R","BOSS","M","$","?","M","$","E","R","E","T","M","R","E","?","M","R","BOSS","M","?","?","?","M","E","R","E","T","R","NM"],"items_purchased_type":["Relic","Potion","Card"],"build_version":"2020-12-13","purchased_purges":0,"victory":false,"max_hp_per_floor":[78,78,78,78,78,78,78,78,78,78,78,78,78,78,78,78,78,78,78,78,78,78,78,78,78,78,78,78,78,78,78,78,78,78,78,78,78,78,78,78,78,78,78,78,78,78],"card_choices":[{"not_picked":["ekkoTheBoyWhoShatteredTime:DefensiveStance","ekkoTheBoyWhoShatteredTime:AfterimageHit"],"picked":"ekkoTheBoyWhoShatteredTime:CommittedStrike","floor":1.0},{"not_picked":["ekkoTheBoyWhoShatteredTime:AfterimageSetup","ekkoTheBoyWhoShatteredTime:LoadUp","ekkoTheBoyWhoShatteredTime:HauntedAfterimage"],"picked":"SKIP","floor":2.0},{"not_picked":["ekkoTheBoyWhoShatteredTime:TrinityForce","ekkoTheBoyWhoShatteredTime:SandstormSympathy","Venomology"],"picked":"ekkoTheBoyWhoShatteredTime:Powered","floor":7.0},{"not_picked":["ekkoTheBoyWhoShatteredTime:NaggingBlow","ekkoTheBoyWhoShatteredTime:WideSlice","ekkoTheBoyWhoShatteredTime:WaitForKeyTiming","jedi:collectorvenom"],"picked":"SKIP","floor":8.0},{"not_picked":["ekkoTheBoyWhoShatteredTime:Powered","ekkoTheBoyWhoShatteredTime:Unleashed","ekkoTheBoyWhoShatteredTime:TrickOrTreatTrend","jedi:studyshivs"],"picked":"SKIP","floor":10.0},{"not_picked":["ekkoTheBoyWhoShatteredTime:FluidEnergy","ekkoTheBoyWhoShatteredTime:HauntingGuise","ekkoTheBoyWhoShatteredTime:IcebornGauntlet","Blade Dance"],"picked":"SKIP","floor":12.0},{"not_picked":["ekkoTheBoyWhoShatteredTime:RecallingPunch","ekkoTheBoyWhoShatteredTime:IcebornGauntlet","Prepared"],"picked":"ekkoTheBoyWhoShatteredTime:HailOfBlades","floor":14.0},{"not_picked":["ekkoTheBoyWhoShatteredTime:WideSlice","ekkoTheBoyWhoShatteredTime:Process+1","Dagger Spray"],"picked":"ekkoTheBoyWhoShatteredTime:Dash+1","floor":18.0},{"not_picked":["ekkoTheBoyWhoShatteredTime:CalmingWaves+1","ekkoTheBoyWhoShatteredTime:Timewinder","ekkoTheBoyWhoShatteredTime:QuickBreak","Sucker Punch"],"picked":"SKIP","floor":21.0},{"not_picked":["ekkoTheBoyWhoShatteredTime:URF","ekkoTheBoyWhoShatteredTime:TimeIndustry","ekkoTheBoyWhoShatteredTime:ZhonyasHourglass","Die Die Die"],"picked":"SKIP","floor":23.0},{"not_picked":["ekkoTheBoyWhoShatteredTime:OverloadingWeapon","ekkoTheBoyWhoShatteredTime:ZhonyasHourglass","ReplayTheSpireMod:Necrosis"],"picked":"ekkoTheBoyWhoShatteredTime:GrandeFinale","floor":25.0},{"not_picked":["ekkoTheBoyWhoShatteredTime:Backtrack","ekkoTheBoyWhoShatteredTime:AfterimageTease","ekkoTheBoyWhoShatteredTime:Timewinder+1","Sucker Punch"],"picked":"SKIP","floor":27.0},{"not_picked":["ekkoTheBoyWhoShatteredTime:Unleashed","ekkoTheBoyWhoShatteredTime:Powered","ekkoTheBoyWhoShatteredTime:GrandeFinale","Grand Finale"],"picked":"SKIP","floor":29.0},{"not_picked":["ekkoTheBoyWhoShatteredTime:WideSlice","ekkoTheBoyWhoShatteredTime:Dash","ekkoTheBoyWhoShatteredTime:QuickBreak+1","Backstab"],"picked":"SKIP","floor":31.0},{"not_picked":["ekkoTheBoyWhoShatteredTime:Greed","ekkoTheBoyWhoShatteredTime:WaitForKeyTiming+1","ekkoTheBoyWhoShatteredTime:Backtrack+1","Dagger Spray"],"picked":"SKIP","floor":35},{"not_picked":["ekkoTheBoyWhoShatteredTime:NeedlesslyLargeRod","ekkoTheBoyWhoShatteredTime:Confident","ekkoTheBoyWhoShatteredTime:AfterimageHit+1","Well Laid Plans"],"picked":"SKIP","floor":38},{"not_picked":["ekkoTheBoyWhoShatteredTime:DuplicateTimelines","ekkoTheBoyWhoShatteredTime:LevelUp","ekkoTheBoyWhoShatteredTime:ComeAtMe","Bane"],"picked":"SKIP","floor":39},{"not_picked":["ekkoTheBoyWhoShatteredTime:Discharge","ekkoTheBoyWhoShatteredTime:TrinityForce","ekkoTheBoyWhoShatteredTime:GuinsoosRageblade","ReplayTheSpireMod:From All Sides"],"picked":"SKIP","floor":40},{"not_picked":["ekkoTheBoyWhoShatteredTime:SandstormSympathy","ekkoTheBoyWhoShatteredTime:Powered","ekkoTheBoyWhoShatteredTime:ZhonyasHourglass","Corpse Explosion"],"picked":"SKIP","floor":42}],"player_experience":24265,"relics_obtained":[{"floor":5.0,"key":"hubris:DisguiseKit"},{"floor":7.0,"key":"infinitespire:CheckeredPen"},{"floor":9.0,"key":"Replay:Bottled Steam"},{"floor":10.0,"key":"aspiration:TomeofQuesting"},{"floor":23.0,"key":"Boot"},{"floor":25.0,"key":"conspire:DecoderRing"},{"floor":29.0,"key":"Potion Belt"},{"floor":40,"key":"Vajra"},{"floor":42,"key":"Sundial"},{"floor":43,"key":"Bronze Scales"}],"event_choices":[{"damage_healed":0.0,"max_hp_gain":0.0,"max_hp_loss":0.0,"gold_gain":0.0,"event_name":"Golden Idol","player_choice":"Take Damage","floor":3.0,"gold_loss":0.0,"damage_taken":19.0,"relics_obtained":["Golden Idol"]},{"damage_healed":0.0,"max_hp_gain":0.0,"max_hp_loss":0.0,"gold_gain":75.0,"event_name":"World of Goop","player_choice":"Gather Gold","floor":4.0,"gold_loss":0.0,"damage_taken":11.0},{"damage_healed":0,"gold_gain":0,"player_choice":"Damaged","damage_taken":7,"max_hp_gain":0,"max_hp_loss":0,"event_name":"Wheel of Change","floor":37,"gold_loss":0}],"is_beta":false,"boss_relics":[{"not_picked":["Snecko Eye","Calling Bell"],"picked":"ekkoTheBoyWhoShatteredTime:zDriveGreediness"},{"not_picked":["hubris:RunicObelisk","aspiration:PoetsPen_weak","vexMod:RockOfEvil"]}],"items_purged_floors":[],"is_endless":false,"potions_floor_spawned":[1,8,12,16,18,25,27,33,39,42],"killed_by":"Nightmare","ascension_level":1}}