{"host":"iyvjjqtjrywxqc57","time":1608564650,"event":{"mods":["AchievementEnabler","BaseMod","Bestiary","Colored Map","Colored Powertips","Downfall","Minty Spire (QoL Compilation)","Quick Restart","Rare Cards Sparkle","StSLib"],"gold_per_floor":[99,134,59,90,90,102,147,72,72,97,117,80,96,120,140,140,140],"floor_reached":16,"playtime":1803,"items_purged":[],"score":195,"play_id":"d8471553-c530-46a6-a5a5-8c01fa3c66cd","local_time":"20201221093050","is_ascension_mode":false,"campfire_choices":[{"floor":1,"key":"RECALL"},{"data":"sneckomod:UnknownUncommonPower","floor":3,"key":"SMITH"},{"data":"sneckomod:Unknown0Cost","floor":8,"key":"SMITH"}],"circlet_count":0,"master_deck":["sneckomod:Strike","sneckomod:Strike","sneckomod:Defend","sneckomod:Defend","sneckomod:Defend","sneckomod:TailWhip","sneckomod:SnekBite","sneckomod:Unknown","sneckomod:Unknown","sneckomod:UnknownUncommonPower+1","sneckomod:Unknown0Cost+1","sneckomod:DiceBlock","sneckomod:UnknownStrike","Iron Wave","sneckomod:UnknownUncommonAttack","sneckomod:Unknown0Cost","sneckomod:Unknown1Cost","sneckomod:UnknownCommonSkill","sneckomod:Unknown1Cost","sneckomod:SoulExchange","sneckomod:Unknown1Cost"],"relics":["sneckomod:SneckoSoul","downfall:HeartsMalice","Smiling Mask","downfall:HeartBlessingRed","Regal Pillow","downfall:HeartBlessingBlue","Question Card"],"acts_visited":["Exordium"],"potions_floor_usage":[16,16,16],"damage_taken":[{"damage":0,"enemies":"Lagavulin","floor":2,"turns":1},{"damage":0,"enemies":"Gremlin Nob","floor":4,"turns":1},{"damage":0,"enemies":"2 Louse","floor":5,"turns":1},{"damage":0,"enemies":"Cultist","floor":6,"turns":4},{"damage":16,"enemies":"3 Sentries","floor":10,"turns":10},{"damage":6,"enemies":"Small Slimes","floor":11,"turns":3},{"damage":0,"enemies":"downfall:FleeingMerchant","floor":12,"turns":4},{"damage":24,"enemies":"Gremlin Gang","floor":13,"turns":5},{"damage":2,"enemies":"3 Louse","floor":14,"turns":3},{"damage":8,"enemies":"Exordium Thugs","floor":15,"turns":4},{"damage":60,"enemies":"downfall:Silent","floor":16,"turns":7}],"seed_played":"-9060619311595418439","potions_obtained":[{"floor":2,"key":"FearPotion"},{"floor":6,"key":"SteroidPotion"},{"floor":10,"key":"SpeedPotion"}],"is_trial":false,"path_per_floor":["R","E","R","E","M","M","T","R","?","E","M","$","M","M","M","B"],"character_chosen":"THE_SNECKO","items_purchased":["sneckomod:UnknownCommonSkill"],"campfire_rested":0,"item_purchase_floors":[12],"current_hp_per_floor":[90,91,91,92,92,93,93,103,103,88,83,85,68,66,59,0,0],"gold":140,"neow_bonus":"THREE_ENEMY_KILL","is_daily":false,"chose_seed":false,"campfire_upgraded":2,"win_rate":0.0,"timestamp":1608564650,"path_taken":["R","E","R","E","M","M","T","R","?","E","M","$","?","M","M","BOSS"],"items_purchased_type":["Card"],"build_version":"2020-12-13","purchased_purges":0,"victory":false,"max_hp_per_floor":[90,91,91,92,92,93,93,103,103,104,105,107,108,108,109,109,109],"card_choices":[{"not_picked":["sneckomod:SnakeSap","sneckomod:SerpentIdol"],"picked":"sneckomod:UnknownUncommonPower","floor":2},{"not_picked":["sneckomod:UnknownClassRED","sneckomod:ImprovisedGuard"],"picked":"sneckomod:Unknown0Cost","floor":4},{"not_picked":["sneckomod:QuickBite","sneckomod:WideSting"],"picked":"sneckomod:DiceBlock","floor":5},{"not_picked":["sneckomod:DiceCrush","sneckomod:SoulDraw"],"picked":"sneckomod:UnknownStrike","floor":6},{"not_picked":["sneckomod:UnknownWeak","sneckomod:SoulExchange"],"picked":"sneckomod:UnknownUncommonAttack","floor":10},{"not_picked":["sneckomod:ImprovisedGuard","sneckomod:UnknownWeak","sneckomod:DiceCrush"],"picked":"sneckomod:Unknown0Cost","floor":11},{"not_picked":["sneckomod:SlitherStrike","sneckomod:DiceBlock","sneckomod:UnknownVulnerable"],"picked":"sneckomod:Unknown1Cost","floor":12},{"not_picked":["sneckomod:DiceBoulder","sneckomod:QuickBite","sneckomod:UnknownClassGREEN"],"picked":"sneckomod:Unknown1Cost","floor":13},{"not_picked":["sneckomod:UnknownBlock","sneckomod:SlitherStrike","sneckomod:IronFang"],"picked":"sneckomod:SoulExchange","floor":14},{"not_picked":["sneckomod:WideSting","sneckomod:RainOfDice","sneckomod:UnknownBlock"],"picked":"sneckomod:Unknown1Cost","floor":15}],"player_experience":36572,"relics_obtained":[{"floor":2,"key":"Smiling Mask"},{"floor":4,"key":"Regal Pillow"},{"floor":10,"key":"Question Card"}],"event_choices":[{"cards_removed":["sneckomod:Strike"],"damage_healed":0,"gold_gain":0,"player_choice":"Took Card","damage_taken":0,"max_hp_gain":0,"max_hp_loss":0,"event_name":"NoteForYourself","floor":9,"gold_loss":0,"cards_obtained":["Iron Wave"]}],"is_beta":false,"boss_relics":[],"items_purged_floors":[],"is_endless":false,"potions_floor_spawned":[2,6,10,13,14],"killed_by":"downfall:Silent","ascension_level":0}}