{"host":"z9grmtg2w0nmz8n1","time":1608526219,"event":{"mods":["Aspiration","Bard","BaseMod","Beaked The Cultist","Better Altar","Better Match","Better Note","Better Sensory Stone","Better Skull","Better Third Choice","BetterRewards","CCEM","Colored Map","Conspire","Downfall","GifTheSpireLib","Googly Eyes","Halation","Hermit","Highlight Path","Hubris","Hunter ??","Jedi Mod","Jorbs\u0027s Wanderer Trilogy","Mad Scientist","Marisa????????","Minty Spire (QoL Compilation)","Permanent Neow","Replay The Spire","Shade Mod","Shop Mod","Spicy Shops","StSLib","Stuff the Spire","The Bug Knight","The Construct","The Necromancer","The Runesmith","The Witch","[IsaacMod]????"],"gold_per_floor":[99,114,134,163,163,4,86,86,11,43,61,81,200,215,225,324,324,249,334,334,74,84,110,187,187,219,144,4,144,156,156,171,268,268,268,293,110,127,160,160,160,179,179,212,285,285,304,304,324,324,324,349,122,122,122,122,122],"floor_reached":55,"playtime":4911,"items_purged":["Slimebound:Strike_Slimebound","Slimebound:Strike_Slimebound","Writhe","Slimebound:Tackle","Parasite"],"score":1003,"play_id":"7b56013c-23da-4d8d-a9d8-2992cfffa20e","local_time":"20201221025019","is_ascension_mode":false,"campfire_choices":[{"floor":1.0,"key":"RECALL"},{"data":"Slimebound:CorrosiveSpit","floor":9.0,"key":"SMITH"},{"floor":18.0,"key":"DIG"},{"data":"Slimebound:AcidTongue","floor":20.0,"key":"SMITH"},{"data":"Slimebound:LevelUp","floor":27.0,"key":"SMITH"},{"data":"Slimebound:LeechEnergy","floor":35.0,"key":"SMITH"},{"floor":54,"key":"REST"}],"circlet_count":0,"master_deck":["Slimebound:Defend_Slimebound","Slimebound:Defend_Slimebound","Slimebound:Defend_Slimebound","Slimebound:Defend_Slimebound","Slimebound:Split","Slimebound:CorrosiveSpit+1","Slimebound:AcidTongue+1","Slimebound:LeechEnergy","Slimebound:RainOfGoop","Slimebound:Schlurp+1","Slimebound:RejuvenatingLick","Slimebound:SamplingLick","Slimebound:LeechEnergy","Slimebound:SplitMire","Slimebound:SamplingLick","Slimebound:WasteNot","Slimebound:LeechEnergy+1","Slimebound:LeechEnergy","Slimebound:LevelUp+1","Slimebound:LevelUp+1","Slimebound:OneTwoCombo","Slimebound:LeechingTouch+1","Slimebound:SplitMire","Slimebound:OozeBath","Slimebound:SamplingLick","Slimebound:OozeBath","Slimebound:RejuvenatingLick","Slimebound:HauntingLick+1","Slimebound:Schlurp","Slimebound:Gluttony+1"],"relics":["Slimebound:AbsorbEndCombat","HushsDoor","SteamSale","CCEMRelics:Barrel","GuppysTail","hubris:Icosahedron","downfall:HeartBlessingRed","StuffTheSpire:Gunfinga","aspiration:MobileForge","downfall:HeartBlessingGreen","Thread and Needle","Orrery","Bag of Marbles","Lantern","hubris:PeanutButter","downfall:HeartBlessingBlue","Slimebound:SelfDamagePreventRelic","Orichalcum","Vajra","SlaversCollar","aspiration:AnachronicSnailShell","conspire:Flyswatter","MerchantsRug","Juzu Bracelet","conspire:InfiniteJournal","CCEMRelics:FryingPan","Blue Doll","Iron Hammer","halation:LettersToHer","Kunai"],"acts_visited":["Exordium","TheCity","TheBeyond","TheEnding"],"potions_floor_usage":[52,52,55],"damage_taken":[{"damage":23.0,"enemies":"Cultist","floor":2.0,"turns":5.0},{"damage":5.0,"enemies":"conspire:RoseBush","floor":3.0,"turns":4.0},{"damage":21.0,"enemies":"Replay:BlueRogue","floor":4.0,"turns":4.0},{"damage":21.0,"enemies":"downfall:FleeingMerchant","floor":6.0,"turns":4.0},{"damage":33.0,"enemies":"Gremlin Nob","floor":10.0,"turns":3.0},{"damage":5.0,"enemies":"Jaw Worm","floor":11.0,"turns":2.0},{"damage":2.0,"enemies":"Blue Slaver","floor":12.0,"turns":2.0},{"damage":20.0,"enemies":"2 Fungi Beasts","floor":13.0,"turns":2.0},{"damage":4.0,"enemies":"Red Slaver","floor":14.0,"turns":2.0},{"damage":12.0,"enemies":"Blue Slaver","floor":15.0,"turns":2.0},{"damage":27.0,"enemies":"downfall:Ironclad","floor":16.0,"turns":5.0},{"damage":12.0,"enemies":"downfall:FleeingMerchant","floor":21.0,"turns":4.0},{"damage":22.0,"enemies":"3 Byrds","floor":22.0,"turns":5.0},{"damage":32.0,"enemies":"conspire:Head Lice","floor":23.0,"turns":5.0},{"damage":27.0,"enemies":"Replay:Snechameleon","floor":26.0,"turns":4.0},{"damage":3.0,"enemies":"downfall:FleeingMerchant","floor":28.0,"turns":4.0},{"damage":7.0,"enemies":"downfall:FleeingMerchant","floor":29.0,"turns":1.0},{"damage":0.0,"enemies":"Snake Plant","floor":30.0,"turns":4.0},{"damage":4.0,"enemies":"conspire:HollyBat","floor":32.0,"turns":5.0},{"damage":34.0,"enemies":"downfall:Watcher","floor":33.0,"turns":5.0},{"damage":4.0,"enemies":"Nemesis","floor":36.0,"turns":6.0},{"damage":0.0,"enemies":"3 Shapes","floor":38.0,"turns":3.0},{"damage":5.0,"enemies":"beaked:SuperParasite","floor":39.0,"turns":6.0},{"damage":0.0,"enemies":"Orb Walker","floor":42.0,"turns":2.0},{"damage":4,"enemies":"HollowMod:StalkingDevout","floor":44,"turns":4},{"damage":1,"enemies":"Writhing Mass","floor":47,"turns":3},{"damage":13,"enemies":"Jaw Worm Horde","floor":49,"turns":3},{"damage":26,"enemies":"downfall:Silent","floor":50,"turns":4},{"damage":40,"enemies":"downfall:CharBossMerchant","floor":52,"turns":4},{"damage":144,"enemies":"Delirium","floor":55,"turns":14}],"seed_played":"9166121430726850986","potions_obtained":[{"floor":2.0,"key":"SneckoOil"},{"floor":4.0,"key":"ColorlessPotion"},{"floor":12.0,"key":"BlessingOfTheForge"},{"floor":14.0,"key":"ColorlessPotion"},{"floor":22.0,"key":"BlessingOfTheForge"},{"floor":23.0,"key":"GamblersBrew"},{"floor":33.0,"key":"Strength Potion"},{"floor":44,"key":"Slimebound:SlimedPotion"},{"floor":47,"key":"Dexterity Potion"},{"floor":49,"key":"jedi:StrikingPotion"}],"is_trial":false,"path_per_floor":["R","M","M","E","?","$","T","?","R","E","M","M","M","M","M","B",null,"R_BF","?","R","$","M","E","T","?","E","R","$","$","M","?","M","B",null,"R","E","$","M","E","T","T","M","?","E","?","?","M","T","M","B",null,"E","$","R","B"],"character_chosen":"SLIMEBOUND","items_purchased":["Slimebound:RejuvenatingLick","Orrery","Bag of Marbles","Slimebound:LeechEnergy","Slimebound:SelfDamagePreventRelic","Slimebound:SamplingLick","conspire:Flyswatter","MerchantsRug","Slimebound:Gluttony+1","Kunai"],"campfire_rested":1,"item_purchase_floors":[6,21,21,21,29,29,37,37,53,53],"current_hp_per_floor":[60,45,52,43,58,58,58,58,58,45,60,60,52,58,56,55,60,60,45,45,60,56,58,58,58,55,65,67,67,70,35,49,56,65,65,65,65,65,65,65,65,65,57,65,50,50,65,65,63,51,65,53,53,62,0,0,0],"gold":122,"neow_bonus":"THREE_CARDS","is_daily":false,"chose_seed":false,"campfire_upgraded":4,"win_rate":0.0,"timestamp":1608526219,"path_taken":["R","?","?","E","?","$","T","?","R","E","?","M","M","M","M","BOSS","R_BF","?","R","$","M","E","T","?","E","R","$","$","M","?","M","BOSS","R","E","$","M","E","?","T","M","?","E","?","?","M","?","M","BOSS","E","$","R","BOSS"],"items_purchased_type":["Card","Relic","Relic","Card","Relic","Card","Relic","Relic","Card","Relic"],"build_version":"2020-12-13","purchased_purges":5,"victory":false,"max_hp_per_floor":[60,60,60,60,60,60,60,60,60,60,60,60,60,60,60,60,60,60,60,60,60,60,60,60,60,60,70,70,70,70,70,70,70,65,65,65,65,65,65,65,65,65,65,65,65,65,65,65,65,65,65,65,62,62,62,62,62],"card_choices":[{"not_picked":[],"picked":"Bomb","floor":0.0},{"not_picked":["Slimebound:SamplingLick","Slimebound:FirmFortitude"],"picked":"Slimebound:AcidTongue","floor":0.0},{"not_picked":["Slimebound:PressTheAttack","Bomb"],"picked":"Slimebound:LeechEnergy","floor":2.0},{"not_picked":["Slimebound:SplitLeeching","Slimebound:GoopSpray"],"picked":"Slimebound:RainOfGoop","floor":3.0},{"not_picked":["Slimebound:GoopSpray","Slimebound:RollThrough","Slimebound:DuplicatedForm"],"picked":"SKIP","floor":4.0},{"not_picked":["Slimebound:RejuvenatingLick","Slimebound:ProtectTheBoss"],"picked":"Slimebound:Schlurp","floor":6.0},{"not_picked":["Slimebound:LeechEnergy","Slimebound:ItLooksTasty"],"picked":"Slimebound:SamplingLick","floor":10.0},{"not_picked":["Slimebound:GrowthPunch","Slimebound:GoopSpray"],"picked":"Slimebound:LeechEnergy","floor":11.0},{"not_picked":["Slimebound:Schlurp","Slimebound:Chomp"],"picked":"Slimebound:SplitMire","floor":12.0},{"not_picked":["Slimebound:PressTheAttack","Slimebound:SlimeSpikes"],"picked":"Slimebound:SamplingLick","floor":13.0},{"not_picked":["Slimebound:BestDefense","Slimebound:ServeAndProtect","Slimebound:SplitLeeching"],"picked":"SKIP","floor":14.0},{"not_picked":["Slimebound:SlimeSlap","Slimebound:Equalize"],"picked":"Bomb","floor":15.0},{"not_picked":["Slimebound:TagTeam","Slimebound:OneTwoCombo"],"picked":"Slimebound:WasteNot","floor":16.0},{"not_picked":["Slimebound:Teamwork","Slimebound:ViciousTackle","Slimebound:RallyTheTroops"],"picked":"SKIP","floor":21.0},{"not_picked":["Slimebound:ServeAndProtect","Slimebound:FinishingTackle+1"],"picked":"Slimebound:LevelUp","floor":22.0},{"not_picked":["Slimebound:Schlurp","Slimebound:OozeBath"],"picked":"Slimebound:LevelUp+1","floor":23.0},{"not_picked":["Slimebound:FirmFortitude+1","Slimebound:LeechEnergy"],"picked":"Slimebound:LeechingTouch+1","floor":26.0},{"not_picked":["Slimebound:RollThrough","Slimebound:DivideAndConquer"],"picked":"Slimebound:SplitMire","floor":28.0},{"not_picked":["Slimebound:SplitLeeching","Slimebound:GoopTackle"],"picked":"Slimebound:OozeBath","floor":29.0},{"not_picked":["Slimebound:FlameTackle","Slimebound:LivingWall+1","Slimebound:ComboTackle"],"picked":"SKIP","floor":30.0},{"not_picked":["Slimebound:ComboTackle+1","Slimebound:LeechingTouch","Slimebound:LivingWall"],"picked":"SKIP","floor":32.0},{"not_picked":["Slimebound:LeechLife","Slimebound:Teamwork"],"picked":"Slimebound:OozeBath","floor":33.0},{"not_picked":["Slimebound:ProtectTheBoss+1","Slimebound:FirmFortitude","Slimebound:ComboTackle"],"picked":"SKIP","floor":36.0},{"not_picked":["Slimebound:SplitBruiser+1","Slimebound:FinishingTackle+1","Slimebound:BestDefense+1"],"picked":"SKIP","floor":38.0},{"not_picked":["Slimebound:RainOfGoop+1","Slimebound:SplitLeeching+1"],"picked":"Slimebound:RejuvenatingLick","floor":39.0},{"not_picked":["Slimebound:FinishingTackle+1","Slimebound:SlimeSpikes+1"],"picked":"Slimebound:HauntingLick+1","floor":42.0},{"not_picked":["Slimebound:RollThrough","Slimebound:SlimeSlap","Slimebound:Prepare+1"],"picked":"SKIP","floor":44},{"not_picked":["Slimebound:SplitBruiser","Slimebound:SplitAcid+1"],"picked":"Slimebound:Schlurp","floor":47},{"not_picked":["Slimebound:ServeAndProtect","Slimebound:DivideAndConquer+1","Slimebound:SlimeBrawl"],"picked":"SKIP","floor":49},{"not_picked":["Slimebound:SlimeBarrage","Slimebound:ProtectTheBoss+1","Slimebound:Dissolve+1"],"picked":"SKIP","floor":52}],"player_experience":599165,"relics_obtained":[{"floor":4.0,"key":"CCEMRelics:Barrel"},{"floor":7.0,"key":"GuppysTail"},{"floor":10.0,"key":"StuffTheSpire:Gunfinga"},{"floor":18.0,"key":"Thread and Needle"},{"floor":23.0,"key":"Lantern"},{"floor":26.0,"key":"hubris:PeanutButter"},{"floor":36.0,"key":"aspiration:AnachronicSnailShell"},{"floor":39.0,"key":"Juzu Bracelet"},{"floor":40.0,"key":"conspire:InfiniteJournal"},{"floor":41.0,"key":"CCEMRelics:FryingPan"},{"floor":44,"key":"Blue Doll"},{"floor":48,"key":"Iron Hammer"},{"floor":52,"key":"halation:LettersToHer"}],"event_choices":[{"damage_healed":0.0,"max_hp_gain":0.0,"max_hp_loss":0.0,"gold_gain":0.0,"cards_transformed":["Slimebound:Strike_Slimebound"],"event_name":"Transmorgrifier","player_choice":"Transformed","floor":25.0,"gold_loss":0.0,"damage_taken":0.0,"cards_obtained":["Slimebound:OneTwoCombo"]},{"damage_healed":0.0,"max_hp_gain":0.0,"max_hp_loss":0.0,"gold_gain":0.0,"event_name":"betterSkull:BetterSkull","player_choice":"RE RE ","floor":31.0,"gold_loss":0.0,"damage_taken":39.0,"cards_upgraded":[],"relics_obtained":["Orichalcum","Vajra"]},{"damage_healed":0,"gold_gain":0,"player_choice":"Leave","damage_taken":0,"max_hp_gain":0,"max_hp_loss":0,"event_name":"conspire:Investor","floor":46,"gold_loss":0}],"is_beta":false,"boss_relics":[{"not_picked":["hubris:Stopwatch","Replay:Drink Me"],"picked":"aspiration:MobileForge"},{"not_picked":[]},{"not_picked":["Tiny House","halation:SmartPhone"],"picked":"SlaversCollar"},{"not_picked":[]}],"items_purged_floors":[6,21,28,34,53],"is_endless":false,"potions_floor_spawned":[2,4,12,14,22,23,33,44,47,49],"killed_by":"Delirium","ascension_level":0}}