{"host":"Jedit","time":1608576702,"event":{"mods":["BaseMod","Minty Spire (QoL Compilation)","Relic Stats","StSLib"],"gold_per_floor":[16,16,39,58,74,74,94,137,192,236,236,236,44,64,64,64,64],"floor_reached":16,"playtime":1146,"items_purged":["Strike_G"],"score":157,"play_id":"3e19bfaa-109c-4dcd-bbe6-8725a9a4ef8c","local_time":"20201221185142","is_ascension_mode":true,"campfire_choices":[{"data":"Footwork","floor":6.0,"key":"SMITH"},{"floor":12.0,"key":"REST"},{"data":"Endless Agony","floor":15.0,"key":"SMITH"}],"circlet_count":0,"master_deck":["Strike_G","Strike_G","Strike_G","Strike_G","Defend_G+1","Defend_G","Defend_G","Defend_G","Defend_G","Survivor","Neutralize","Acrobatics","Footwork+1","Deflect","Dagger Throw","Blade Dance","Setup+1","Concentrate","All Out Attack","Endless Agony+1"],"relics":["Ring of the Snake","Unceasing Top","Golden Idol","Omamori","Bag of Preparation","Meat on the Bone","War Paint"],"acts_visited":["Exordium"],"potions_floor_usage":[16],"damage_taken":[{"damage":0.0,"enemies":"Jaw Worm","floor":1.0,"turns":6.0},{"damage":2.0,"enemies":"Small Slimes","floor":3.0,"turns":5.0},{"damage":0.0,"enemies":"Cultist","floor":4.0,"turns":4.0},{"damage":3.0,"enemies":"Large Slime","floor":5.0,"turns":13.0},{"damage":0.0,"enemies":"3 Louse","floor":7.0,"turns":8.0},{"damage":21.0,"enemies":"Lagavulin","floor":8.0,"turns":10.0},{"damage":32.0,"enemies":"Gremlin Nob","floor":10.0,"turns":6.0},{"damage":2.0,"enemies":"Red Slaver","floor":14.0,"turns":3.0},{"damage":30,"enemies":"Hexaghost","floor":16,"turns":16}],"seed_played":"-6726407058192370500","potions_obtained":[{"floor":4.0,"key":"Swift Potion"},{"floor":5.0,"key":"SpeedPotion"},{"floor":8.0,"key":"PowerPotion"}],"is_trial":false,"path_per_floor":["M","?","M","M","M","R","M","E","T","E","?","R","$","M","R","B"],"character_chosen":"THE_SILENT","items_purchased":["Concentrate","All Out Attack"],"campfire_rested":1,"item_purchase_floors":[13,13],"current_hp_per_floor":[63,63,61,61,58,58,58,37,37,5,5,24,24,34,34,4,4],"gold":64,"neow_bonus":"ONE_RARE_RELIC","is_daily":false,"chose_seed":false,"campfire_upgraded":2,"win_rate":0.0,"timestamp":1608576702,"path_taken":["M","?","M","M","M","R","M","E","T","E","?","R","$","M","R","BOSS"],"items_purchased_type":["Card","Card"],"build_version":"2020-12-18","purchased_purges":1,"victory":false,"max_hp_per_floor":[70,65,65,65,65,65,65,65,65,65,65,65,65,65,65,65,65],"relic_stats":{"counters":[9,71],"Golden Idol":38,"Bag of Preparation":[6],"War Paint":["Defend_G","Setup"],"obtain_stats":[{"Golden Idol":2,"Omamori":8,"Bag of Preparation":9,"War Paint":11,"Unceasing Top":0,"Ring of the Snake":0,"Meat on the Bone":10},{"Golden Idol":1,"Omamori":6,"Bag of Preparation":6,"War Paint":7,"Unceasing Top":0,"Ring of the Snake":0,"Meat on the Bone":7},{"Golden Idol":6,"Omamori":46,"Bag of Preparation":46,"War Paint":52,"Unceasing Top":0,"Ring of the Snake":0,"Meat on the Bone":52}],"Unceasing Top":[39],"Ring of the Snake":[18],"Meat on the Bone":12},"card_choices":[{"not_picked":["PiercingWail","Finisher"],"picked":"Acrobatics","floor":1.0},{"not_picked":["Heel Hook","Bane"],"picked":"Footwork","floor":3.0},{"not_picked":["Setup","Quick Slash"],"picked":"Deflect","floor":4.0},{"not_picked":["Riddle With Holes","Dodge and Roll"],"picked":"Dagger Throw","floor":5.0},{"not_picked":["Eviscerate","Die Die Die"],"picked":"Blade Dance","floor":7.0},{"not_picked":["Dagger Throw","Sucker Punch"],"picked":"Underhanded Strike","floor":8.0},{"not_picked":["Sucker Punch","Prepared"],"picked":"Setup","floor":10.0},{"not_picked":["Flying Knee","Prepared"],"picked":"Endless Agony","floor":14.0}],"player_experience":3394271,"relics_obtained":[{"floor":8.0,"key":"Omamori"},{"floor":9.0,"key":"Bag of Preparation"},{"floor":10.0,"key":"Meat on the Bone"}],"event_choices":[{"damage_healed":0.0,"max_hp_gain":0.0,"max_hp_loss":5.0,"gold_gain":0.0,"event_name":"Golden Idol","player_choice":"Lose Max HP","floor":2.0,"gold_loss":0.0,"damage_taken":0.0,"relics_obtained":["Golden Idol"]},{"cards_removed":["Underhanded Strike"],"damage_healed":0.0,"max_hp_gain":0.0,"max_hp_loss":0.0,"gold_gain":0.0,"event_name":"WeMeetAgain","player_choice":"Gave Card","floor":11.0,"gold_loss":0.0,"damage_taken":0.0,"relics_obtained":["War Paint"]}],"is_beta":true,"boss_relics":[],"items_purged_floors":[13],"is_endless":false,"potions_floor_spawned":[4,5,8],"killed_by":"Hexaghost","ascension_level":8}}