{"host":"4cz9gr89nglr7k8k","time":1608581071,"event":{"mods":["BaseMod","Minty Spire (QoL Compilation)","Relic Stats","Slay-I"],"gold_per_floor":[113,58,70,86,86,86,118,118,145,157,188,199,199,210,210,287,287,307,232,248,248,248],"floor_reached":21,"playtime":631,"items_purged":[],"score":372,"play_id":"db717b98-1e10-426c-a801-7752ded4ada7","local_time":"20201221210431","is_ascension_mode":true,"campfire_choices":[{"floor":6,"key":"REST"},{"floor":8,"key":"REST"},{"floor":13,"key":"REST"},{"data":"Defragment","floor":15,"key":"SMITH"}],"circlet_count":0,"master_deck":["AscendersBane","Strike_B","Strike_B+1","Strike_B","Defend_B","Defend_B","Defend_B","Zap","Dualcast","Cold Snap","Genetic Algorithm","Compile Driver+1","Core Surge","Ball Lightning","Conserve Battery","White Noise","Gash","Ball Lightning","Sweeping Beam","Defragment+1","Biased Cognition","Undo+1","Cold Snap"],"relics":["Cracked Core","MealTicket","Dream Catcher","Question Card","Whetstone","Lantern","Empty Cage"],"acts_visited":["Exordium","TheCity"],"potions_floor_usage":[7,11,20,21],"damage_taken":[{"damage":8,"enemies":"Cultist","floor":1,"turns":5},{"damage":0,"enemies":"2 Louse","floor":3,"turns":3},{"damage":19,"enemies":"Small Slimes","floor":4,"turns":4},{"damage":9,"enemies":"Gremlin Nob","floor":7,"turns":3},{"damage":9,"enemies":"2 Fungi Beasts","floor":10,"turns":2},{"damage":10,"enemies":"3 Sentries","floor":11,"turns":6},{"damage":9,"enemies":"3 Louse","floor":12,"turns":2},{"damage":5,"enemies":"Exordium Wildlife","floor":14,"turns":3},{"damage":16,"enemies":"Slime Boss","floor":16,"turns":5},{"damage":29,"enemies":"Shell Parasite","floor":18,"turns":4},{"damage":10,"enemies":"Spheric Guardian","floor":20,"turns":5},{"damage":54,"enemies":"Masked Bandits","floor":21,"turns":3}],"seed_played":"-57582042549849744","potions_obtained":[{"floor":1,"key":"Fire Potion"},{"floor":3,"key":"SkillPotion"},{"floor":7,"key":"Swift Potion"},{"floor":18,"key":"Dexterity Potion"}],"is_trial":false,"path_per_floor":["M","?","M","M","?","R","E","R","T","M","E","M","R","M","R","B",null,"M","?","M","?"],"character_chosen":"DEFECT","items_purchased":[],"campfire_rested":3,"item_purchase_floors":[],"current_hp_per_floor":[70,70,70,51,40,65,56,81,81,72,62,53,78,73,73,57,78,49,49,39,0,0],"gold":248,"neow_bonus":"TWENTY_PERCENT_HP_BONUS","is_daily":false,"chose_seed":false,"campfire_upgraded":1,"win_rate":0.0,"timestamp":1608581071,"path_taken":["M","?","?","M","?","R","E","R","T","M","E","M","R","M","R","BOSS","M","?","M","?"],"items_purchased_type":[],"build_version":"2020-12-13","purchased_purges":0,"victory":false,"max_hp_per_floor":[85,85,85,85,85,85,85,85,85,85,85,85,85,85,85,85,85,85,85,85,85,85],"relic_stats":{"Dream Catcher":3,"counters":[12,45],"MealTicket":0,"Whetstone":["Compile Driver","Strike_B"],"Question Card":9,"obtain_stats":[{"Dream Catcher":5,"Lantern":11,"MealTicket":2,"Whetstone":9,"Cracked Core":0,"Question Card":7,"Empty Cage":17},{"Dream Catcher":3,"Lantern":6,"MealTicket":1,"Whetstone":4,"Cracked Core":0,"Question Card":4,"Empty Cage":9},{"Dream Catcher":12,"Lantern":23,"MealTicket":5,"Whetstone":15,"Cracked Core":0,"Question Card":15,"Empty Cage":33}]},"card_choices":[{"not_picked":["Rebound","Blizzard"],"picked":"Cold Snap","floor":1},{"not_picked":["Cold Snap","Stack"],"picked":"Genetic Algorithm","floor":3},{"not_picked":["Barrage","Consume"],"picked":"Compile Driver","floor":4},{"not_picked":["Rip and Tear","Beam Cell"],"picked":"Core Surge","floor":6},{"not_picked":["Beam Cell","Turbo"],"picked":"Ball Lightning","floor":7},{"not_picked":["Barrage","Turbo","Reprogram"],"picked":"Conserve Battery","floor":8},{"not_picked":["Cold Snap","Static Discharge","Steam"],"picked":"White Noise","floor":10},{"not_picked":["Force Field","Coolheaded","Meteor Strike"],"picked":"Gash","floor":11},{"not_picked":["Gash","Sweeping Beam","Streamline"],"picked":"Ball Lightning","floor":12},{"not_picked":["Conserve Battery","Turbo","Loop"],"picked":"Sweeping Beam","floor":13},{"not_picked":["Self Repair","Double Energy","Beam Cell"],"picked":"Defragment","floor":14},{"not_picked":["Hyperbeam","Fission","Echo Form"],"picked":"Biased Cognition","floor":16},{"not_picked":["Steam","Cold Snap","Gash"],"picked":"Undo+1","floor":18},{"not_picked":["Sweeping Beam","Scrape","Skim+1"],"picked":"Cold Snap","floor":20}],"player_experience":1453672,"relics_obtained":[{"floor":7,"key":"Question Card"},{"floor":9,"key":"Whetstone"},{"floor":11,"key":"Lantern"}],"event_choices":[{"damage_healed":0,"gold_gain":0,"player_choice":"Paid Gold","damage_taken":0,"relics_obtained":["MealTicket"],"max_hp_gain":0,"max_hp_loss":0,"event_name":"WeMeetAgain","floor":2,"gold_loss":55},{"damage_healed":0,"gold_gain":0,"player_choice":"Success","damage_taken":11,"relics_obtained":["Dream Catcher"],"max_hp_gain":0,"max_hp_loss":0,"event_name":"Scrap Ooze","floor":5,"gold_loss":0},{"cards_removed":["Strike_B"],"damage_healed":0,"gold_gain":0,"player_choice":"Gave Gold","damage_taken":0,"max_hp_gain":0,"max_hp_loss":0,"event_name":"Beggar","floor":19,"gold_loss":75},{"damage_healed":0,"gold_gain":0,"player_choice":"Fought Bandits","damage_taken":0,"max_hp_gain":0,"max_hp_loss":0,"event_name":"Masked Bandits","floor":21,"gold_loss":0}],"is_beta":false,"boss_relics":[{"not_picked":["Runic Pyramid","Velvet Choker"],"picked":"Empty Cage"}],"items_purged_floors":[],"is_endless":false,"potions_floor_spawned":[1,3,4,7,18],"killed_by":"Masked Bandits","ascension_level":19}}