{"host":"1hv1kueuvc4r3rdp","time":1608531929,"event":{"mods":["AchievementEnabler","BaseMod","DeckTracker","Highlight Path","Minty Spire (QoL Compilation)","Permanent Neow","StSLib"],"gold_per_floor":[116,116,116,132,142,156,188,188,234,234,266,19,33,43,43,141,191,191],"floor_reached":17,"playtime":842,"items_purged":[],"score":217,"play_id":"f11014c7-e94d-46cd-b492-74def942a6e2","local_time":"20201221002529","is_ascension_mode":true,"campfire_choices":[{"floor":8,"key":"REST"},{"floor":10,"key":"REST"},{"floor":15,"key":"REST"}],"circlet_count":0,"master_deck":["Strike_B","Strike_B","Strike_B","Strike_B","Defend_B","Defend_B","Defend_B","Defend_B","Zap+1","Dualcast","Streamline","BootSequence","Compile Driver","Ball Lightning","Defragment","FTL","Rebound","Core Surge","Genetic Algorithm"],"relics":["Cracked Core","Unceasing Top","Blue Candle","Akabeko","Oddly Smooth Stone","Omamori","Tiny House"],"acts_visited":["Exordium","TheCity"],"potions_floor_usage":[12,16],"damage_taken":[{"damage":0,"enemies":"Jaw Worm","floor":1,"turns":3},{"damage":2,"enemies":"Small Slimes","floor":4,"turns":3},{"damage":0,"enemies":"2 Louse","floor":5,"turns":2},{"damage":8,"enemies":"Blue Slaver","floor":6,"turns":3},{"damage":32,"enemies":"Gremlin Nob","floor":7,"turns":4},{"damage":20,"enemies":"Lagavulin","floor":11,"turns":5},{"damage":0,"enemies":"Red Slaver","floor":13,"turns":2},{"damage":1,"enemies":"Exordium Wildlife","floor":14,"turns":3},{"damage":42,"enemies":"Hexaghost","floor":16,"turns":8}],"seed_played":"-3955841561987819890","potions_obtained":[{"floor":1,"key":"EntropicBrew"},{"floor":4,"key":"SpeedPotion"},{"floor":7,"key":"Dexterity Potion"},{"floor":17,"key":"PowerPotion"}],"is_trial":false,"path_per_floor":["M","?","?","M","M","M","E","R","T","R","E","$","M","M","R","B",null],"character_chosen":"DEFECT","items_purchased":["Defragment","Fruit Juice","LiquidMemories"],"campfire_rested":3,"item_purchase_floors":[12,12,12],"current_hp_per_floor":[68,68,43,41,41,33,1,21,21,41,21,26,26,25,46,4,61,61],"gold":191,"neow_bonus":"ONE_RARE_RELIC","is_daily":false,"chose_seed":false,"campfire_upgraded":0,"win_rate":0.0,"timestamp":1608531929,"path_taken":["M","?","?","M","M","M","E","R","T","R","E","$","M","M","R","BOSS"],"items_purchased_type":["Card","Potion","Potion"],"build_version":"2020-12-13","purchased_purges":0,"victory":false,"max_hp_per_floor":[68,68,68,68,68,68,68,68,68,68,68,73,73,73,73,73,78,78],"card_choices":[{"not_picked":["Storm","Stack"],"picked":"Streamline","floor":1},{"not_picked":["Steam Power","Barrage","Beam Cell"],"picked":"SKIP","floor":4},{"not_picked":["Steam","Stack"],"picked":"BootSequence","floor":5},{"not_picked":["Redo","Steam"],"picked":"Compile Driver","floor":6},{"not_picked":["Hologram","Leap"],"picked":"Ball Lightning","floor":7},{"not_picked":["Reprogram","Sunder","Recycle"],"picked":"SKIP","floor":11},{"not_picked":["Meteor Strike","Turbo"],"picked":"FTL","floor":13},{"not_picked":["Beam Cell","Hello World"],"picked":"Rebound","floor":14},{"not_picked":["Creative AI","All For One"],"picked":"Core Surge","floor":16},{"not_picked":["Coolheaded","Steam"],"picked":"Genetic Algorithm","floor":17}],"player_experience":1078211,"relics_obtained":[{"floor":7,"key":"Akabeko"},{"floor":9,"key":"Oddly Smooth Stone"},{"floor":11,"key":"Omamori"}],"event_choices":[{"damage_healed":0,"gold_gain":0,"player_choice":"Ignored","damage_taken":0,"max_hp_gain":0,"max_hp_loss":0,"event_name":"Liars Game","floor":2,"gold_loss":0},{"damage_healed":0,"gold_gain":0,"player_choice":"Success","damage_taken":25,"relics_obtained":["Blue Candle"],"max_hp_gain":0,"max_hp_loss":0,"event_name":"Scrap Ooze","floor":3,"gold_loss":0}],"is_beta":false,"boss_relics":[{"not_picked":["Velvet Choker","Runic Dome"],"picked":"Tiny House"}],"items_purged_floors":[],"is_endless":false,"potions_floor_spawned":[1,4,7,13],"ascension_level":6}}