{"host":"mal0jdk4f6ubgyb8","time":1608552103,"event":{"mods":["BaseMod","Koishi","Luminous","Marisa（F雨　魔理沙）","Minty Spire (QoL Compilation)","Quick Restart","Reimu（博丽灵梦）","Relic Stats","Remilia（蕾米莉亚）","StSLib","WarShipGirlsR/战舰少女R mod","Youmu（魂魄妖梦）","Yuri Mod","Yuyuko","【东方二次创作】八云紫mod"],"gold_per_floor":[109,109,127,146,146,178,178,205,228,228,238,38,54,79,79,174,174,185,201,116,127,127,127,162,174,174,205,205,217,217,237,237,339,339,351,169,119,136,182,213,213,246,246,245,278,253,253,253,253,253,253,253,12,46,46],"floor_reached":56,"playtime":3422,"items_purged":["Strike_B","Strike_B+1"],"score":1422,"play_id":"c189f2fa-624b-4894-9223-4616f22ea3a6","local_time":"20201221200143","is_ascension_mode":true,"campfire_choices":[{"data":"Beam Cell","floor":7.0,"key":"SMITH"},{"floor":10.0,"key":"REST"},{"data":"Static Discharge","floor":15.0,"key":"SMITH"},{"floor":23.0,"key":"RECALL"},{"floor":30.0,"key":"REST"},{"data":"Buffer","floor":32.0,"key":"SMITH"},{"data":"Seek","floor":41.0,"key":"SMITH"},{"floor":47.0,"key":"REST"},{"floor":49.0,"key":"REST"},{"data":"Echo Form","floor":52.0,"key":"SMITH"}],"circlet_count":0,"master_deck":["Strike_B+1","Defend_B+1","Defend_B+1","Defend_B+1","Zap","Dualcast","Conserve Battery","Beam Cell+1","Barrage","Ball Lightning","Buffer+1","Static Discharge+1","Thunder Strike","Compile Driver+1","Conserve Battery+1","Capacitor","Doom and Gloom+1","Redo+1","Heatsinks+1","Seek+1","Ball Lightning","Meteor Strike","CurseOfTheBell","FTL+1","Static Discharge","White Noise","Echo Form+1","Capacitor+1","Redo+1","Chaos+1","Defragment+1","Static Discharge+1","Steam Power","Double Energy+1","Flash of Steel","Amplify"],"relics":["SacredBark","CultistMask","Potion Belt","Bronze Scales","Mango","Nuclear Battery","Cables","Gremlin Horn","Pocketwatch","Kunai","Calling Bell","Dead Branch","Shuriken","ScarletDevilRocket","CatCart","Frozen Egg 2","Anchor","AntiCross","Pen Nib","Bottled Flame","Happy Flower"],"acts_visited":["Exordium","TheCity","TheBeyond","TheEnding"],"potions_floor_usage":[55,55],"damage_taken":[{"damage":1.0,"enemies":"2 Louse","floor":1.0,"turns":3.0},{"damage":1.0,"enemies":"Cultist","floor":3.0,"turns":4.0},{"damage":1.0,"enemies":"Jaw Worm","floor":4.0,"turns":4.0},{"damage":40.0,"enemies":"Lagavulin","floor":6.0,"turns":8.0},{"damage":21.0,"enemies":"3 Sentries","floor":8.0,"turns":6.0},{"damage":4.0,"enemies":"Lots of Slimes","floor":11.0,"turns":3.0},{"damage":0.0,"enemies":"Large Slime","floor":13.0,"turns":5.0},{"damage":0.0,"enemies":"Lagavulin","floor":14.0,"turns":5.0},{"damage":37.0,"enemies":"Slime Boss","floor":16.0,"turns":9.0},{"damage":3.0,"enemies":"3 Byrds","floor":18.0,"turns":4.0},{"damage":12.0,"enemies":"2 Thieves","floor":19.0,"turns":3.0},{"damage":18.0,"enemies":"Shelled Parasite and Fungi","floor":21.0,"turns":5.0},{"damage":21.0,"enemies":"Slavers","floor":24.0,"turns":4.0},{"damage":0.0,"enemies":"Cultist and Chosen","floor":25.0,"turns":4.0},{"damage":21.0,"enemies":"Book of Stabbing","floor":27.0,"turns":4.0},{"damage":10.0,"enemies":"Sentry and Sphere","floor":29.0,"turns":4.0},{"damage":0.0,"enemies":"Snake Plant","floor":31.0,"turns":3.0},{"damage":10.0,"enemies":"Champ","floor":33.0,"turns":8.0},{"damage":11.0,"enemies":"3 Darklings","floor":35.0,"turns":3.0},{"damage":0.0,"enemies":"Orb Walker","floor":38.0,"turns":4.0},{"damage":29.0,"enemies":"Orin","floor":39.0,"turns":6.0},{"damage":18.0,"enemies":"Giant Head","floor":40.0,"turns":5.0},{"damage":25.0,"enemies":"Nemesis","floor":42.0,"turns":5.0},{"damage":0.0,"enemies":"Sphere and 2 Shapes","floor":44.0,"turns":3.0},{"damage":0.0,"enemies":"Reptomancer","floor":45.0,"turns":4.0},{"damage":0.0,"enemies":"3 Darklings","floor":46.0,"turns":3.0},{"damage":21.0,"enemies":"Donu and Deca","floor":50.0,"turns":4.0},{"damage":22.0,"enemies":"Shield and Spear","floor":54.0,"turns":3.0},{"damage":114,"enemies":"The Heart","floor":55,"turns":6}],"seed_played":"7989227276170509624","potions_obtained":[{"floor":6.0,"key":"Strength Potion"},{"floor":14.0,"key":"Energy Potion"},{"floor":16.0,"key":"ZuzhouPotion:ReiMu"},{"floor":21.0,"key":"PowerPotion"},{"floor":24.0,"key":"Fire Potion"},{"floor":29.0,"key":"Fire Potion"},{"floor":31.0,"key":"Energy Potion"},{"floor":33.0,"key":"GamblersBrew"},{"floor":38.0,"key":"SneckoOil"},{"floor":39.0,"key":"SkillPotion"},{"floor":46.0,"key":"ColorlessPotion"},{"floor":54.0,"key":"SpeedPotion"}],"is_trial":false,"path_per_floor":["M","?","M","M","?","E","R","E","T","R","M","$","M","E","R","B",null,"M","M","?","M","?","R","E","M","T","E","?","M","R","M","R","B",null,"M","$","?","M","?","E","R","E","T","M","E","M","R","?","R","B",null,"R","$","E","B",null],"character_chosen":"DEFECT","items_purchased":["Static Discharge","SteroidPotion","Static Discharge","Bottled Flame"],"campfire_rested":4,"item_purchase_floors":[12,12,36,53],"current_hp_per_floor":[74,74,73,72,72,32,32,11,11,33,29,29,29,43,43,6,89,86,74,74,56,56,56,35,35,35,14,14,4,30,30,30,20,89,78,78,78,78,49,31,31,6,6,6,6,6,32,32,58,37,89,89,89,67,23],"gold":46,"neow_bonus":"BOSS_RELIC","is_daily":false,"chose_seed":false,"campfire_upgraded":5,"win_rate":0.0,"timestamp":1608552103,"path_taken":["M","?","?","M","?","E","R","E","T","R","M","$","?","E","R","BOSS","M","M","?","M","?","R","E","M","T","E","?","M","R","?","R","BOSS","M","?","?","M","?","E","R","E","T","M","E","M","R","?","R","BOSS","R","$","E","BOSS"],"items_purchased_type":["Card","Potion","Card","Relic"],"build_version":"2020-12-13","purchased_purges":2,"victory":true,"max_hp_per_floor":[75,75,75,75,75,75,75,75,75,75,75,75,75,89,89,89,89,89,89,89,89,89,89,89,89,89,89,89,89,89,89,89,89,89,89,89,89,89,89,89,89,89,89,89,89,89,89,89,89,89,89,89,89,89,89],"relic_stats":{"Gremlin Horn":[19,20],"Happy Flower":[2],"counters":[29,132],"Shuriken":[26],"Bronze Scales":[328],"Dead Branch":[39],"Pen Nib":[4],"Kunai":[30],"obtain_stats":[{"Potion Belt":6,"ScarletDevilRocket":34,"Gremlin Horn":24,"Happy Flower":54,"SacredBark":0,"Dead Branch":34,"Mango":14,"Pen Nib":45,"Frozen Egg 2":40,"Nuclear Battery":17,"Cables":20,"Calling Bell":34,"Anchor":42,"Bottled Flame":53,"Shuriken":34,"Bronze Scales":8,"AntiCross":43,"CultistMask":2,"Kunai":27,"CatCart":39,"Cracked Core":0,"Pocketwatch":26},{"Potion Belt":4,"ScarletDevilRocket":18,"Gremlin Horn":13,"Happy Flower":28,"SacredBark":0,"Dead Branch":18,"Mango":8,"Pen Nib":25,"Frozen Egg 2":22,"Nuclear Battery":9,"Cables":11,"Calling Bell":18,"Anchor":23,"Bottled Flame":27,"Shuriken":18,"Bronze Scales":5,"AntiCross":23,"CultistMask":1,"Kunai":15,"CatCart":21,"Cracked Core":0,"Pocketwatch":14},{"Potion Belt":19,"ScarletDevilRocket":86,"Gremlin Horn":63,"Happy Flower":126,"SacredBark":0,"Dead Branch":86,"Mango":38,"Pen Nib":116,"Frozen Egg 2":104,"Nuclear Battery":47,"Cables":54,"Calling Bell":86,"Anchor":109,"Bottled Flame":123,"Shuriken":86,"Bronze Scales":25,"AntiCross":109,"CultistMask":3,"Kunai":71,"CatCart":99,"Cracked Core":0,"Pocketwatch":67}],"Cables":[77,26,1,2,48],"Pocketwatch":[8]},"card_choices":[{"not_picked":["Stack","Go for the Eyes","Hologram"],"picked":"SKIP","floor":1.0},{"not_picked":["Coolheaded","Go for the Eyes"],"picked":"Conserve Battery","floor":3.0},{"not_picked":["Go for the Eyes","Redo"],"picked":"Beam Cell","floor":4.0},{"not_picked":["Lockon","Darkness"],"picked":"Ball Lightning","floor":6.0},{"not_picked":["Rip and Tear","Loop"],"picked":"Buffer","floor":8.0},{"not_picked":["Steam","Conserve Battery","Steam Power"],"picked":"SKIP","floor":11.0},{"not_picked":["Conserve Battery","Steam","Coolheaded"],"picked":"SKIP","floor":13.0},{"not_picked":["Leap","Go for the Eyes","Redo"],"picked":"SKIP","floor":14.0},{"not_picked":["Seek","Core Surge"],"picked":"Thunder Strike","floor":16.0},{"not_picked":["Reinforced Body","Streamline"],"picked":"Compile Driver+1","floor":18.0},{"not_picked":["Cold Snap","Blizzard"],"picked":"Conserve Battery+1","floor":19.0},{"not_picked":["Beam Cell","Redo"],"picked":"Capacitor","floor":21.0},{"not_picked":["Hologram","Turbo"],"picked":"Doom and Gloom+1","floor":24.0},{"not_picked":["Turbo","Coolheaded"],"picked":"Redo+1","floor":25.0},{"not_picked":["Auto Shields+1","Storm"],"picked":"Heatsinks+1","floor":27.0},{"not_picked":["BootSequence","Conserve Battery"],"picked":"Seek","floor":29.0},{"not_picked":["Beam Cell","Streamline"],"picked":"Ball Lightning","floor":31.0},{"not_picked":["Hyperbeam","Buffer"],"picked":"Meteor Strike","floor":33.0},{"not_picked":["Compile Driver","Chill+1"],"picked":"FTL+1","floor":35.0},{"not_picked":[],"picked":"White Noise","floor":37.0},{"not_picked":[],"picked":"Echo Form","floor":37.0},{"not_picked":["Conserve Battery","Genetic Algorithm+1"],"picked":"Capacitor+1","floor":38.0},{"not_picked":["Melter","Coolheaded"],"picked":"Redo+1","floor":39.0},{"not_picked":["Undo+1","Barrage"],"picked":"Chaos+1","floor":40.0},{"not_picked":["Compile Driver","Conserve Battery+1","Streamline"],"picked":"SKIP","floor":42.0},{"not_picked":["Static Discharge+1","Rebound+1"],"picked":"Defragment+1","floor":44.0},{"not_picked":["Chill+1","Doom and Gloom+1"],"picked":"Static Discharge+1","floor":45.0},{"not_picked":["Conserve Battery","Gash"],"picked":"Double Energy+1","floor":46.0},{"not_picked":["Capacitor+1","Rebound+1"],"picked":"Amplify","floor":54.0}],"player_experience":271394,"relics_obtained":[{"floor":6.0,"key":"Potion Belt"},{"floor":8.0,"key":"Bronze Scales"},{"floor":14.0,"key":"Mango"},{"floor":24.0,"key":"Gremlin Horn"},{"floor":26.0,"key":"Pocketwatch"},{"floor":27.0,"key":"Kunai"},{"floor":34.0,"key":"Dead Branch"},{"floor":34.0,"key":"Shuriken"},{"floor":34.0,"key":"ScarletDevilRocket"},{"floor":39.0,"key":"CatCart"},{"floor":40.0,"key":"Frozen Egg 2"},{"floor":42.0,"key":"Anchor"},{"floor":43.0,"key":"AntiCross"},{"floor":45.0,"key":"Pen Nib"},{"floor":54.0,"key":"Happy Flower"}],"event_choices":[{"damage_healed":0.0,"max_hp_gain":0.0,"max_hp_loss":0.0,"gold_gain":0.0,"event_name":"FaceTrader","player_choice":"Trade","floor":2.0,"gold_loss":0.0,"damage_taken":0.0,"relics_obtained":["CultistMask"]},{"damage_healed":0.0,"max_hp_gain":0.0,"max_hp_loss":0.0,"gold_gain":0.0,"cards_transformed":["Strike_B"],"event_name":"Transmorgrifier","player_choice":"Transformed","floor":5.0,"gold_loss":0.0,"damage_taken":0.0,"cards_obtained":["Barrage"]},{"damage_healed":0.0,"max_hp_gain":0.0,"max_hp_loss":0.0,"gold_gain":0.0,"event_name":"Addict","player_choice":"Obtained Relic","floor":20.0,"gold_loss":85.0,"damage_taken":0.0,"relics_obtained":["Cables"]},{"damage_healed":0.0,"max_hp_gain":0.0,"max_hp_loss":0.0,"gold_gain":0.0,"event_name":"Back to Basics","player_choice":"Simplicity","floor":22.0,"gold_loss":0.0,"damage_taken":0.0,"cards_upgraded":["Strike_B","Strike_B","Defend_B","Defend_B","Defend_B","Defend_B"]},{"cards_removed":["Defend_B"],"damage_healed":0.0,"max_hp_gain":0.0,"max_hp_loss":0.0,"gold_gain":0.0,"event_name":"Purifier","player_choice":"Purged","floor":28.0,"gold_loss":0.0,"damage_taken":0.0},{"damage_healed":0.0,"max_hp_gain":0.0,"max_hp_loss":0.0,"gold_gain":0.0,"event_name":"OrinTheCat","player_choice":"Fight","floor":39.0,"gold_loss":0.0,"damage_taken":0.0},{"damage_healed":0.0,"max_hp_gain":0.0,"max_hp_loss":0.0,"gold_gain":0.0,"event_name":"Match and Keep!","player_choice":"1 cards matched","floor":48.0,"gold_loss":0.0,"damage_taken":0.0,"cards_obtained":["Flash of Steel"]}],"is_beta":false,"boss_relics":[{"not_picked":["Sozu","Empty Cage"],"picked":"Nuclear Battery"},{"not_picked":["Velvet Choker","Runic Pyramid"],"picked":"Calling Bell"}],"items_purged_floors":[12,36],"is_endless":false,"potions_floor_spawned":[6,14,16,21,24,29,31,33,38,39,46,54],"ascension_level":2}}