{"host":"duxoyu97j36znyap","time":1608519726,"event":{"mods":["AlwaysNeverKeys","BaseMod","Colored Map","DeckTracker","Minty Spire (QoL Compilation)","Permanent Neow","Rare Cards Sparkle","Relic Stats"],"gold_per_floor":[115,115,115,190,210,210,249,30,57,82,117,117,167,182,182,312,312,344,367,282,314,314,314,364,380,429,482,482,535,564,614,614,751,751,784,851,851,851,874,908,908,961,961,1002,1034,1063,691,671,671,671,671,671,94,144,144],"floor_reached":56,"playtime":3599,"items_purged":["Strike_B","Strike_B"],"score":1758,"play_id":"86f0fac2-7f8b-4627-80d3-c015706faf18","local_time":"20201220220206","is_ascension_mode":true,"campfire_choices":[{"data":"Hologram","floor":6.0,"key":"SMITH"},{"data":"Defragment","floor":12.0,"key":"SMITH"},{"data":"Chaos","floor":15.0,"key":"SMITH"},{"data":"Seek","floor":23.0,"key":"SMITH"},{"data":"Machine Learning","floor":32.0,"key":"SMITH"},{"data":"Multi-Cast","floor":41.0,"key":"SMITH"},{"data":"Turbo","floor":49,"key":"SMITH"},{"data":"Coolheaded","floor":52,"key":"SMITH"}],"circlet_count":0,"master_deck":["Defend_B+1","Defend_B","Defend_B+1","Defend_B","Zap","Dualcast","Hologram+1","Glacier","Self Repair","Defragment+1","Multi-Cast+1","Chaos+1","Seek+1","Force Field","Darkness+1","Turbo+1","Consume+1","Static Discharge+1","Coolheaded+1","Chill+1","Machine Learning+1","Meteor Strike+1","Leap+1","Doom and Gloom+1","Aggregate+1","Tempest","Defragment+1","Echo Form","Compile Driver+1","Impatience","Hologram+1","Tempest+1","Coolheaded+1"],"relics":["Black Star","Golden Idol","Gambling Chip","Potion Belt","Vajra","Lee\u0027s Waffle","War Paint","Anchor","Centennial Puzzle","Lizard Tail","CeramicFish","Empty Cage","Boot","Strawberry","InkBottle","Juzu Bracelet","HornCleat","Akabeko","Nilry\u0027s Codex","Happy Flower","Bronze Scales","Cables","DataDisk","Snecko Eye","Dead Branch","Bag of Preparation","Eternal Feather","TungstenRod","CaptainsWheel","Shuriken","Singing Bowl","Toy Ornithopter","Art of War","Incense Burner","Orrery","Whetstone","Gremlin Horn","Orichalcum"],"acts_visited":["TheCity","TheBeyond","TheEnding"],"potions_floor_usage":[55,55,55,55,55,55],"damage_taken":[{"damage":4.0,"enemies":"Jaw Worm","floor":1.0,"turns":5.0},{"damage":0.0,"enemies":"Small Slimes","floor":5.0,"turns":3.0},{"damage":20.0,"enemies":"3 Sentries","floor":7.0,"turns":15.0},{"damage":0.0,"enemies":"2 Louse","floor":10.0,"turns":4.0},{"damage":7.0,"enemies":"Lagavulin","floor":11.0,"turns":13.0},{"damage":2.0,"enemies":"3 Sentries","floor":13.0,"turns":15.0},{"damage":1.0,"enemies":"2 Fungi Beasts","floor":14.0,"turns":4.0},{"damage":31.0,"enemies":"Slime Boss","floor":16.0,"turns":11.0},{"damage":0.0,"enemies":"Chosen","floor":18.0,"turns":4.0},{"damage":4.0,"enemies":"2 Thieves","floor":19.0,"turns":4.0},{"damage":19.0,"enemies":"Snecko","floor":21.0,"turns":8.0},{"damage":65.0,"enemies":"Gremlin Leader","floor":24.0,"turns":11.0},{"damage":8.0,"enemies":"Snake Plant","floor":25.0,"turns":4.0},{"damage":19.0,"enemies":"Book of Stabbing","floor":27.0,"turns":5.0},{"damage":28.0,"enemies":"Gremlin Leader","floor":29.0,"turns":6.0},{"damage":0.0,"enemies":"3 Cultists","floor":30.0,"turns":3.0},{"damage":14.0,"enemies":"Slavers","floor":31.0,"turns":7.0},{"damage":0.0,"enemies":"Automaton","floor":33.0,"turns":10.0},{"damage":0.0,"enemies":"3 Shapes","floor":35.0,"turns":4.0},{"damage":4.0,"enemies":"2 Orb Walkers","floor":36.0,"turns":4.0},{"damage":0.0,"enemies":"3 Darklings","floor":39.0,"turns":3.0},{"damage":0.0,"enemies":"Giant Head","floor":40.0,"turns":4.0},{"damage":10.0,"enemies":"Reptomancer","floor":42.0,"turns":4.0},{"damage":0.0,"enemies":"Nemesis","floor":44.0,"turns":5.0},{"damage":0.0,"enemies":"Jaw Worm Horde","floor":45.0,"turns":6.0},{"damage":0,"enemies":"Writhing Mass","floor":46,"turns":4},{"damage":1,"enemies":"Time Eater","floor":50,"turns":7},{"damage":32,"enemies":"Shield and Spear","floor":54,"turns":3},{"damage":41,"enemies":"The Heart","floor":55,"turns":6}],"seed_played":"-7031236478944462460","potions_obtained":[{"floor":5.0,"key":"FearPotion"},{"floor":10.0,"key":"Weak Potion"},{"floor":11.0,"key":"Regen Potion"},{"floor":16.0,"key":"SteroidPotion"},{"floor":18.0,"key":"AttackPotion"},{"floor":24.0,"key":"Explosive Potion"},{"floor":25.0,"key":"DistilledChaos"},{"floor":29.0,"key":"LiquidBronze"},{"floor":30.0,"key":"EntropicBrew"},{"floor":40.0,"key":"EssenceOfSteel"},{"floor":44.0,"key":"Explosive Potion"},{"floor":45.0,"key":"EntropicBrew"},{"floor":48,"key":"Swift Potion"}],"is_trial":false,"path_per_floor":["M","?","?","?","M","R","E","$","T","M","E","R","E","M","R","B",null,"M","M","?","M","?","R","E","M","T","E","?","E","M","E","R","B",null,"M","?","?","?","M","E","R","E","T","E","M","M","$","?","R","B",null,"R","$","E","B",null],"character_chosen":"DEFECT","items_purchased":["Lee\u0027s Waffle","Art of War","Compile Driver","Impatience","Incense Burner","Orrery","Whetstone"],"campfire_rested":0,"item_purchase_floors":[8,47,47,47,53,53,53],"current_hp_per_floor":[71,53,50,39,39,39,19,82,82,82,82,82,82,82,82,58,76,82,82,82,70,70,70,28,27,27,15,44,23,30,16,16,23,73,80,83,83,83,85,85,85,75,75,84,87,87,87,87,87,87,87,87,93,61,50],"gold":144,"neow_bonus":"BOSS_RELIC","is_daily":false,"chose_seed":false,"campfire_upgraded":8,"win_rate":0.0,"timestamp":1608519726,"path_taken":["M","?","?","?","M","R","E","$","T","M","E","R","E","M","R","BOSS","M","M","?","M","?","R","E","M","T","E","?","E","M","E","R","BOSS","M","?","?","?","M","E","R","E","T","E","M","M","$","?","R","BOSS","R","$","E","BOSS"],"items_purchased_type":["Relic","Relic","Card","Card","Relic","Relic","Relic"],"build_version":"2020-12-13","purchased_purges":2,"victory":true,"max_hp_per_floor":[75,75,75,75,75,75,75,82,82,82,82,82,82,82,82,82,82,82,82,82,82,82,82,89,89,89,89,89,89,89,89,89,89,89,89,89,89,85,85,85,85,85,85,87,87,87,87,87,87,87,87,87,93,93,93],"relic_stats":{"Singing Bowl":8,"Gremlin Horn":[0,0],"CeramicFish":198,"Juzu Bracelet":1,"Bag of Preparation":[14],"Whetstone":["Meteor Strike","Compile Driver"],"Boot":[12],"Centennial Puzzle":[45],"Lizard Tail":44,"Gambling Chip":[104],"InkBottle":[39],"Lee\u0027s Waffle":63,"Happy Flower":[23],"counters":[29,182],"Golden Idol":249,"Dead Branch":[29],"Eternal Feather":0,"War Paint":["Defend_B","Defend_B"],"Orichalcum":[0],"Cables":[52,5,23,12,12],"Shuriken":[1],"Bronze Scales":[301],"Snecko Eye":[119,107,114,97],"Black Star":11,"Art of War":[4],"obtain_stats":[{"Singing Bowl":44,"Gremlin Horn":54,"Nilry\u0027s Codex":28,"CeramicFish":13,"Vajra":7,"Juzu Bracelet":26,"Bag of Preparation":40,"Incense Burner":53,"Whetstone":53,"Empty Cage":17,"Boot":20,"Centennial Puzzle":11,"Lizard Tail":13,"HornCleat":27,"Gambling Chip":3,"Strawberry":24,"Cracked Core":0,"InkBottle":24,"Potion Belt":7,"Lee\u0027s Waffle":8,"Happy Flower":29,"Golden Idol":2,"Dead Branch":36,"Eternal Feather":40,"War Paint":9,"Orichalcum":54,"Akabeko":27,"Cables":31,"Anchor":11,"DataDisk":31,"CaptainsWheel":42,"Shuriken":43,"Bronze Scales":29,"Snecko Eye":34,"Orrery":53,"Black Star":0,"Art of War":47,"TungstenRod":42,"Toy Ornithopter":44},{"Singing Bowl":24,"Gremlin Horn":28,"Nilry\u0027s Codex":14,"CeramicFish":6,"Vajra":3,"Juzu Bracelet":13,"Bag of Preparation":22,"Incense Burner":27,"Whetstone":27,"Empty Cage":8,"Boot":10,"Centennial Puzzle":5,"Lizard Tail":6,"HornCleat":14,"Gambling Chip":1,"Strawberry":12,"Cracked Core":0,"InkBottle":12,"Potion Belt":3,"Lee\u0027s Waffle":3,"Happy Flower":15,"Golden Idol":1,"Dead Branch":20,"Eternal Feather":22,"War Paint":3,"Orichalcum":28,"Akabeko":14,"Cables":17,"Anchor":5,"DataDisk":17,"CaptainsWheel":23,"Shuriken":23,"Bronze Scales":15,"Snecko Eye":18,"Orrery":27,"Black Star":0,"Art of War":26,"TungstenRod":23,"Toy Ornithopter":24},{"Singing Bowl":156,"Gremlin Horn":176,"Nilry\u0027s Codex":106,"CeramicFish":55,"Vajra":23,"Juzu Bracelet":101,"Bag of Preparation":147,"Incense Burner":173,"Whetstone":173,"Empty Cage":70,"Boot":78,"Centennial Puzzle":40,"Lizard Tail":55,"HornCleat":106,"Gambling Chip":5,"Strawberry":97,"Cracked Core":0,"InkBottle":97,"Potion Belt":23,"Lee\u0027s Waffle":23,"Happy Flower":112,"Golden Idol":5,"Dead Branch":140,"Eternal Feather":147,"War Paint":23,"Orichalcum":176,"Akabeko":106,"Cables":122,"Anchor":40,"DataDisk":122,"CaptainsWheel":151,"Shuriken":151,"Bronze Scales":112,"Snecko Eye":132,"Orrery":173,"Black Star":0,"Art of War":166,"TungstenRod":151,"Toy Ornithopter":156}],"TungstenRod":6,"Toy Ornithopter":30},"card_choices":[{"not_picked":["Go for the Eyes","Double Energy"],"picked":"Hologram","floor":1.0},{"not_picked":["Sweeping Beam","Steam"],"picked":"Glacier","floor":5.0},{"not_picked":["BootSequence","Sweeping Beam"],"picked":"Self Repair","floor":7.0},{"not_picked":["Leap","Hologram"],"picked":"Defragment","floor":10.0},{"not_picked":["Coolheaded","White Noise"],"picked":"Multi-Cast","floor":11.0},{"not_picked":["Loop","Redo"],"picked":"Chaos","floor":13.0},{"not_picked":["Beam Cell","Rip and Tear","Gash"],"picked":"SKIP","floor":14.0},{"not_picked":["All For One","Reboot"],"picked":"Seek","floor":16.0},{"not_picked":["Turbo","Beam Cell+1"],"picked":"Force Field","floor":18.0},{"not_picked":["Rebound","Sunder"],"picked":"Darkness+1","floor":19.0},{"not_picked":["Beam Cell","Turbo","Gash+1"],"picked":"SKIP","floor":21.0},{"not_picked":["Beam Cell","Gash+1"],"picked":"Turbo","floor":21.0},{"not_picked":["BootSequence","Rebound+1"],"picked":"Consume+1","floor":24.0},{"not_picked":["Consume","Streamline","Go for the Eyes"],"picked":"SKIP","floor":25.0},{"not_picked":["Hologram","Stack"],"picked":"Static Discharge+1","floor":27.0},{"not_picked":["Beam Cell","All For One"],"picked":"Coolheaded","floor":29.0},{"not_picked":["Sweeping Beam+1","Compile Driver+1"],"picked":"Chill+1","floor":30.0},{"not_picked":["Gash","Leap+1"],"picked":"Machine Learning","floor":31.0},{"not_picked":["Buffer","Fission"],"picked":"Meteor Strike","floor":33.0},{"not_picked":["Ball Lightning","Gash"],"picked":"Leap+1","floor":35.0},{"not_picked":["Conserve Battery+1","Sweeping Beam"],"picked":"Doom and Gloom+1","floor":36.0},{"not_picked":["Beam Cell+1","Streamline+1"],"picked":"Aggregate+1","floor":39.0},{"not_picked":["Static Discharge","Doom and Gloom","Go for the Eyes"],"picked":"SKIP","floor":40.0},{"not_picked":["Rip and Tear+1","Hello World"],"picked":"Tempest","floor":42.0},{"not_picked":["Consume","Auto Shields","Genetic Algorithm"],"picked":"Singing Bowl","floor":44.0},{"not_picked":["Conserve Battery+1","Gash+1"],"picked":"Defragment+1","floor":45.0},{"not_picked":["Leap+1","Undo+1"],"picked":"Echo Form","floor":46},{"not_picked":["Reinforced Body+1","Coolheaded"],"picked":"Hologram+1","floor":53},{"not_picked":["Conserve Battery","Scrape","Genetic Algorithm"],"picked":"Singing Bowl","floor":53},{"not_picked":["Rebound","Steam","Reprogram+1"],"picked":"Singing Bowl","floor":53},{"not_picked":["Stack","Fission","Ball Lightning+1"],"picked":"Singing Bowl","floor":53},{"not_picked":["Cold Snap+1","Beam Cell"],"picked":"Tempest+1","floor":53},{"not_picked":["Machine Learning","Sweeping Beam"],"picked":"Coolheaded+1","floor":54}],"player_experience":538204,"relics_obtained":[{"floor":7.0,"key":"Potion Belt"},{"floor":7.0,"key":"Vajra"},{"floor":9.0,"key":"War Paint"},{"floor":11.0,"key":"Anchor"},{"floor":11.0,"key":"Centennial Puzzle"},{"floor":13.0,"key":"Lizard Tail"},{"floor":13.0,"key":"CeramicFish"},{"floor":24.0,"key":"Strawberry"},{"floor":24.0,"key":"InkBottle"},{"floor":26.0,"key":"Juzu Bracelet"},{"floor":27.0,"key":"HornCleat"},{"floor":27.0,"key":"Akabeko"},{"floor":28.0,"key":"Nilry\u0027s Codex"},{"floor":29.0,"key":"Happy Flower"},{"floor":29.0,"key":"Bronze Scales"},{"floor":31.0,"key":"Cables"},{"floor":31.0,"key":"DataDisk"},{"floor":36.0,"key":"Dead Branch"},{"floor":40.0,"key":"Bag of Preparation"},{"floor":40.0,"key":"Eternal Feather"},{"floor":42.0,"key":"TungstenRod"},{"floor":42.0,"key":"CaptainsWheel"},{"floor":43.0,"key":"Shuriken"},{"floor":44.0,"key":"Singing Bowl"},{"floor":44.0,"key":"Toy Ornithopter"},{"floor":54,"key":"Gremlin Horn"},{"floor":54,"key":"Orichalcum"}],"event_choices":[{"damage_healed":0.0,"max_hp_gain":0.0,"max_hp_loss":0.0,"gold_gain":0.0,"event_name":"Golden Idol","player_choice":"Take Damage","floor":2.0,"gold_loss":0.0,"damage_taken":18.0,"relics_obtained":["Golden Idol"]},{"damage_healed":0.0,"max_hp_gain":0.0,"max_hp_loss":0.0,"gold_gain":0.0,"event_name":"Scrap Ooze","player_choice":"Success","floor":3.0,"gold_loss":0.0,"damage_taken":3.0,"relics_obtained":["Gambling Chip"]},{"damage_healed":0.0,"max_hp_gain":0.0,"max_hp_loss":0.0,"gold_gain":75.0,"event_name":"World of Goop","player_choice":"Gather Gold","floor":4.0,"gold_loss":0.0,"damage_taken":11.0},{"damage_healed":0.0,"max_hp_gain":0.0,"max_hp_loss":0.0,"gold_gain":0.0,"event_name":"Addict","player_choice":"Obtained Relic","floor":20.0,"gold_loss":85.0,"damage_taken":0.0,"relics_obtained":["Boot"]},{"damage_healed":0.0,"max_hp_gain":0.0,"max_hp_loss":0.0,"gold_gain":0.0,"event_name":"Vampires","player_choice":"Ignored","floor":22.0,"gold_loss":0.0,"damage_taken":0.0},{"damage_healed":0.0,"max_hp_gain":0.0,"max_hp_loss":0.0,"gold_gain":0.0,"event_name":"Cursed Tome","player_choice":"Obtained Book","floor":28.0,"gold_loss":0.0,"damage_taken":16.0},{"damage_healed":0.0,"max_hp_gain":0.0,"max_hp_loss":0.0,"gold_gain":0.0,"event_name":"Mysterious Sphere","player_choice":"Fight","floor":36.0,"gold_loss":0.0,"damage_taken":0.0},{"damage_healed":0.0,"max_hp_gain":0.0,"max_hp_loss":0.0,"gold_gain":0.0,"event_name":"SecretPortal","player_choice":"Ignored","floor":37.0,"gold_loss":0.0,"damage_taken":0.0},{"damage_healed":0.0,"max_hp_gain":0.0,"max_hp_loss":4.0,"gold_gain":0.0,"event_name":"Winding Halls","player_choice":"Max HP","floor":38.0,"gold_loss":0.0,"damage_taken":0.0},{"damage_healed":0,"gold_gain":0,"player_choice":"Bought 1 Potion","damage_taken":0,"max_hp_gain":0,"max_hp_loss":0,"event_name":"The Woman in Blue","floor":48,"gold_loss":0}],"is_beta":false,"boss_relics":[{"not_picked":["Astrolabe","Velvet Choker"],"picked":"Empty Cage"},{"not_picked":["Tiny House","Sozu"],"picked":"Snecko Eye"}],"items_purged_floors":[8,47],"is_endless":false,"potions_floor_spawned":[5,10,11,16,18,24,25,29,30,40,44,45],"ascension_level":5}}