{"host":"18wi9kpcl4eah7pe","time":1608587191,"event":{"mods":["BaseMod","Colored Powertips","Downfall","Minty Spire (QoL Compilation)","StSLib"],"gold_per_floor":[99,119,44,107,117,129,129,143,143,173,193,205,215,215,233,336,336,261,261,261,361,381,414,441,366,366,379,120,105,121,121,131,228,228,228,262,278,292,297,297,348,348,348,381,381,398,7,22,34,34,34,62,62,62,62],"floor_reached":56,"playtime":15983,"items_purged":[],"score":1304,"play_id":"d59afdee-2819-4314-be5c-493dbc7ba35a","local_time":"20201221154631","is_ascension_mode":false,"campfire_choices":[{"floor":1,"key":"RECALL"},{"data":"Guardian:BronzeOrb","floor":3,"key":"SMITH"},{"data":"Guardian:TwinSlam","floor":18,"key":"SMITH"},{"data":"Guardian:RevengeProtocol","floor":20,"key":"SMITH"},{"data":"Guardian:EvasiveProtocol","floor":25,"key":"SMITH"},{"data":"Guardian:DecasProtection","floor":35,"key":"SMITH"},{"data":"Guardian:CrystalBeam","floor":40,"key":"SMITH"},{"data":"Guardian:ShieldCharger","floor":42,"key":"SMITH"},{"floor":54,"key":"REST"}],"circlet_count":0,"master_deck":["Guardian:Strike_Guardian","Guardian:Strike_Guardian","Guardian:Strike_Guardian","Guardian:Strike_Guardian+1","Guardian:Defend_Guardian","Guardian:Defend_Guardian","Guardian:Defend_Guardian","Guardian:Defend_Guardian","Guardian:CurlUp+1","Guardian:TwinSlam+1","Guardian:BronzeOrb+1","Guardian:Planning","Guardian:VentSteam","Guardian:EvasiveProtocol+1","Guardian:RevengeProtocol","Guardian:TemporalShield","Guardian:Reroute","Guardian:RevengeProtocol+1","Guardian:TimeSifter","Guardian:CrystalBeam+1","Guardian:WalkerClaw+1","Guardian:Incinerate+1","Guardian:DecasProtection+1","Guardian:RollAttack+1","Guardian:Reroute+1","Guardian:ExploitGems","Guardian:ShieldSpikes+1","Guardian:ShieldCharger+1","Guardian:VentSteam","Guardian:WalkerClaw+1","Guardian:GuardianWhirl+1","expansioncontent:CaCaw+1","Guardian:Recover+1","Guardian:SpikerProtocol","Guardian:ShieldSpikes+1","Guardian:ChargeCore+1"],"relics":["Guardian:ModeShifter","downfall:HeartBlessingRed","Regal Pillow","Mummified Hand","Anchor","Guardian:PickAxe","SlaversCollar","downfall:HeartBlessingGreen","White Beast Statue","Whetstone","downfall:HeartBlessingBlue","Strawberry","Molten Egg 2","Nilry\u0027s Codex","Pen Nib","Pantograph","Boot","MealTicket","Lee\u0027s Waffle","Toy Ornithopter","Bag of Preparation"],"acts_visited":["Exordium","TheCity","TheBeyond","TheEnding"],"potions_floor_usage":[10,16,16,21,22,22,28,29,30,32,32,37,44,44,46,50,55,55],"damage_taken":[{"damage":0,"enemies":"2 Louse","floor":2,"turns":2},{"damage":13,"enemies":"3 Sentries","floor":4,"turns":9},{"damage":2,"enemies":"Jaw Worm","floor":5,"turns":3},{"damage":0,"enemies":"Cultist","floor":6,"turns":3},{"damage":0,"enemies":"Exordium Wildlife","floor":8,"turns":4},{"damage":18,"enemies":"Gremlin Nob","floor":10,"turns":4},{"damage":9,"enemies":"Large Slime","floor":11,"turns":8},{"damage":7,"enemies":"Gremlin Gang","floor":12,"turns":4},{"damage":12,"enemies":"Large Slime","floor":13,"turns":10},{"damage":1,"enemies":"Exordium Thugs","floor":15,"turns":6},{"damage":21,"enemies":"downfall:Ironclad","floor":16,"turns":7},{"damage":9,"enemies":"downfall:LadyInBlue","floor":21,"turns":9},{"damage":0,"enemies":"Shell Parasite","floor":22,"turns":3},{"damage":2,"enemies":"Slavers","floor":23,"turns":4},{"damage":0,"enemies":"3 Byrds","floor":27,"turns":4},{"damage":0,"enemies":"downfall:FleeingMerchant","floor":28,"turns":4},{"damage":5,"enemies":"downfall:FleeingMerchant","floor":29,"turns":4},{"damage":0,"enemies":"Snake Plant","floor":30,"turns":3},{"damage":0,"enemies":"Chosen and Byrds","floor":32,"turns":3},{"damage":18,"enemies":"downfall:Silent","floor":33,"turns":8},{"damage":38,"enemies":"Nemesis","floor":36,"turns":7},{"damage":0,"enemies":"Orb Walker","floor":37,"turns":2},{"damage":1,"enemies":"3 Shapes","floor":38,"turns":3},{"damage":0,"enemies":"downfall:FleeingMerchant","floor":39,"turns":1},{"damage":31,"enemies":"Giant Head","floor":44,"turns":6},{"damage":6,"enemies":"Jaw Worm Horde","floor":46,"turns":4},{"damage":12,"enemies":"Sphere and 2 Shapes","floor":48,"turns":4},{"damage":16,"enemies":"Spire Growth","floor":49,"turns":5},{"damage":0,"enemies":"downfall:Watcher","floor":50,"turns":6},{"damage":123,"enemies":"downfall:CharBossMerchant","floor":52,"turns":8},{"damage":77,"enemies":"downfall:NeowBoss","floor":55,"turns":25}],"seed_played":"-4545031385488881311","potions_obtained":[{"floor":2,"key":"FairyPotion"},{"floor":5,"key":"sneckomod:MuddlingPotion"},{"floor":6,"key":"ColorlessPotion"},{"floor":13,"key":"PowerPotion"},{"floor":15,"key":"Regen Potion"},{"floor":16,"key":"champ:CounterPotion"},{"floor":21,"key":"BlessingOfTheForge"},{"floor":21,"key":"PowerPotion"},{"floor":22,"key":"Energy Potion"},{"floor":23,"key":"GamblersBrew"},{"floor":27,"key":"AttackPotion"},{"floor":28,"key":"Swift Potion"},{"floor":29,"key":"Explosive Potion"},{"floor":30,"key":"Explosive Potion"},{"floor":32,"key":"sneckomod:MuddlingPotion"},{"floor":33,"key":"champ:CounterPotion"},{"floor":37,"key":"Strength Potion"},{"floor":38,"key":"EssenceOfSteel"},{"floor":39,"key":"Swift Potion"},{"floor":44,"key":"LiquidBronze"},{"floor":46,"key":"Guardian:StasisDiscoveryPotion"},{"floor":48,"key":"Ancient Potion"},{"floor":49,"key":"Strength Potion"},{"floor":52,"key":"Strength Potion"}],"is_trial":false,"path_per_floor":["R","M","R","?","M","M","T","M","?","E","M","M","M","?","M","B",null,"R","?","R","?","M","E","T","R","?","M","$","$","M","?","M","B",null,"R","E","M","M","$","R","T","R","?","E","?","M","$","M","M","B",null,"E","$","R","B",null],"character_chosen":"GUARDIAN","items_purchased":["Molten Egg 2","Pantograph","Guardian:GuardianWhirl+1","Lee\u0027s Waffle","Toy Ornithopter","Guardian:SpikerProtocol","Guardian:Gem_Red"],"campfire_rested":1,"item_purchase_floors":[28,39,39,47,47,47,47],"current_hp_per_floor":[80,80,80,67,65,65,65,65,65,47,38,31,19,19,18,12,80,80,80,80,71,71,69,69,79,86,86,86,81,81,65,65,47,97,97,59,59,58,58,58,58,58,58,27,19,13,104,92,76,104,104,31,46,92,27],"gold":62,"neow_bonus":"THREE_CARDS","is_daily":false,"chose_seed":false,"campfire_upgraded":7,"win_rate":0.0,"timestamp":1608587191,"path_taken":["R","M","R","?","M","M","T","M","?","E","?","M","M","?","M","BOSS","R","?","R","?","?","E","T","R","?","M","$","$","M","?","M","BOSS","R","E","M","M","$","R","T","R","?","E","?","?","$","M","M","BOSS","E","$","R","BOSS"],"items_purchased_type":["Relic","Relic","Card","Relic","Relic","Card","Card"],"build_version":"2020-12-13","purchased_purges":0,"victory":true,"max_hp_per_floor":[80,80,80,80,80,80,80,80,80,80,80,80,80,80,80,80,80,80,80,80,80,80,80,80,90,97,97,97,97,97,97,97,97,97,97,97,97,97,97,97,97,97,97,97,97,97,104,104,104,104,104,104,104,104,104],"card_choices":[{"not_picked":["Guardian:Gem_Lightblue","Guardian:Gem_Cyan"],"picked":"Guardian:BronzeOrb","floor":0},{"not_picked":["Guardian:Clone","Guardian:Gem_Lightblue"],"picked":"Guardian:Planning","floor":2},{"not_picked":["Guardian:Preprogram","Guardian:Gem_Lightblue"],"picked":"Guardian:VentSteam","floor":4},{"not_picked":["Guardian:ArmoredProtocol","Guardian:BronzeArmor"],"picked":"Guardian:EvasiveProtocol","floor":5},{"not_picked":["Guardian:PrismaticBeam","Guardian:CrystalBeam"],"picked":"Guardian:Gem_Cyan","floor":6},{"not_picked":["Guardian:ChargeCore","Guardian:Incinerate"],"picked":"Guardian:Gem_Lightblue","floor":8},{"not_picked":["Guardian:MultiBeam","Guardian:Gem_Lightblue"],"picked":"Guardian:Gem_Purple","floor":10},{"not_picked":["Guardian:RollAttack","Guardian:CrystalBeam"],"picked":"Guardian:RevengeProtocol","floor":11},{"not_picked":["Guardian:VentSteam","Guardian:Gem_Lightblue"],"picked":"Guardian:TemporalShield","floor":12},{"not_picked":["Guardian:Gem_Green","Guardian:Suspension"],"picked":"Guardian:Reroute","floor":13},{"not_picked":["Guardian:PiercingHide","Guardian:PrismaticBarrier"],"picked":"Guardian:RevengeProtocol","floor":15},{"not_picked":["Guardian:AncientConstruct","Guardian:Gem_Orange"],"picked":"Guardian:TimeSifter","floor":16},{"not_picked":["Guardian:Gem_Blue","Guardian:Suspension"],"picked":"Guardian:CrystalBeam","floor":21},{"not_picked":["Guardian:ShieldSpikes","Guardian:PolyBeam"],"picked":"Guardian:WalkerClaw","floor":22},{"not_picked":["Guardian:ShieldSpikes","Guardian:EvasiveProtocol"],"picked":"Guardian:Gem_Red","floor":23},{"not_picked":["Guardian:Gem_Cyan","Guardian:TemporalShield"],"picked":"Guardian:Incinerate+1","floor":27},{"not_picked":["Guardian:Incinerate","Guardian:Gem_Crimson"],"picked":"Guardian:DecasProtection","floor":28},{"not_picked":["Guardian:EvasiveProtocol","Guardian:CrystalBeam+1"],"picked":"Guardian:Gem_Orange","floor":29},{"not_picked":["Guardian:SentryBeam+1","Guardian:Gem_Red"],"picked":"Guardian:RollAttack+1","floor":30},{"not_picked":["Guardian:BronzeArmor","Guardian:VentSteam"],"picked":"Guardian:Reroute+1","floor":32},{"not_picked":["Guardian:FastForward","Guardian:ConstructionForm"],"picked":"Guardian:ExploitGems","floor":33},{"not_picked":["Guardian:RollAttack+1","Guardian:Incinerate+1"],"picked":"Guardian:ShieldSpikes+1","floor":36},{"not_picked":["Guardian:VentSteam+1","Guardian:Gem_Orange"],"picked":"Guardian:ShieldCharger","floor":37},{"not_picked":["Guardian:Planning+1","Guardian:Gem_Cyan"],"picked":"Guardian:VentSteam","floor":38},{"not_picked":["Guardian:PrismaticBarrier+1","Guardian:Gem_Lightblue"],"picked":"Guardian:WalkerClaw+1","floor":39},{"not_picked":["expansioncontent:Hexaburn+1","expansioncontent:TimeRipple+1"],"picked":"expansioncontent:CaCaw","floor":43},{"not_picked":["Guardian:Reroute+1","Guardian:CrystalBeam+1"],"picked":"Guardian:Gem_Cyan","floor":44},{"not_picked":["Guardian:Gem_Lightblue","Guardian:Gem_Fragmented"],"picked":"Guardian:Recover+1","floor":46},{"not_picked":["Guardian:TemporalShield","Guardian:VentSteam+1"],"picked":"Guardian:ShieldSpikes+1","floor":48},{"not_picked":["Guardian:PrismaticBeam+1","Guardian:VentSteam+1"],"picked":"Guardian:ChargeCore+1","floor":49},{"not_picked":["Guardian:PrimingBeam+1","Guardian:FastForward"],"picked":"Guardian:Gem_Green","floor":52}],"player_experience":820626,"relics_obtained":[{"floor":4,"key":"Regal Pillow"},{"floor":7,"key":"Mummified Hand"},{"floor":10,"key":"Anchor"},{"floor":21,"key":"White Beast Statue"},{"floor":23,"key":"Whetstone"},{"floor":31,"key":"Nilry\u0027s Codex"},{"floor":36,"key":"Pen Nib"},{"floor":41,"key":"Boot"},{"floor":44,"key":"MealTicket"},{"floor":52,"key":"Bag of Preparation"}],"event_choices":[],"is_beta":false,"boss_relics":[{"not_picked":["Empty Cage","Astrolabe"],"picked":"SlaversCollar"},{"not_picked":["Snecko Eye","Cursed Key","Pandora\u0027s Box"]}],"items_purged_floors":[],"is_endless":false,"potions_floor_spawned":[2,5,6,13,15,16,22,23,27,28,29,30,32,33,36,37,38,39,44,46,48,49,52],"ascension_level":0}}