{"host":"yi49lbnhh35mzi7n","time":1608541095,"event":{"mods":["BaseMod","Bestiary","BetterRewards","Colored Map","Conspire","Downfall","Hermit","Hubris","Infinite Spire","Minty Spire (QoL Compilation)","Replay The Spire","StSLib","The Construct","The Jungle","Yuri Mod"],"gold_per_floor":[116,133,133,133,133,133,133,133,133,164,164,164,193,204,204,301,301,301],"floor_reached":17,"playtime":421,"items_purged":[],"score":236,"play_id":"40e7c21e-3228-428c-8f8b-27d0e6403593","local_time":"20201221095815","is_ascension_mode":false,"campfire_choices":[{"data":"yuri:Oolong","floor":6,"key":"SMITH"},{"data":"yuri:HeavierStrike","floor":8,"key":"SMITH"},{"data":"yuri:Spin","floor":11,"key":"SMITH"},{"data":"yuri:WickedSlash","floor":15,"key":"SMITH"}],"circlet_count":0,"master_deck":["conspire:GhostlyStrike","conspire:GhostlyStrike","conspire:GhostlyStrike","conspire:GhostlyStrike","conspire:GhostlyStrike","conspire:GhostlyDefend","conspire:GhostlyDefend","conspire:GhostlyDefend","conspire:GhostlyDefend","yuri:yuriStab","yuri:CalmingAura+1","yuri:RepairCode","yuri:HeavierStrike+1","hubris:DuctTapeCard","yuri:Spin+1","yuri:WickedSlash+1","yuri:InsanityDefense","yuri:DragonForm"],"relics":["yuri:yuriKnife","NeowsBlessing","hubris:DuctTape","Pantograph","Replay:Bottled Flurry","conspire:TopHat","Cursed Key"],"acts_visited":["Exordium","TheCity"],"potions_floor_usage":[16],"damage_taken":[{"damage":0,"enemies":"2 Louse","floor":1,"turns":1},{"damage":0,"enemies":"Small Slimes","floor":2,"turns":1},{"damage":0,"enemies":"Gremlin Nob","floor":10,"turns":1},{"damage":13,"enemies":"Lagavulin","floor":13,"turns":6},{"damage":4,"enemies":"Cultist","floor":14,"turns":3},{"damage":43,"enemies":"Hexaghost","floor":16,"turns":8}],"seed_played":"-8074113802042309422","potions_obtained":[{"floor":1,"key":"Ancient Potion"},{"floor":10,"key":"BlessingOfTheForge"},{"floor":14,"key":"Explosive Potion"}],"is_trial":false,"path_per_floor":["M","M","?","?","?","R","?","R","T","E","R","T","E","M","R","B",null],"character_chosen":"YURI","items_purchased":[],"campfire_rested":0,"item_purchase_floors":[],"current_hp_per_floor":[80,80,80,80,80,80,80,80,80,80,80,80,74,77,77,39,80,80],"gold":301,"neow_bonus":"THREE_ENEMY_KILL","is_daily":false,"chose_seed":false,"campfire_upgraded":4,"win_rate":0.0,"timestamp":1608541095,"path_taken":["M","M","?","?","?","R","?","R","T","E","R","?","E","M","R","BOSS"],"items_purchased_type":[],"build_version":"2020-12-13","purchased_purges":0,"victory":false,"max_hp_per_floor":[80,80,80,80,80,80,80,80,80,80,80,80,80,80,80,80,80,80],"card_choices":[{"not_picked":["yuri:ThornRemove","yuri:ReactiveMadness"],"picked":"yuri:CalmingAura","floor":1},{"not_picked":["yuri:RecklessStrike","yuri:Skip"],"picked":"yuri:RepairCode","floor":2},{"not_picked":["yuri:BrokenCode","yuri:yuriHeavyStrike"],"picked":"yuri:Spin","floor":10},{"not_picked":["yuri:Stalk","yuri:Skip"],"picked":"yuri:WickedSlash","floor":13},{"not_picked":["yuri:ThrowingKnives","yuri:ThornRemove"],"picked":"yuri:InsanityDefense","floor":14},{"not_picked":["yuri:ExploitStrike","yuri:RelentlessStrikes"],"picked":"yuri:DragonForm","floor":16}],"player_experience":481761,"relics_obtained":[{"floor":9,"key":"hubris:DuctTape"},{"floor":10,"key":"Pantograph"},{"floor":12,"key":"Replay:Bottled Flurry"},{"floor":13,"key":"conspire:TopHat"}],"event_choices":[{"damage_healed":0,"gold_gain":0,"player_choice":"Agree","damage_taken":0,"max_hp_gain":0,"max_hp_loss":0,"event_name":"conspire:LoneGhost","floor":5,"gold_loss":0}],"is_beta":false,"boss_relics":[{"not_picked":["SlaversCollar","Replay:Ancient Bell"],"picked":"Cursed Key"}],"items_purged_floors":[],"is_endless":false,"potions_floor_spawned":[1,10,14],"ascension_level":0}}