{"host":"gzuytev79v4mazik","time":1608567020,"event":{"mods":["ATMod(°¢èªMod)","Act Like it!","BaseMod","CapriCore","Hallownest","Infinite Spire","Jorbs\u0027s Wanderer Trilogy","Luminous","Minty Spire (QoL Compilation)","Prisma Mod","Rare Cards Sparkle","Remilia£¨ÀÙÃ×ÀòÑÇ£©","Replay The Spire","StSLib","The Alterego","The Bug Knight","The Immortal"],"gold_per_floor":[118,135,135,146,146,146,171,56,56,56,56,134,151,151,169,26,26,26,26],"floor_reached":18,"playtime":985,"items_purged":[],"score":110,"play_id":"4648ce30-7560-46bb-83d8-edd717d2664e","local_time":"20201222001020","is_ascension_mode":false,"campfire_choices":[{"data":"alterego_mod:Impale","floor":6,"key":"SMITH"},{"floor":17,"key":"REST"}],"circlet_count":0,"master_deck":["alterego_mod:Strike","alterego_mod:Strike","alterego_mod:Strike","alterego_mod:Defend+1","alterego_mod:Defend","alterego_mod:Defend","alterego_mod:Defend","alterego_mod:Impale+1","alterego_mod:BigMeatyClaws","alterego_mod:BrynhildrsRune","alterego_mod:Clap","alterego_mod:Birthday","alterego_mod:Valentines","alterego_mod:BeGentle","alterego_mod:Tantrum","alterego_mod:Punishment+1","alterego_mod:Valkyrie"],"relics":["alterego_mod:MasochisticConstitution","AT_ATBox","Chameleon Ring","Odd Mushroom","Frozen Egg 2","AntiCross"],"acts_visited":["Exordium"],"potions_floor_usage":[7,7,18],"damage_taken":[{"damage":12,"enemies":"Hallownest:monsterHuskWarrior","floor":1,"turns":3},{"damage":19,"enemies":"Hallownest:2_Tiktiks_and_1_Crawlid","floor":2,"turns":6},{"damage":17,"enemies":"Hallownest:2_MossCreeps","floor":4,"turns":10},{"damage":11,"enemies":"Hallownest:eliteVengeflyKing","floor":7,"turns":7},{"damage":13,"enemies":"Hallownest:monsterFoolEater","floor":13,"turns":4},{"damage":28,"enemies":"Hallownest:Guard_and_Warrior","floor":15,"turns":4},{"damage":58,"enemies":"Hallownest:BossHornet","floor":18,"turns":6}],"seed_played":"-3372030019239843335","potions_obtained":[{"floor":1,"key":"SneckoOil"},{"floor":4,"key":"Energy Potion"},{"floor":13,"key":"SpeedPotion"},{"floor":15,"key":"Strength Potion"}],"is_trial":false,"path_per_floor":["M","M","?","M","?","R","E","?","T","PTL","PTL","T","M","$","M","$","R","B"],"character_chosen":"The_Alterego","items_purchased":["alterego_mod:Valkyrie"],"campfire_rested":1,"item_purchase_floors":[16],"current_hp_per_floor":[59,50,50,50,50,50,49,49,49,49,49,49,46,46,21,21,43,0,0],"gold":26,"neow_bonus":"THREE_CARDS","is_daily":false,"chose_seed":false,"campfire_upgraded":1,"win_rate":0.0,"timestamp":1608567020,"path_taken":["M","M","?","M","?","R","E","?","T","PTL","PTL","?","?","$","M","?","R","BOSS"],"items_purchased_type":["Card"],"build_version":"2020-12-13","purchased_purges":0,"victory":false,"max_hp_per_floor":[71,72,72,73,73,73,74,74,74,74,74,74,75,75,76,76,76,76,76],"card_choices":[{"not_picked":["alterego_mod:HighServant","alterego_mod:GachaTicket"],"picked":"alterego_mod:Clap","floor":0},{"not_picked":["alterego_mod:SakuraFive","alterego_mod:BiFurious"],"picked":"alterego_mod:Birthday","floor":1},{"not_picked":["alterego_mod:SuperDuperMasochism","alterego_mod:DeftHands"],"picked":"alterego_mod:Valentines","floor":2},{"not_picked":["alterego_mod:Jiggle","alterego_mod:RocketPunch","alterego_mod:Pet"],"picked":"SKIP","floor":4},{"not_picked":["alterego_mod:Maid","alterego_mod:DestructionOfProperty","alterego_mod:Jiggle"],"picked":"SKIP","floor":7},{"not_picked":["alterego_mod:Cycle","alterego_mod:BeGentle"],"picked":"alterego_mod:Tantrum","floor":13},{"not_picked":["alterego_mod:Cushion","alterego_mod:BeGentle"],"picked":"alterego_mod:Punishment+1","floor":15}],"player_experience":364705,"relics_obtained":[{"floor":7,"key":"Chameleon Ring"},{"floor":9,"key":"Frozen Egg 2"},{"floor":12,"key":"AntiCross"}],"event_choices":[],"is_beta":false,"boss_relics":[],"items_purged_floors":[],"is_endless":false,"potions_floor_spawned":[1,4,13,15],"killed_by":"Hallownest:BossHornet","ascension_level":0}}