{"host":"61r95uy0hn86b9iu","time":1608513834,"event":{"mods":["AchievementEnabler","BaseMod","Better Vampires","BetterRewards","Colored Powertips","Hubris","Minty Spire (QoL Compilation)","Shop Mod","StSLib"],"gold_per_floor":[118,118,118,142,142,182,182,216,288,316,337,337,356,356,356,356,356],"floor_reached":16,"playtime":645,"items_purged":[],"score":220,"play_id":"c3143a7a-686d-4d68-a350-b4d60098be00","local_time":"20201220192354","is_ascension_mode":true,"campfire_choices":[{"floor":7.0,"key":"REST"},{"floor":12,"key":"REST"},{"floor":15,"key":"REST"}],"circlet_count":0,"master_deck":["AscendersBane","Strike_G","Strike_G","Strike_G","Strike_G","Strike_G","Defend_G","Defend_G","Defend_G+1","Defend_G","Defend_G","Survivor","Neutralize","Cloak And Dagger+1","Deadly Poison","Bane","Deflect","Bane","Backflip"],"relics":["Ring of the Snake","CeramicFish","hubris:Icosahedron","Blue Candle","Centennial Puzzle","hubris:AncientText","Kunai"],"acts_visited":["Exordium"],"potions_floor_usage":[16],"damage_taken":[{"damage":4.0,"enemies":"Jaw Worm","floor":1.0,"turns":4.0},{"damage":1.0,"enemies":"Small Slimes","floor":4.0,"turns":2.0},{"damage":25.0,"enemies":"3 Sentries","floor":6.0,"turns":15.0},{"damage":25,"enemies":"Lagavulin","floor":8,"turns":7},{"damage":0,"enemies":"Cultist","floor":10,"turns":3},{"damage":0,"enemies":"Looter","floor":11,"turns":3},{"damage":5,"enemies":"3 Louse","floor":13,"turns":3},{"damage":42,"enemies":"Hexaghost","floor":16,"turns":10}],"seed_played":"3818235927373446756","potions_obtained":[{"floor":1.0,"key":"SkillPotion"},{"floor":11,"key":"Ancient Potion"},{"floor":13,"key":"EssenceOfSteel"}],"is_trial":false,"path_per_floor":["M","?","?","M","T","E","R","E","T","M","M","R","M","?","R","B"],"character_chosen":"THE_SILENT","items_purchased":["CeramicFish"],"campfire_rested":3,"item_purchase_floors":[0],"current_hp_per_floor":[55,55,35,34,34,9,28,3,3,3,3,22,17,17,36,0,0],"gold":356,"neow_bonus":"","is_daily":false,"chose_seed":false,"campfire_upgraded":0,"win_rate":0.0,"timestamp":1608513834,"path_taken":["M","?","?","M","?","E","R","E","T","M","M","R","?","?","R","BOSS"],"items_purchased_type":["Relic"],"build_version":"2020-12-13","purchased_purges":0,"victory":false,"max_hp_per_floor":[66,66,66,66,66,66,66,66,66,66,66,66,66,66,66,66,66],"card_choices":[{"not_picked":["Bane","Slice"],"picked":"Cloak And Dagger","floor":1.0},{"not_picked":["Concentrate","Masterful Stab"],"picked":"Deadly Poison","floor":4.0},{"not_picked":["Choke","Masterful Stab"],"picked":"Bane","floor":6.0},{"not_picked":["Predator","Underhanded Strike","Cloak And Dagger"],"picked":"SKIP","floor":8},{"not_picked":["hubris:SlightOfHand","Concentrate"],"picked":"Deflect","floor":10},{"not_picked":["Sucker Punch","Choke"],"picked":"Bane","floor":11},{"not_picked":["Deadly Poison","Concentrate"],"picked":"Backflip","floor":13}],"player_experience":3201669,"relics_obtained":[{"floor":5.0,"key":"Blue Candle"},{"floor":6.0,"key":"Centennial Puzzle"},{"floor":8,"key":"hubris:AncientText"},{"floor":9,"key":"Kunai"}],"event_choices":[{"damage_healed":0.0,"max_hp_gain":0.0,"max_hp_loss":0.0,"gold_gain":0.0,"event_name":"Shining Light","player_choice":"Entered Light","floor":3.0,"gold_loss":0.0,"damage_taken":20.0,"cards_upgraded":["Cloak And Dagger","Defend_G"]},{"damage_healed":0,"gold_gain":0,"player_choice":"Fled","damage_taken":0,"max_hp_gain":0,"max_hp_loss":0,"event_name":"Scrap Ooze","floor":14,"gold_loss":0}],"is_beta":false,"boss_relics":[],"items_purged_floors":[],"is_endless":false,"potions_floor_spawned":[1,11,13],"killed_by":"Hexaghost","ascension_level":20}}