{"host":"0ueeacaatm8t6jyh","time":1608570350,"event":{"mods":["AchievementEnabler","BaseMod","Colored Powertips","Minty Spire (QoL Compilation)","Quick Restart","Rare Cards Sparkle","Shop Mod","StSLib"],"gold_per_floor":[111,121,121,137,56,90,90,116,116,116,126,157,157,172,172,267,267,285,45,64,64,64,98,98,98],"floor_reached":24,"playtime":825,"items_purged":[],"score":375,"play_id":"6d757faf-a466-4ed9-aee0-72dc34cfa369","local_time":"20201222010550","is_ascension_mode":true,"campfire_choices":[{"data":"Sunder","floor":7.0,"key":"SMITH"},{"floor":13.0,"key":"REST"},{"data":"Defragment","floor":15.0,"key":"SMITH"}],"circlet_count":0,"master_deck":["Strike_B","Strike_B","Strike_B","Defend_B","Defend_B","Defend_B","Defend_B","Zap","Dualcast","Go for the Eyes","Coolheaded","Gash","Sunder+1","Reprogram","BootSequence","Electrodynamics","Beam Cell","Defragment+1","Biased Cognition","Storm","Hologram","Amplify"],"relics":["Cracked Core","NeowsBlessing","Blue Candle","Kunai","Pear","Matryoshka","Black Star","Runic Capacitor","InkBottle","Turnip"],"acts_visited":["TheCity"],"potions_floor_usage":[24,24],"damage_taken":[{"damage":0.0,"enemies":"Small Slimes","floor":1.0,"turns":1.0},{"damage":0.0,"enemies":"Cultist","floor":2.0,"turns":1.0},{"damage":0.0,"enemies":"Jaw Worm","floor":4.0,"turns":1.0},{"damage":34.0,"enemies":"Gremlin Nob","floor":6.0,"turns":5.0},{"damage":33.0,"enemies":"3 Sentries","floor":8.0,"turns":6.0},{"damage":0.0,"enemies":"2 Fungi Beasts","floor":11.0,"turns":2.0},{"damage":0.0,"enemies":"Lagavulin","floor":12.0,"turns":6.0},{"damage":13.0,"enemies":"3 Louse","floor":14.0,"turns":3.0},{"damage":8.0,"enemies":"Slime Boss","floor":16.0,"turns":7.0},{"damage":6.0,"enemies":"3 Byrds","floor":18.0,"turns":3.0},{"damage":20.0,"enemies":"Shell Parasite","floor":20.0,"turns":5.0},{"damage":18.0,"enemies":"Gremlin Leader","floor":23.0,"turns":6.0},{"damage":48,"enemies":"Shelled Parasite and Fungi","floor":24,"turns":3}],"seed_played":"469397179571291642","potions_obtained":[{"floor":8.0,"key":"FearPotion"},{"floor":11.0,"key":"FearPotion"},{"floor":12.0,"key":"DuplicationPotion"},{"floor":16.0,"key":"GamblersBrew"}],"is_trial":false,"path_per_floor":["M","M","?","M","$","E","R","E","T","?","M","E","R","M","R","B",null,"M","$","M","$","?","E","M"],"character_chosen":"DEFECT","items_purchased":["Sunder","Storm","Runic Capacitor","Hologram"],"campfire_rested":1,"item_purchase_floors":[5,19,19,19],"current_hp_per_floor":[68,68,73,73,73,39,39,6,16,16,16,16,43,30,30,22,73,67,67,47,47,47,29,0,0],"gold":98,"neow_bonus":"THREE_ENEMY_KILL","is_daily":false,"chose_seed":false,"campfire_upgraded":2,"win_rate":0.0,"timestamp":1608570350,"path_taken":["M","M","?","M","$","E","R","E","T","?","M","E","R","M","R","BOSS","M","$","M","$","?","E","M"],"items_purchased_type":["Card","Card","Relic","Card"],"build_version":"2020-12-13","purchased_purges":0,"victory":false,"max_hp_per_floor":[75,75,80,80,80,80,80,80,90,90,90,90,90,90,90,90,90,90,90,90,90,90,90,90,90],"card_choices":[{"not_picked":["Rebound","Compile Driver"],"picked":"Go for the Eyes","floor":1.0},{"not_picked":["Ball Lightning","Darkness"],"picked":"Coolheaded","floor":2.0},{"not_picked":["Fusion","Chaos"],"picked":"Gash","floor":4.0},{"not_picked":["Darkness","Sweeping Beam","Go for the Eyes"],"picked":"SKIP","floor":6.0},{"not_picked":["BootSequence","Creative AI"],"picked":"Reprogram","floor":8.0},{"not_picked":["Barrage","Ball Lightning"],"picked":"Beam Cell","floor":11.0},{"not_picked":["Beam Cell","Aggregate","Turbo"],"picked":"SKIP","floor":12.0},{"not_picked":["Hologram","Redo"],"picked":"Defragment","floor":14.0},{"not_picked":["Thunder Strike","Meteor Strike"],"picked":"Biased Cognition","floor":16.0},{"not_picked":["Cold Snap","Beam Cell+1","Fusion"],"picked":"SKIP","floor":18.0},{"not_picked":["Auto Shields","Gash","Redo"],"picked":"SKIP","floor":20.0},{"not_picked":["Turbo","Leap"],"picked":"Amplify","floor":23.0}],"player_experience":289145,"relics_obtained":[{"floor":6.0,"key":"Blue Candle"},{"floor":8.0,"key":"Kunai"},{"floor":9.0,"key":"Pear"},{"floor":12.0,"key":"Matryoshka"},{"floor":23.0,"key":"InkBottle"},{"floor":23.0,"key":"Turnip"}],"event_choices":[{"damage_healed":0.0,"max_hp_gain":5.0,"max_hp_loss":0.0,"gold_gain":0.0,"event_name":"Big Fish","player_choice":"Donut","floor":3.0,"gold_loss":0.0,"damage_taken":0.0},{"damage_healed":0.0,"max_hp_gain":0.0,"max_hp_loss":0.0,"gold_gain":0.0,"event_name":"Match and Keep!","player_choice":"2 cards matched","floor":10.0,"gold_loss":0.0,"damage_taken":0.0,"cards_obtained":["BootSequence","Electrodynamics"]},{"cards_removed":["Strike_B"],"damage_healed":0.0,"max_hp_gain":0.0,"max_hp_loss":0.0,"gold_gain":0.0,"event_name":"Back to Basics","player_choice":"Elegance","floor":22.0,"gold_loss":0.0,"damage_taken":0.0}],"is_beta":false,"boss_relics":[{"not_picked":["Ectoplasm","Tiny House"],"picked":"Black Star"}],"items_purged_floors":[],"is_endless":false,"potions_floor_spawned":[8,11,12,16,20],"killed_by":"Shelled Parasite and Fungi","ascension_level":7}}