{"host":"fa35vd3kig5td25x","time":1608572461,"event":{"mods":["BaseMod","Colored Powertips","Minty Spire (QoL Compilation)","Relic Stats","Slay the Relics Exporter"],"gold_per_floor":[115,115,129,24,41,66,66,91,91,91,101,131,0,14,14,91,91,91,91,91,91,91,91,91,91,91,91,91,91,15,15,15,15,15,15,0,0,0,0,0,0,0,0,0,0,0,0,0,0,0,0,0,0,0,0,0,0],"floor_reached":56,"playtime":3146,"items_purged":["Strike_R"],"score":2361,"play_id":"5cd6382a-b555-4c35-8d2e-9020656c64a9","local_time":"20201221184101","is_ascension_mode":true,"campfire_choices":[{"data":"Bash","floor":7,"key":"SMITH"},{"data":"Pommel Strike","floor":10,"key":"SMITH"},{"data":"Armaments","floor":15,"key":"SMITH"},{"data":"Feel No Pain","floor":32,"key":"SMITH"},{"floor":40,"key":"RECALL"},{"floor":49,"key":"REST"},{"floor":53,"key":"REST"}],"circlet_count":0,"master_deck":["AscendersBane","Strike_R","Defend_R","Defend_R","Defend_R","Defend_R","Bash+1","Shrug It Off","Body Slam","Feel No Pain+1","Armaments+1","Shockwave","Pommel Strike+1","Ghostly Armor","Corruption+1","Barricade+1","True Grit","Ghostly Armor","Dark Embrace+1","Ghostly","Ghostly","Ghostly","Cleave","Disarm","Feel No Pain+1","Inflame+1","Impervious","Shockwave+1","Havoc+1","Offering+1","PanicButton","Battle Trance","Shrug It Off","Power Through+1","Uppercut+1","Evolve+1"],"relics":["Velvet Choker","Omamori","Frozen Egg 2","Bag of Preparation","Turnip","Ectoplasm","Shuriken","Lantern","Gremlin Horn","Astrolabe","Red Mask","Bag of Marbles","Dream Catcher","Juzu Bracelet","Pear"],"acts_visited":["Exordium","TheCity","TheBeyond","TheEnding"],"potions_floor_usage":[6,8,22,28,33,33,50,55,56],"damage_taken":[{"damage":1,"enemies":"Cultist","floor":1,"turns":3},{"damage":0,"enemies":"2 Louse","floor":3,"turns":3},{"damage":0,"enemies":"Jaw Worm","floor":5,"turns":2},{"damage":19,"enemies":"Lagavulin","floor":6,"turns":10},{"damage":14,"enemies":"Gremlin Nob","floor":8,"turns":4},{"damage":0,"enemies":"Blue Slaver","floor":11,"turns":3},{"damage":0,"enemies":"3 Sentries","floor":12,"turns":11},{"damage":0,"enemies":"Looter","floor":14,"turns":4},{"damage":21,"enemies":"The Guardian","floor":16,"turns":11},{"damage":5,"enemies":"Shell Parasite","floor":18,"turns":4},{"damage":0,"enemies":"3 Byrds","floor":19,"turns":5},{"damage":0,"enemies":"3 Cultists","floor":20,"turns":6},{"damage":1,"enemies":"Cultist and Chosen","floor":22,"turns":5},{"damage":0,"enemies":"Book of Stabbing","floor":23,"turns":5},{"damage":1,"enemies":"Sentry and Sphere","floor":24,"turns":7},{"damage":0,"enemies":"Snake Plant","floor":25,"turns":4},{"damage":4,"enemies":"Slavers","floor":28,"turns":5},{"damage":9,"enemies":"3 Cultists","floor":29,"turns":6},{"damage":1,"enemies":"Book of Stabbing","floor":31,"turns":5},{"damage":14,"enemies":"Collector","floor":33,"turns":7},{"damage":0,"enemies":"Orb Walker","floor":35,"turns":5},{"damage":0,"enemies":"3 Shapes","floor":39,"turns":5},{"damage":6,"enemies":"Nemesis","floor":41,"turns":7},{"damage":0,"enemies":"Spire Growth","floor":42,"turns":4},{"damage":12,"enemies":"Sphere and 2 Shapes","floor":44,"turns":6},{"damage":0,"enemies":"Writhing Mass","floor":45,"turns":7},{"damage":6,"enemies":"Reptomancer","floor":46,"turns":9},{"damage":0,"enemies":"4 Shapes","floor":47,"turns":5},{"damage":0,"enemies":"Transient","floor":48,"turns":6},{"damage":2,"enemies":"Time Eater","floor":50,"turns":8},{"damage":6,"enemies":"Awakened One","floor":51,"turns":9},{"damage":29,"enemies":"Shield and Spear","floor":55,"turns":8},{"damage":26,"enemies":"The Heart","floor":56,"turns":5}],"seed_played":"256383585667761017","potions_obtained":[{"floor":3,"key":"Regen Potion"},{"floor":5,"key":"SteroidPotion"},{"floor":12,"key":"Swift Potion"},{"floor":23,"key":"Ancient Potion"},{"floor":28,"key":"Strength Potion"},{"floor":39,"key":"LiquidMemories"},{"floor":42,"key":"AttackPotion"},{"floor":46,"key":"SpeedPotion"},{"floor":47,"key":"Swift Potion"},{"floor":55,"key":"BloodPotion"}],"is_trial":false,"path_per_floor":["M","?","M","$","M","E","R","E","T","R","M","E","$","M","R","B",null,"M","M","M","?","M","E","M","M","T","T","E","M","$","E","R","B",null,"M","?","?","?","M","R","E","M","T","M","M","E","M","M","R","B","B",null,"R","$","E","B"],"character_chosen":"IRONCLAD","items_purchased":["Feel No Pain","Armaments","PowerPotion","Inflame+1"],"campfire_rested":2,"item_purchase_floors":[4,4,13,30],"current_hp_per_floor":[67,56,56,56,56,52,52,38,38,38,38,38,38,38,38,17,61,56,56,56,37,36,36,35,35,35,35,31,22,22,21,21,7,30,30,30,30,30,30,30,24,24,24,12,12,6,6,6,16,14,8,28,35,35,25,0,0],"gold":0,"neow_bonus":"BOSS_RELIC","is_daily":false,"chose_seed":false,"campfire_upgraded":4,"win_rate":0.0,"timestamp":1608572461,"path_taken":["M","?","M","?","M","E","R","E","T","R","M","E","$","M","R","BOSS","M","M","M","?","M","E","M","M","T","?","E","M","$","E","R","BOSS","M","?","?","?","M","R","E","M","T","M","?","E","M","M","R","BOSS","BOSS","R","$","E","BOSS"],"items_purchased_type":["Card","Card","Potion","Card"],"build_version":"2020-12-13","purchased_purges":1,"victory":false,"max_hp_per_floor":[75,75,75,75,75,75,75,75,75,75,75,75,75,75,75,75,75,75,75,75,37,37,37,37,37,37,37,37,37,37,37,37,37,37,37,37,37,35,35,35,35,35,35,35,35,35,35,35,35,35,35,35,35,35,45,45,45],"relic_stats":{"Dream Catcher":2,"Gremlin Horn":[19,20],"counters":[33,194],"Shuriken":[13],"Astrolabe":["Shockwave","Havoc","Offering"],"Turnip":[21],"Ectoplasm":453,"Bag of Preparation":[56],"Juzu Bracelet":0,"obtain_stats":[{"Lantern":28,"Pear":55,"Gremlin Horn":31,"Astrolabe":34,"Velvet Choker":0,"Omamori":6,"Bag of Preparation":9,"Juzu Bracelet":46,"Frozen Egg 2":8,"Burning Blood":0,"Dream Catcher":43,"Shuriken":27,"Turnip":12,"Ectoplasm":17,"Red Mask":36,"Bag of Marbles":41},{"Lantern":17,"Pear":32,"Gremlin Horn":19,"Astrolabe":20,"Velvet Choker":0,"Omamori":4,"Bag of Preparation":5,"Juzu Bracelet":27,"Frozen Egg 2":5,"Burning Blood":0,"Dream Catcher":24,"Shuriken":16,"Turnip":7,"Ectoplasm":9,"Red Mask":21,"Bag of Marbles":23},{"Lantern":92,"Pear":189,"Gremlin Horn":103,"Astrolabe":110,"Velvet Choker":0,"Omamori":18,"Bag of Preparation":22,"Juzu Bracelet":153,"Frozen Egg 2":22,"Burning Blood":0,"Dream Catcher":131,"Shuriken":87,"Turnip":36,"Ectoplasm":51,"Red Mask":115,"Bag of Marbles":127}]},"card_choices":[{"not_picked":["Warcry","Rupture"],"picked":"Shrug It Off","floor":1},{"not_picked":["Heavy Blade","Rage"],"picked":"Body Slam","floor":3},{"not_picked":["Sword Boomerang","Flame Barrier"],"picked":"Shockwave","floor":5},{"not_picked":["True Grit","Bloodletting","Flex"],"picked":"SKIP","floor":6},{"not_picked":["Sword Boomerang","Seeing Red"],"picked":"Pommel Strike","floor":8},{"not_picked":["Wild Strike","Bloodletting"],"picked":"Ghostly Armor","floor":11},{"not_picked":["Second Wind","Wild Strike","Twin Strike"],"picked":"SKIP","floor":12},{"not_picked":["Anger","Cleave"],"picked":"Corruption+1","floor":14},{"not_picked":["Demon Form+1","Berserk+1"],"picked":"Barricade+1","floor":16},{"not_picked":["Flex","Armaments+1"],"picked":"True Grit","floor":18},{"not_picked":["Heavy Blade","Iron Wave"],"picked":"Ghostly Armor","floor":19},{"not_picked":["Heavy Blade","Wild Strike"],"picked":"Dark Embrace+1","floor":20},{"not_picked":["Clothesline","Sentinel"],"picked":"Cleave","floor":22},{"not_picked":["Twin Strike","Rage","Armaments"],"picked":"SKIP","floor":23},{"not_picked":["Power Through","Iron Wave+1"],"picked":"Disarm","floor":24},{"not_picked":["Power Through","Reckless Charge","Hemokinesis"],"picked":"SKIP","floor":25},{"not_picked":["Uppercut","Body Slam"],"picked":"Feel No Pain+1","floor":28},{"not_picked":["Dual Wield","Limit Break","Bloodletting"],"picked":"SKIP","floor":29},{"not_picked":["Perfected Strike","Intimidate","Dual Wield"],"picked":"SKIP","floor":31},{"not_picked":["Fiend Fire","Barricade+1"],"picked":"Impervious","floor":33},{"not_picked":["Second Wind+1","Clothesline","Warcry+1"],"picked":"SKIP","floor":35},{"not_picked":["Violence","Enlightenment"],"picked":"PanicButton","floor":37},{"not_picked":["Shockwave+1","Armaments"],"picked":"Battle Trance","floor":39},{"not_picked":["Dual Wield+1","Searing Blow","Sword Boomerang+1"],"picked":"SKIP","floor":41},{"not_picked":["Iron Wave","Clothesline+1","Clash+1"],"picked":"SKIP","floor":42},{"not_picked":["Havoc","Battle Trance"],"picked":"Shrug It Off","floor":44},{"not_picked":["Sever Soul","Iron Wave","Warcry"],"picked":"SKIP","floor":45},{"not_picked":["Sword Boomerang","Corruption+1","Warcry+1"],"picked":"SKIP","floor":46},{"not_picked":["Flex","Blood for Blood+1"],"picked":"Power Through+1","floor":47},{"not_picked":["Metallicize+1","Hemokinesis"],"picked":"Uppercut+1","floor":48},{"not_picked":["Clothesline","Flex"],"picked":"Evolve+1","floor":49},{"not_picked":["Pummel","Metallicize+1","Bloodletting"],"picked":"SKIP","floor":55}],"player_experience":2854748,"relics_obtained":[{"floor":6,"key":"Omamori"},{"floor":8,"key":"Frozen Egg 2"},{"floor":9,"key":"Bag of Preparation"},{"floor":12,"key":"Turnip"},{"floor":27,"key":"Shuriken"},{"floor":28,"key":"Lantern"},{"floor":31,"key":"Gremlin Horn"},{"floor":41,"key":"Bag of Marbles"},{"floor":43,"key":"Dream Catcher"},{"floor":46,"key":"Juzu Bracelet"},{"floor":55,"key":"Pear"}],"event_choices":[{"damage_healed":0,"gold_gain":0,"player_choice":"Damaged","damage_taken":11,"max_hp_gain":0,"max_hp_loss":0,"event_name":"Wheel of Change","floor":2,"gold_loss":0},{"damage_healed":0,"gold_gain":0,"player_choice":"Became a Ghost","damage_taken":0,"max_hp_gain":0,"max_hp_loss":38,"event_name":"Ghosts","floor":21,"gold_loss":0,"cards_obtained":["Ghostly","Ghostly","Ghostly"]},{"damage_healed":0,"gold_gain":0,"player_choice":"Paid","damage_taken":0,"relics_obtained":["Red Mask"],"max_hp_gain":0,"max_hp_loss":0,"event_name":"Tomb of Lord Red Mask","floor":36,"gold_loss":15},{"damage_healed":0,"gold_gain":0,"player_choice":"Memory 1","damage_taken":0,"max_hp_gain":0,"max_hp_loss":0,"event_name":"SensoryStone","floor":37,"gold_loss":0},{"damage_healed":0,"gold_gain":0,"player_choice":"Max HP","damage_taken":0,"max_hp_gain":0,"max_hp_loss":2,"event_name":"Winding Halls","floor":38,"gold_loss":0}],"is_beta":false,"boss_relics":[{"not_picked":["SacredBark","Runic Cube"],"picked":"Ectoplasm"},{"not_picked":["Tiny House","Empty Cage"],"picked":"Astrolabe"}],"items_purged_floors":[13],"is_endless":false,"potions_floor_spawned":[3,5,12,16,23,24,28,29,33,39,42,45,46,47,48,55],"killed_by":"The Heart","ascension_level":20}}