{"host":"61ejhfsushs0xmcl","time":1608541632,"event":{"mods":["ATMod(阿瑾Mod)","Act Like it!","BaseMod","Colored Map","Gold Saver","Minty Spire (QoL Compilation)","MostiFishMod","Spicy Shops","StSLib","TestMod","Waifu the Spire","【功能Mod】聪明的最终Boss","篝火指南"],"gold_per_floor":[1796,1813,1888,1478,1492,1492,1509,925,925,959,959,959,1015,1025,588,666,666,686,686,611,223,289,348,348,434,459,526,526,585,225,286,295,491,491,633,683,421,471,565,628,670,714,714,875,989,1063,423,589,247,456,465,465],"floor_reached":51,"playtime":2590,"items_purged":["Defend_P","Defend_P","Defend_P","Strike_P","Writhe","Vigilance+1","Eruption+1"],"score":2092,"play_id":"7b578be4-9a3a-4647-9b8e-1d864fd3c5b5","local_time":"20201221170712","is_ascension_mode":true,"campfire_choices":[{"data":"AT_LightSaberMaster","floor":6.0,"key":"SMITH"},{"floor":11.0,"key":"RECALL"},{"data":"AT_FocusSwordFire","floor":24,"key":"SMITH"},{"floor":32,"key":"REST"}],"circlet_count":0,"master_deck":["AscendersBane","AT_LightSaberMaster+1","MostiFishMod:PathToVictory+1","AT_ChampionStep+1","MostiFishMod:Disappear+1","Tantrum+1","LessonLearned+1","CutThroughFate+1","Berserk+1","AT_FocusSwordFire+1","Dual Wield+1","Sword Boomerang+1","Pommel Strike+1","MostiFishMod:KamiSmash+1","AT_KingSlayer+1","Trip+1"],"relics":["PureWater","testmod-TestBox","DaveBox","AT_ATBox","The Courier","testmod-BlackFramedGlasses","Question Card","PrismaticShard","AT_BladeRuinedKing","AT_BellDemon","MealTicket","Juzu Bracelet","testmod-EqualTreatment","Molten Egg 2","Toy Ornithopter","Dream Catcher","Blood Vial","testmod-CasingShield","testmod-TurbochargingSystem","Frozen Egg 2","testmod-Acrobat","ImportantClient","RhineSuit","White Beast Statue","ImprovedEquipment","AT_MibuBalloonWealth","Pen Nib","Bag of Preparation","Pear","CeramicFish","Akabeko","testmod-Antiphasic","SsserpentHead","Question Card","testmod-CrystalShield","Medical Kit","Tiny Chest","testmod-OneHitWonder","Oddly Smooth Stone","Empty Cage","War Paint","AT_SunfireAegis","AT_RedNoBalance","AT_ImmortalShieldbow","Bottled Tornado","Toxic Egg 2","Meat on the Bone","Boot","Strawberry","Regal Pillow","AT_ChloranthyRing","Nunchaku","Happy Flower","StrikeDummy","Kunai","testmod-IndustrialRevolution","Gremlin Horn","Yang","TheAbacus","AT_TimeSand"],"acts_visited":["Exordium","TheCity","TheBeyond"],"potions_floor_usage":[23,31,35,50,51],"damage_taken":[{"damage":4.0,"enemies":"Jaw Worm","floor":1.0,"turns":3.0},{"damage":3.0,"enemies":"Small Slimes","floor":2.0,"turns":4.0},{"damage":0.0,"enemies":"Cultist","floor":5.0,"turns":3.0},{"damage":25.0,"enemies":"3 Louse","floor":7.0,"turns":3.0},{"damage":0.0,"enemies":"Lagavulin","floor":10.0,"turns":2.0},{"damage":0.0,"enemies":"Gremlin Nob","floor":13.0,"turns":2.0},{"damage":21.0,"enemies":"Red Slaver","floor":14.0,"turns":2.0},{"damage":13.0,"enemies":"The Guardian","floor":16.0,"turns":4.0},{"damage":0.0,"enemies":"Spheric Guardian","floor":18.0,"turns":2.0},{"damage":20,"enemies":"2 Thieves","floor":22,"turns":2},{"damage":28,"enemies":"Book of Stabbing","floor":23,"turns":3},{"damage":0,"enemies":"Gremlin Leader","floor":25,"turns":1},{"damage":0,"enemies":"Cultist and Chosen","floor":27,"turns":2},{"damage":0,"enemies":"Book of Stabbing","floor":31,"turns":1},{"damage":1,"enemies":"Collector","floor":33,"turns":4},{"damage":0,"enemies":"3 Darklings","floor":35,"turns":1},{"damage":0,"enemies":"3 Shapes","floor":39,"turns":1},{"damage":0,"enemies":"Nemesis","floor":40,"turns":1},{"damage":0,"enemies":"Spire Growth","floor":41,"turns":2},{"damage":0,"enemies":"Writhing Mass","floor":42,"turns":1},{"damage":0,"enemies":"Reptomancer","floor":44,"turns":2},{"damage":0,"enemies":"4 Shapes","floor":45,"turns":1},{"damage":44,"enemies":"Giant Head","floor":46,"turns":5},{"damage":0,"enemies":"Reptomancer","floor":48,"turns":3},{"damage":155,"enemies":"Awakened One","floor":50,"turns":21},{"damage":41,"enemies":"Time Eater","floor":51,"turns":2}],"seed_played":"-7383123012608386486","potions_obtained":[{"floor":1.0,"key":"SkillPotion"},{"floor":7.0,"key":"Fire Potion"},{"floor":13.0,"key":"Dexterity Potion"},{"floor":14.0,"key":"Regen Potion"},{"floor":22,"key":"LiquidBronze"},{"floor":23,"key":"Energy Potion"},{"floor":25,"key":"SteroidPotion"},{"floor":31,"key":"Regen Potion"},{"floor":35,"key":"Fruit Juice"},{"floor":39,"key":"Fire Potion"},{"floor":40,"key":"DuplicationPotion"}],"is_trial":false,"path_per_floor":["M","M","?","$","M","R","M","$","T","E","R","?","?","M","R","B",null,"M","?","?","$","M","E","R","E","T","M","?","?","$","E","R","B",null,"M","?","$","?","M","E","M","M","T","E","M","E","R","E","R","B","B"],"character_chosen":"WATCHER","items_purchased":["AT_BladeRuinedKing","AT_ChampionStep","MostiFishMod:Disappear","AT_BellDemon","LessonLearned","MealTicket","Juzu Bracelet","testmod-TurbochargingSystem","Frozen Egg 2","ImprovedEquipment","AT_MibuBalloonWealth","MostiFishMod:LegendTransform+1","testmod-CrystalShield","Medical Kit","AT_SunfireAegis","StrikeDummy","Kunai","testmod-IndustrialRevolution","TheAbacus","AT_TimeSand"],"campfire_rested":1,"item_purchase_floors":[4,4,4,8,8,8,8,15,15,21,21,21,30,30,37,47,47,47,49,49],"current_hp_per_floor":[60,61,50,50,53,53,31,31,31,33,33,33,35,28,28,38,61,65,65,65,68,49,41,41,44,44,48,48,48,63,71,78,78,78,83,83,83,83,83,44,48,51,51,62,65,45,45,50,50,27,0,0],"gold":465,"neow_bonus":"TRANSFORM_CARD","is_daily":false,"chose_seed":false,"campfire_upgraded":2,"win_rate":0.0,"timestamp":1608541632,"path_taken":["M","M","?","$","M","R","M","$","T","E","R","?","?","M","R","BOSS","M","?","?","$","M","E","R","E","T","M","?","?","$","E","R","BOSS","M","?","$","?","M","E","M","M","T","E","M","E","R","E","R","BOSS","BOSS"],"items_purchased_type":["Relic","Card","Card","Relic","Card","Relic","Relic","Relic","Relic","Relic","Relic","Card","Relic","Relic","Relic","Relic","Relic","Relic","Relic","Relic"],"build_version":"2020-12-13","purchased_purges":7,"victory":false,"max_hp_per_floor":[68,68,68,68,68,68,68,68,68,68,68,68,68,68,68,68,68,68,68,68,68,68,78,78,78,78,78,78,78,78,78,78,78,78,83,83,83,83,83,83,83,83,83,90,90,95,95,95,95,100,104,104],"card_choices":[{"not_picked":["CarveReality","SashWhip","Crescendo"],"picked":"SKIP","floor":1.0},{"not_picked":["AT_BodySlamDance","Panacea","Crescendo","Consecrate"],"picked":"SKIP","floor":2.0},{"not_picked":["AT_BodySlamDance","Panacea","Crescendo","Consecrate"],"picked":"SKIP","floor":2.0},{"not_picked":["Dodge and Roll","testmod-WeaknessCounterattack","Body Slam"],"picked":"Tantrum","floor":5.0},{"not_picked":["Conserve Battery","testmod-Automaton","CutThroughFate","Rupture"],"picked":"SKIP","floor":7.0},{"not_picked":["BowlingBash+1","Cleave+1","MostiFishMod:ActiveDefenseSystem"],"picked":"Rip and Tear+1","floor":10.0},{"not_picked":["Armaments","Study","Auto Shields"],"picked":"CutThroughFate+1","floor":14.0},{"not_picked":["AT_MachinaRedman","MostiFishMod:Neurotoxin+1","MostiFishMod:UltimateDefense"],"picked":"Berserk+1","floor":16.0},{"not_picked":["FlyingSleeves+1","SashWhip+1","Clash+1"],"picked":"AT_FocusSwordFire","floor":18.0},{"not_picked":["Iron Wave+1","Calculated Gamble","Prepared"],"picked":"Dual Wield+1","floor":22},{"not_picked":["MostiFishMod:UniPurple","Prepared","Aggregate+1"],"picked":"Sword Boomerang+1","floor":23},{"not_picked":["AT_DiedThrough","EmptyFist+1","MostiFishMod:BrandingRite","Sweeping Beam+1"],"picked":"SKIP","floor":25},{"not_picked":["MostiFishMod:LegendTransform+1","Madness","Nirvana+1","Heavy Blade+1"],"picked":"SKIP","floor":27},{"not_picked":["MostiFishMod:VineMother+1","Infernal Blade","AT_DivineConfetti","Impatience","FlyingSleeves+1"],"picked":"SKIP","floor":31},{"not_picked":["Eviscerate+1","AT_WindFlip+1","WindmillStrike+1","Cleave+1"],"picked":"Pommel Strike+1","floor":32},{"not_picked":["The Bomb","MostiFishMod:BrokenBlackCloak","HandOfGreed+1","MostiFishMod:ChineseTea"],"picked":"MostiFishMod:KamiSmash+1","floor":33},{"not_picked":["Cold Snap+1","Slice+1","Ball Lightning+1","Thunderclap+1","JustLucky+1"],"picked":"SKIP","floor":35},{"not_picked":["AT_FocusSwordFire","Prostrate","EmptyBody","Fusion","Barrage+1"],"picked":"SKIP","floor":39},{"not_picked":["Study+1","MostiFishMod:StarHerder+1","Expertise+1","Reckless Charge+1"],"picked":"AT_KingSlayer+1","floor":40},{"not_picked":["Panacea+1","Slice+1","Anger+1","Setup+1","Concentrate+1"],"picked":"SKIP","floor":41},{"not_picked":["Iron Wave+1","Infernal Blade+1","Impatience+1","Worship+1","Cloak And Dagger+1"],"picked":"SKIP","floor":42},{"not_picked":["Stack+1","MostiFishMod:Kaleido+1","testmod-Mystery+1","Blade Dance+1","MostiFishMod:ButterFly+1"],"picked":"SKIP","floor":44},{"not_picked":["Havoc+1","BowlingBash+1","MostiFishMod:InvigoratingSolution+1","Aggregate+1","Jack Of All Trades+1"],"picked":"SKIP","floor":45},{"not_picked":["Dramatic Entrance+1","Discovery+1","Reinforced Body+1","testmod-TemporaryDeletion+1"],"picked":"Trip+1","floor":46},{"not_picked":["testmod-PocketStoneCalender+1","Caltrops+1","Predator+1","Blur+1","Dagger Throw+1"],"picked":"SKIP","floor":48}],"player_experience":746769,"relics_obtained":[{"floor":1.0,"key":"Question Card"},{"floor":1.0,"key":"PrismaticShard"},{"floor":9.0,"key":"testmod-EqualTreatment"},{"floor":10.0,"key":"Molten Egg 2"},{"floor":10.0,"key":"Toy Ornithopter"},{"floor":13.0,"key":"Blood Vial"},{"floor":14.0,"key":"testmod-CasingShield"},{"floor":16.0,"key":"testmod-Acrobat"},{"floor":16.0,"key":"ImportantClient"},{"floor":18.0,"key":"White Beast Statue"},{"floor":22,"key":"Pen Nib"},{"floor":23,"key":"Bag of Preparation"},{"floor":23,"key":"Pear"},{"floor":25,"key":"CeramicFish"},{"floor":25,"key":"Akabeko"},{"floor":27,"key":"testmod-Antiphasic"},{"floor":31,"key":"Tiny Chest"},{"floor":31,"key":"testmod-OneHitWonder"},{"floor":33,"key":"Oddly Smooth Stone"},{"floor":35,"key":"War Paint"},{"floor":39,"key":"AT_SilverBalance"},{"floor":40,"key":"AT_ImmortalShieldbow"},{"floor":40,"key":"Bottled Tornado"},{"floor":41,"key":"Toxic Egg 2"},{"floor":42,"key":"Meat on the Bone"},{"floor":43,"key":"Boot"},{"floor":44,"key":"Strawberry"},{"floor":44,"key":"Regal Pillow"},{"floor":45,"key":"AT_ChloranthyRing"},{"floor":46,"key":"Nunchaku"},{"floor":46,"key":"Happy Flower"},{"floor":48,"key":"Gremlin Horn"},{"floor":48,"key":"Yang"}],"event_choices":[{"damage_healed":0.0,"max_hp_gain":0.0,"max_hp_loss":0.0,"gold_gain":75.0,"event_name":"World of Goop","player_choice":"Gather Gold","floor":3.0,"gold_loss":0.0,"damage_taken":11.0},{"cards_removed":["Strike_P"],"damage_healed":0.0,"max_hp_gain":0.0,"max_hp_loss":0.0,"gold_gain":0.0,"event_name":"Living Wall","player_choice":"Forget","floor":12.0,"gold_loss":0.0,"damage_taken":0.0},{"damage_healed":0.0,"max_hp_gain":0.0,"max_hp_loss":0.0,"gold_gain":0.0,"event_name":"Dead Adventurer","player_choice":"Searched \u00273\u0027 times","floor":13.0,"gold_loss":0.0,"damage_taken":0.0,"relics_obtained":["Dream Catcher"]},{"damage_healed":0.0,"max_hp_gain":0.0,"max_hp_loss":0.0,"gold_gain":0.0,"event_name":"Accursed Blacksmith","player_choice":"Forge","floor":19.0,"gold_loss":0.0,"damage_taken":0.0,"cards_upgraded":["MostiFishMod:Disappear"]},{"cards_removed":["Strike_P"],"damage_healed":0.0,"max_hp_gain":0.0,"max_hp_loss":0.0,"gold_gain":0.0,"event_name":"Beggar","player_choice":"Gave Gold","floor":20.0,"gold_loss":75.0,"damage_taken":0.0},{"damage_healed":0,"gold_gain":0,"player_choice":"Trade","damage_taken":0,"relics_obtained":["SsserpentHead"],"max_hp_gain":0,"max_hp_loss":0,"event_name":"FaceTrader","floor":28,"gold_loss":0},{"damage_healed":0,"gold_gain":0,"player_choice":"Opened","damage_taken":0,"relics_obtained":["Question Card"],"max_hp_gain":0,"max_hp_loss":0,"event_name":"The Mausoleum","floor":29,"gold_loss":0,"cards_obtained":["Writhe"]},{"damage_healed":0,"gold_gain":0,"player_choice":"Ignored","damage_taken":0,"max_hp_gain":0,"max_hp_loss":0,"event_name":"Tomb of Lord Red Mask","floor":36,"gold_loss":0},{"cards_removed":["MostiFishMod:LegendTransform"],"damage_healed":0,"gold_gain":0,"player_choice":"Removed Power","damage_taken":0,"max_hp_gain":0,"max_hp_loss":0,"event_name":"Falling","floor":38,"gold_loss":0}],"is_beta":false,"boss_relics":[{"not_picked":["JellyFishMachine","Philosopher\u0027s Stone"],"picked":"RhineSuit"},{"not_picked":["Transparent","testmod-NegativeEmotionEnhancer"],"picked":"Empty Cage"}],"items_purged_floors":[4,8,15,21,30,37,47],"is_endless":false,"potions_floor_spawned":[1,7,13,14,22,23,25,27,31,33,35,39,40,41,42,44,45,46,48],"killed_by":"Time Eater","ascension_level":20}}