{"host":"3asmp5aovk69ekg9","time":1608522342,"event":{"mods":["BaseMod","BetterRewards","Colored Powertips","Hermit","Koishi","Magitek Elite","Minty Spire (QoL Compilation)","Permanent Neow","Remove Card Discount Mod","Shade Mod","StSLib","The Alterego","The Cursed","The Death Knight","The Fake Hero","The IronCluck","The Senshi","The Wild Card"],"gold_per_floor":[510,510,510,214,224,256,266,266,266,298,23,23,53,70,70,175,175,188,203,44,60,75,75,100,100,168,195,195,222,222,222,222,327,327,342,360,373,400,416,442,442,459,459,489,489,504,522,856,856,856,856,856,483,515,515],"floor_reached":56,"playtime":4623,"items_purged":["luka_mod:Guard","luka_mod:Edging","luka_mod:FlailWildly","luka_mod:Surrender","luka_mod:Wait"],"score":1933,"play_id":"70fe46ed-db69-4757-86ca-47d018a23e24","local_time":"20201220194542","is_ascension_mode":true,"campfire_choices":[{"data":"theWildCard:Loki","floor":12.0,"key":"SMITH"},{"floor":15.0,"key":"RECALL"},{"data":"luka_mod:TouchFluffyTail","floor":23,"key":"SMITH"},{"data":"luka_mod:AngryLuka","floor":25,"key":"SMITH"},{"data":"luka_mod:Alice","floor":28,"key":"SMITH"},{"data":"luka_mod:Optimistic","floor":32,"key":"SMITH"},{"floor":41,"key":"REST"},{"floor":45,"key":"REST"},{"floor":49,"key":"REST"},{"floor":52,"key":"REST"}],"circlet_count":0,"master_deck":["luka_mod:StrikeLukaOne","luka_mod:StrikeLukaTwo","luka_mod:StrikeLukaThree","luka_mod:StrikeLukaFour","luka_mod:StrikeLukaFive","luka_mod:StrikeLukaSix","luka_mod:Salt","luka_mod:Meditation","luka_mod:SmallBody","luka_mod:AngryLuka+1","luka_mod:AlicesFist","Sadistic Nature","luka_mod:GuardTraining","Good Instincts","luka_mod:StressRelief+1","theWildCard:Loki+1","Swift Strike+1","luka_mod:Alice+1","luka_mod:Determination","luka_mod:Sara","luka_mod:StrikeLuka+1","luka_mod:SmallBody","luka_mod:TouchFluffyTail+1","luka_mod:Ilias","luka_mod:RestrictedStrike+1","luka_mod:RestrictedStrike+1","luka_mod:Optimistic+1","luka_mod:Ilias","luka_mod:TouchFluffyTail+1","luka_mod:Determination"],"relics":["luka_mod:KeepsakeRing","Happy Flower","Lantern","Omamori","Membership Card","Molten Egg 2","Boot","Ribbon","theSenshi:SuperSailorFukuRelic","InkBottle","Tiny Chest","HornCleat","Thread and Needle","TungstenRod","Nunchaku","Calling Bell","Juzu Bracelet","Bird Faced Urn","StrikeDummy","Lee\u0027s Waffle","Akabeko","Ancient Tea Set","Turnip","Fusion Hammer","Oddly Smooth Stone","Gambling Chip","Mummified Hand","Incense Burner","Old Coin","HandDrill","theSenshi:SailorFukuRelic","StoneCalendar","Guard_Bracelet"],"acts_visited":["Exordium","TheCity","TheBeyond","TheEnding"],"potions_floor_usage":[55,55],"damage_taken":[{"damage":6.0,"enemies":"Jaw Worm","floor":1.0,"turns":2.0},{"damage":0.0,"enemies":"2 Louse","floor":5.0,"turns":2.0},{"damage":0.0,"enemies":"3 Sentries","floor":6.0,"turns":3.0},{"damage":0.0,"enemies":"Cultist","floor":7.0,"turns":2.0},{"damage":0.0,"enemies":"Lagavulin","floor":10.0,"turns":2.0},{"damage":0.0,"enemies":"3 Sentries","floor":13.0,"turns":2.0},{"damage":0.0,"enemies":"Large Slime","floor":14.0,"turns":2.0},{"damage":0.0,"enemies":"The Guardian","floor":16.0,"turns":3.0},{"damage":0.0,"enemies":"Chosen","floor":18.0,"turns":2.0},{"damage":0.0,"enemies":"2 Thieves","floor":19.0,"turns":2.0},{"damage":0,"enemies":"Snecko","floor":21,"turns":2},{"damage":0,"enemies":"Sentry and Sphere","floor":22,"turns":3},{"damage":0,"enemies":"Gremlin Leader","floor":24,"turns":2},{"damage":3,"enemies":"Book of Stabbing","floor":27,"turns":2},{"damage":0,"enemies":"Slavers","floor":29,"turns":2},{"damage":0,"enemies":"Collector","floor":33,"turns":3},{"damage":0,"enemies":"3 Shapes","floor":35,"turns":2},{"damage":0,"enemies":"3 Darklings","floor":36,"turns":2},{"damage":0,"enemies":"Spire Growth","floor":37,"turns":2},{"damage":0,"enemies":"Sphere and 2 Shapes","floor":39,"turns":2},{"damage":0,"enemies":"Giant Head","floor":40,"turns":2},{"damage":1,"enemies":"Jaw Worm Horde","floor":42,"turns":2},{"damage":0,"enemies":"Reptomancer","floor":44,"turns":2},{"damage":0,"enemies":"Spire Growth","floor":46,"turns":2},{"damage":0,"enemies":"Sphere and 2 Shapes","floor":47,"turns":2},{"damage":0,"enemies":"Giant Head","floor":48,"turns":2},{"damage":19,"enemies":"Awakened One","floor":50,"turns":7},{"damage":0,"enemies":"Shield and Spear","floor":54,"turns":3},{"damage":13,"enemies":"The Heart","floor":55,"turns":4}],"seed_played":"-3129854133678232273","potions_obtained":[{"floor":1.0,"key":"DistilledChaos"},{"floor":7.0,"key":"Explosive Potion"},{"floor":16.0,"key":"SpeedPotion"},{"floor":21,"key":"Dexterity Potion"},{"floor":24,"key":"BlessingOfTheForge"},{"floor":40,"key":"Energy Potion"},{"floor":48,"key":"ColorlessPotion"}],"is_trial":false,"path_per_floor":["M","?","?","$","M","E","M","?","T","E","$","R","E","M","R","B",null,"M","M","$","M","M","R","E","R","T","E","R","E","?","?","R","B",null,"M","M","M","T","M","E","R","M","T","E","R","M","M","E","R","B",null,"R","$","E","B",null],"character_chosen":"LUKA_CLASS","items_purchased":["Happy Flower","Lantern","luka_mod:SmallBody","luka_mod:AngryLuka","luka_mod:AlicesFist","Sadistic Nature","Omamori","luka_mod:GuardTraining","Membership Card","Molten Egg 2","Good Instincts","Boot","EntropicBrew","theSenshi:SuperSailorFukuRelic","Swift Strike+1","InkBottle","TungstenRod","luka_mod:Alice","luka_mod:Determination","Lee\u0027s Waffle","luka_mod:StrikeLuka+1","luka_mod:SmallBody","luka_mod:TouchFluffyTail","DistilledChaos","luka_mod:Determination","HandDrill","theSenshi:SailorFukuRelic","StoneCalendar"],"campfire_rested":4,"item_purchase_floors":[0,0,0,0,0,0,0,0,0,0,0,0,0,4,4,4,11,11,11,20,20,20,20,53,53,53,53,53],"current_hp_per_floor":[30,12,12,12,32,40,40,45,45,45,45,45,45,45,45,45,45,45,45,52,52,52,52,52,52,52,51,51,52,52,52,52,52,52,52,52,52,52,52,52,52,52,52,52,52,52,52,52,52,52,52,52,52,52,39],"gold":515,"neow_bonus":"","is_daily":false,"chose_seed":false,"campfire_upgraded":5,"win_rate":0.0,"timestamp":1608522342,"path_taken":["M","?","?","$","M","E","M","?","T","E","$","R","E","M","R","BOSS","M","M","$","M","M","R","E","R","T","E","R","E","?","?","R","BOSS","M","M","M","?","M","E","R","M","T","E","R","M","M","E","R","BOSS","R","$","E","BOSS"],"items_purchased_type":["Relic","Relic","Card","Card","Card","Card","Relic","Card","Relic","Relic","Card","Relic","Potion","Relic","Card","Relic","Relic","Card","Card","Relic","Card","Card","Card","Potion","Card","Relic","Relic","Relic"],"build_version":"2020-12-13","purchased_purges":5,"victory":true,"max_hp_per_floor":[40,40,40,40,40,40,40,45,45,45,45,45,45,45,45,45,45,45,45,52,52,52,52,52,52,52,52,52,52,52,52,52,52,52,52,52,52,52,52,52,52,52,52,52,52,52,52,52,52,52,52,52,52,52,52],"card_choices":[{"not_picked":["luka_mod:WindSlash+1","luka_mod:HeroicStrike+1"],"picked":"luka_mod:StressRelief+1","floor":1.0},{"not_picked":["luka_mod:EarthRumblingDecapitation+1","luka_mod:DemonSkullBeheading+1","luka_mod:ThunderThrust+1"],"picked":"SKIP","floor":5.0},{"not_picked":["luka_mod:Overexert+1","luka_mod:StressRelief+1","luka_mod:IliasesJudgement+1"],"picked":"SKIP","floor":6.0},{"not_picked":["luka_mod:StressRelief+1","luka_mod:Intense","luka_mod:SereneDemonSword+1"],"picked":"SKIP","floor":7.0},{"not_picked":["luka_mod:Overexert+1","luka_mod:BegIlias","luka_mod:IliasesJudgement+1"],"picked":"SKIP","floor":10.0},{"not_picked":["luka_mod:TouchFluffyTail","luka_mod:StressRelief+1"],"picked":"luka_mod:Sara","floor":13.0},{"not_picked":["luka_mod:WaterSlash+1","luka_mod:DeathSwordChaosStar+1","luka_mod:IliasesJudgement+1"],"picked":"SKIP","floor":14.0},{"not_picked":["luka_mod:NotVerySharp","luka_mod:Request","luka_mod:DemonSkullBeheading+1"],"picked":"SKIP","floor":18.0},{"not_picked":["luka_mod:NotVerySharp","luka_mod:HeroicStrike+1","luka_mod:Feel"],"picked":"SKIP","floor":19.0},{"not_picked":["luka_mod:HeavenlyDemonRevival+1","luka_mod:WaterSlash+1","luka_mod:EarthSlash+1"],"picked":"SKIP","floor":21},{"not_picked":["luka_mod:HeavenlyDemonRevival+1","luka_mod:IliasesJudgement+1","luka_mod:Intense+1"],"picked":"SKIP","floor":22},{"not_picked":["luka_mod:VaporizingRebellionSword+1","luka_mod:GuardedStrike+1"],"picked":"luka_mod:Ilias","floor":24},{"not_picked":["luka_mod:Granberia","luka_mod:DemonSkullBeheading+1"],"picked":"luka_mod:RestrictedStrike+1","floor":27},{"not_picked":["luka_mod:Determination","luka_mod:Overexert+1"],"picked":"luka_mod:RestrictedStrike+1","floor":29},{"not_picked":["luka_mod:NoDebuffs","luka_mod:SpoilerForm"],"picked":"luka_mod:Ilias","floor":33},{"not_picked":["luka_mod:Gnome","luka_mod:Calm+1","luka_mod:FlashKill+1"],"picked":"SKIP","floor":35},{"not_picked":["luka_mod:BladeOfSolidEarth+1","luka_mod:NeverSurrender+1","luka_mod:HeroicStrike+1"],"picked":"SKIP","floor":36},{"not_picked":["luka_mod:Feel+1","luka_mod:Request","luka_mod:Undine"],"picked":"SKIP","floor":37},{"not_picked":["luka_mod:Struggle","luka_mod:HeroicStrike+1","luka_mod:EarthSlash+1"],"picked":"SKIP","floor":39},{"not_picked":["luka_mod:NeverSurrender","luka_mod:PrayToIlias+1","luka_mod:FireSlash+1"],"picked":"SKIP","floor":40},{"not_picked":["luka_mod:Calm+1","luka_mod:BladeOfSolidEarth+1","luka_mod:Overexert+1"],"picked":"SKIP","floor":42},{"not_picked":["luka_mod:SpoilerDance","luka_mod:NotVerySharp+1","luka_mod:GuardedStrike+1"],"picked":"SKIP","floor":44},{"not_picked":["luka_mod:Request","luka_mod:FlashKill+1","luka_mod:BladeOfHowlingWind+1"],"picked":"SKIP","floor":46},{"not_picked":["luka_mod:IliasesJudgement+1","luka_mod:Request+1","luka_mod:BegIlias"],"picked":"SKIP","floor":47},{"not_picked":["luka_mod:Sara","luka_mod:Undine+1"],"picked":"luka_mod:TouchFluffyTail+1","floor":48},{"not_picked":["luka_mod:Struggle+1","luka_mod:GuardedStrike+1","luka_mod:SpoilerDance"],"picked":"SKIP","floor":54}],"player_experience":1079226,"relics_obtained":[{"floor":6.0,"key":"Tiny Chest"},{"floor":9.0,"key":"HornCleat"},{"floor":10.0,"key":"Thread and Needle"},{"floor":13.0,"key":"Nunchaku"},{"floor":17.0,"key":"Juzu Bracelet"},{"floor":17.0,"key":"Bird Faced Urn"},{"floor":17.0,"key":"StrikeDummy"},{"floor":24,"key":"Akabeko"},{"floor":27,"key":"Ancient Tea Set"},{"floor":29,"key":"Turnip"},{"floor":38,"key":"Oddly Smooth Stone"},{"floor":40,"key":"Gambling Chip"},{"floor":43,"key":"Mummified Hand"},{"floor":44,"key":"Incense Burner"},{"floor":48,"key":"Old Coin"},{"floor":54,"key":"Guard_Bracelet"}],"event_choices":[{"damage_healed":0.0,"max_hp_gain":0.0,"max_hp_loss":0.0,"gold_gain":0.0,"event_name":"Scrap Ooze","player_choice":"Success","floor":2.0,"gold_loss":0.0,"damage_taken":18.0,"relics_obtained":["Ribbon"]},{"damage_healed":0.0,"max_hp_gain":5.0,"max_hp_loss":0.0,"gold_gain":0.0,"event_name":"Big Fish","player_choice":"Donut","floor":8.0,"gold_loss":0.0,"damage_taken":0.0},{"damage_healed":0,"gold_gain":0,"player_choice":"Ignored","damage_taken":0,"max_hp_gain":0,"max_hp_loss":0,"event_name":"Vampires","floor":30,"gold_loss":0},{"damage_healed":0,"gold_gain":0,"player_choice":"Read","damage_taken":0,"max_hp_gain":0,"max_hp_loss":0,"event_name":"The Library","floor":31,"gold_loss":0,"cards_obtained":["luka_mod:Optimistic"]}],"is_beta":false,"boss_relics":[{"not_picked":["Busted Crown","Gem_Box"],"picked":"Calling Bell"},{"not_picked":["Velvet Choker","Empty Cage"],"picked":"Fusion Hammer"}],"items_purged_floors":[0,0,0,0,0],"is_endless":false,"potions_floor_spawned":[1,7,14,16,21,24,27,37,40,46,47,48,54],"ascension_level":4}}