{"host":"wdiovb6uv7szux0m","time":1608534419,"event":{"mods":["BaseMod","Minty Spire (QoL Compilation)","StSLib","The Bug Knight","The Druid"],"gold_per_floor":[118,134,147,322,597,615,635,651,696,711,723,723,723],"floor_reached":12,"playtime":508,"items_purged":[],"score":76,"play_id":"2c737e45-32db-4b4b-b6f1-e1e22ad1fdb8","local_time":"20201220220659","is_ascension_mode":false,"campfire_choices":[],"circlet_count":0,"master_deck":["Strike_B","Strike_B","Strike_B","Strike_B","Defend_B","Defend_B","Defend_B","Defend_B","Zap","Dualcast","Tempest","Leap","Melter","Storm","Doubt","Regret","Self Repair","Hologram","Stack","Loop"],"relics":["Cracked Core"],"acts_visited":["Exordium"],"potions_floor_usage":[6,7,11],"damage_taken":[{"damage":8,"enemies":"Small Slimes","floor":1,"turns":2},{"damage":1,"enemies":"2 Louse","floor":2,"turns":2},{"damage":6,"enemies":"Cultist","floor":3,"turns":3},{"damage":21,"enemies":"Exordium Thugs","floor":6,"turns":4},{"damage":17,"enemies":"Large Slime","floor":7,"turns":6},{"damage":16,"enemies":"3 Louse","floor":8,"turns":3},{"damage":1,"enemies":"Looter","floor":10,"turns":4},{"damage":8,"enemies":"Gremlin Gang","floor":11,"turns":6},{"damage":53,"enemies":"Gremlin Nob","floor":12,"turns":4}],"seed_played":"962050320392526210","potions_obtained":[{"floor":3,"key":"Weak Potion"},{"floor":6,"key":"Explosive Potion"},{"floor":8,"key":"Dexterity Potion"}],"is_trial":false,"path_per_floor":["M","M","M","?","?","M","M","M","T","M","M","E"],"character_chosen":"DEFECT","items_purchased":[],"campfire_rested":0,"item_purchase_floors":[],"current_hp_per_floor":[67,66,60,60,60,39,29,20,20,26,25,0,0],"gold":723,"neow_bonus":"THREE_CARDS","is_daily":false,"chose_seed":false,"campfire_upgraded":0,"win_rate":0.0,"timestamp":1608534419,"path_taken":["M","M","M","?","?","?","M","M","T","M","M","E"],"items_purchased_type":[],"build_version":"2020-12-13","purchased_purges":0,"victory":false,"max_hp_per_floor":[75,75,75,75,75,75,75,75,75,75,75,75,75],"card_choices":[{"not_picked":["Streamline","Cold Snap"],"picked":"Tempest","floor":0},{"not_picked":["Barrage","White Noise"],"picked":"Leap","floor":1},{"not_picked":["Cold Snap","Go for the Eyes"],"picked":"Melter","floor":2},{"not_picked":["Redo","Steam Power"],"picked":"Storm","floor":3},{"not_picked":["Blizzard","Conserve Battery"],"picked":"Self Repair","floor":6},{"not_picked":["Reboot","Compile Driver"],"picked":"Hologram","floor":7},{"not_picked":["Go for the Eyes","Cold Snap"],"picked":"Stack","floor":8},{"not_picked":["Hyperbeam","Glacier","Recycle"],"picked":"SKIP","floor":10},{"not_picked":["Chill","Leap"],"picked":"Loop","floor":11}],"player_experience":1532192,"relics_obtained":[],"event_choices":[{"damage_healed":0,"gold_gain":175,"player_choice":"AGREE","damage_taken":0,"max_hp_gain":0,"max_hp_loss":0,"event_name":"Liars Game","floor":4,"gold_loss":0,"cards_obtained":["Doubt"]},{"damage_healed":0,"gold_gain":275,"player_choice":"Desecrate","damage_taken":0,"max_hp_gain":0,"max_hp_loss":0,"event_name":"Golden Shrine","floor":5,"gold_loss":0,"cards_obtained":["Regret"]}],"is_beta":false,"boss_relics":[],"items_purged_floors":[],"is_endless":false,"potions_floor_spawned":[3,6,8],"killed_by":"Gremlin Nob","ascension_level":0}}