{"host":"o7j6aatxjwpw1421","time":1608571854,"event":{"mods":["2.2 Compatiblity","BaseMod","Colored Map","DeckTracker","Highlight Path","Keyboard Shortcuts","Minty Spire (QoL Compilation)","Permanent Neow","Quick Restart","StSLib","SuperFastMode","everything is the same but u backflip on backflip"],"gold_per_floor":[111,111,61,79,79,79,96,96,96,107,133,146,160,170,170,267,267,278,295,313,332,350,350,350,350,376,410,37,54,85,85,85,189,189,201,214,110,163,37,64,114,114,114,128,162,174,174,193,193,193],"floor_reached":51,"playtime":3036,"items_purged":["Strike_R","Strike_R"],"score":1284,"play_id":"8499dbe1-93b3-4d2f-801b-2bd96e63cf1a","local_time":"20201222023054","is_ascension_mode":true,"campfire_choices":[{"data":"Armaments","floor":6.0,"key":"SMITH"},{"data":"Pommel Strike","floor":8.0,"key":"SMITH"},{"data":"Disarm","floor":15.0,"key":"SMITH"},{"data":"Barricade","floor":23,"key":"SMITH"},{"floor":25,"key":"REST"},{"data":"Entrench","floor":32,"key":"SMITH"},{"floor":49,"key":"REST"}],"circlet_count":0,"master_deck":["Defend_R","Defend_R","Defend_R","Defend_R","Bash","Armaments+1","Body Slam+1","Pommel Strike+1","Cleave","Disarm+1","Battle Trance","Double Tap","Body Slam+1","Barricade+1","Entrench","Entrench+1","Seeing Red+1","Shrug It Off","Battle Trance","Parasite","Entrench+1","Seeing Red","Battle Trance","Shrug It Off"],"relics":["Black Blood","Happy Flower","Kunai","Darkstone Periapt","Smiling Mask","Juzu Bracelet","Incense Burner","Bottled Tornado","Fusion Hammer","Unceasing Top","Prayer Wheel","CaptainsWheel","Pantograph","Pear","Letter Opener"],"acts_visited":["Exordium","TheCity","TheBeyond"],"potions_floor_usage":[20,21,22,27,33,35,46,50,50,50],"damage_taken":[{"damage":8.0,"enemies":"Jaw Worm","floor":1.0,"turns":4.0},{"damage":2.0,"enemies":"2 Louse","floor":4.0,"turns":4.0},{"damage":0.0,"enemies":"Cultist","floor":7.0,"turns":3.0},{"damage":5.0,"enemies":"3 Louse","floor":10.0,"turns":3.0},{"damage":12.0,"enemies":"3 Sentries","floor":11.0,"turns":7.0},{"damage":1.0,"enemies":"Gremlin Gang","floor":12.0,"turns":3.0},{"damage":10.0,"enemies":"2 Fungi Beasts","floor":13.0,"turns":3.0},{"damage":1.0,"enemies":"Blue Slaver","floor":14.0,"turns":3.0},{"damage":25.0,"enemies":"Hexaghost","floor":16.0,"turns":9.0},{"damage":20,"enemies":"Spheric Guardian","floor":18,"turns":6},{"damage":19,"enemies":"Shell Parasite","floor":19,"turns":6},{"damage":2,"enemies":"3 Cultists","floor":20,"turns":6},{"damage":34,"enemies":"Sentry and Sphere","floor":21,"turns":6},{"damage":23,"enemies":"Chosen and Byrds","floor":22,"turns":8},{"damage":20,"enemies":"Gremlin Leader","floor":27,"turns":7},{"damage":12,"enemies":"Cultist and Chosen","floor":29,"turns":7},{"damage":21,"enemies":"Book of Stabbing","floor":30,"turns":6},{"damage":0,"enemies":"Champ","floor":33,"turns":8},{"damage":27,"enemies":"3 Shapes","floor":35,"turns":4},{"damage":0,"enemies":"Orb Walker","floor":36,"turns":4},{"damage":0,"enemies":"2 Orb Walkers","floor":38,"turns":7},{"damage":0,"enemies":"Nemesis","floor":40,"turns":7},{"damage":0,"enemies":"Mind Bloom Boss Battle","floor":41,"turns":6},{"damage":0,"enemies":"Writhing Mass","floor":44,"turns":3},{"damage":13,"enemies":"Reptomancer","floor":45,"turns":5},{"damage":2,"enemies":"Spire Growth","floor":46,"turns":4},{"damage":0,"enemies":"Transient","floor":48,"turns":5},{"damage":0,"enemies":"Time Eater","floor":50,"turns":5}],"seed_played":"-8584966622398921290","potions_obtained":[{"floor":7.0,"key":"AttackPotion"},{"floor":11.0,"key":"BlessingOfTheForge"},{"floor":13.0,"key":"HeartOfIron"},{"floor":16.0,"key":"Explosive Potion"},{"floor":22,"key":"Regen Potion"},{"floor":27,"key":"Swift Potion"},{"floor":29,"key":"SteroidPotion"},{"floor":35,"key":"Strength Potion"},{"floor":38,"key":"Ancient Potion"},{"floor":45,"key":"LiquidBronze"},{"floor":48,"key":"Ancient Potion"}],"is_trial":false,"path_per_floor":["M","?","?","M","?","R","M","R","T","M","E","M","M","M","R","B",null,"M","M","M","M","M","R","?","R","T","E","$","M","E","?","R","B",null,"M","M","$","?","$","E","?","?","T","M","E","M","T","M","R","B",null],"character_chosen":"IRONCLAD","items_purchased":["Entrench","Incense Burner","Shrug It Off","Battle Trance"],"campfire_rested":2,"item_purchase_floors":[28,28,37,39],"current_hp_per_floor":[70,63,63,67,67,67,73,73,73,74,68,73,69,74,74,55,74,66,59,69,47,36,36,21,46,46,50,50,50,41,41,41,53,77,62,74,74,85,85,85,85,85,85,91,100,101,101,101,101,101],"gold":193,"neow_bonus":"RANDOM_COMMON_RELIC","is_daily":false,"chose_seed":false,"campfire_upgraded":5,"win_rate":0.0,"timestamp":1608571854,"path_taken":["M","?","?","M","?","R","M","R","T","M","E","M","M","M","R","BOSS","M","M","M","M","M","R","?","R","T","E","$","M","E","?","R","BOSS","M","M","$","?","$","E","?","?","T","M","E","M","?","M","R","BOSS"],"items_purchased_type":["Card","Relic","Card","Card"],"build_version":"2020-12-13","purchased_purges":2,"victory":true,"max_hp_per_floor":[80,80,80,80,80,80,80,80,80,80,80,80,80,80,80,80,80,80,80,80,80,80,80,85,85,85,85,85,85,85,85,85,85,85,85,85,85,85,85,85,85,85,85,91,101,101,101,101,101,101],"card_choices":[{"not_picked":["True Grit","Combust"],"picked":"Armaments","floor":1.0},{"not_picked":["Rupture","Heavy Blade"],"picked":"Body Slam","floor":4.0},{"not_picked":["Burning Pact","Body Slam"],"picked":"Pommel Strike","floor":7.0},{"not_picked":["Anger","Clash"],"picked":"Cleave","floor":10.0},{"not_picked":["Searing Blow","Wild Strike"],"picked":"Disarm","floor":11.0},{"not_picked":["Armaments","Warcry"],"picked":"Battle Trance","floor":12.0},{"not_picked":["Searing Blow","Inflame","Combust"],"picked":"SKIP","floor":13.0},{"not_picked":["Metallicize","Sword Boomerang","Rupture"],"picked":"SKIP","floor":14.0},{"not_picked":["Offering","Demon Form"],"picked":"Double Tap","floor":16.0},{"not_picked":["Searing Blow","Twin Strike","Havoc"],"picked":"SKIP","floor":18},{"not_picked":["Pommel Strike","Double Tap"],"picked":"Body Slam+1","floor":19},{"not_picked":["Anger","Body Slam+1","Fire Breathing+1"],"picked":"SKIP","floor":20},{"not_picked":["Iron Wave+1","Anger","Body Slam"],"picked":"SKIP","floor":21},{"not_picked":["Clothesline","Intimidate"],"picked":"Barricade","floor":22},{"not_picked":["Clothesline","Infernal Blade+1","Corruption"],"picked":"SKIP","floor":27},{"not_picked":["Whirlwind","Blood for Blood","Wild Strike"],"picked":"SKIP","floor":29},{"not_picked":["Wild Strike","Warcry","True Grit"],"picked":"SKIP","floor":30},{"not_picked":["Wild Strike","Warcry","True Grit"],"picked":"SKIP","floor":30},{"not_picked":["Dropkick+1","Iron Wave"],"picked":"Seeing Red+1","floor":35},{"not_picked":["True Grit+1","Dark Embrace+1","Headbutt"],"picked":"SKIP","floor":36},{"not_picked":["Double Tap","Thunderclap+1","Anger"],"picked":"SKIP","floor":40},{"not_picked":["Iron Wave","Anger+1"],"picked":"Entrench+1","floor":44},{"not_picked":["Power Through+1","Warcry+1"],"picked":"Seeing Red","floor":44},{"not_picked":["True Grit","Cleave","Thunderclap"],"picked":"SKIP","floor":45},{"not_picked":["Seeing Red","Fire Breathing"],"picked":"Battle Trance","floor":46},{"not_picked":["Cleave","Anger","Wild Strike"],"picked":"SKIP","floor":46},{"not_picked":["Anger+1","Cleave"],"picked":"Shrug It Off","floor":48},{"not_picked":["Cleave+1","Burning Pact","Seeing Red"],"picked":"SKIP","floor":48}],"player_experience":321800,"relics_obtained":[{"floor":9.0,"key":"Kunai"},{"floor":11.0,"key":"Darkstone Periapt"},{"floor":26,"key":"Smiling Mask"},{"floor":27,"key":"Juzu Bracelet"},{"floor":30,"key":"Bottled Tornado"},{"floor":38,"key":"Unceasing Top"},{"floor":40,"key":"Prayer Wheel"},{"floor":41,"key":"CaptainsWheel"},{"floor":43,"key":"Pantograph"},{"floor":45,"key":"Pear"},{"floor":47,"key":"Letter Opener"}],"event_choices":[{"cards_removed":["Strike_R"],"damage_healed":0.0,"max_hp_gain":0.0,"max_hp_loss":0.0,"gold_gain":0.0,"event_name":"Golden Wing","player_choice":"Card Removal","floor":2.0,"gold_loss":0.0,"damage_taken":7.0},{"cards_removed":["Strike_R"],"damage_healed":0.0,"max_hp_gain":0.0,"max_hp_loss":0.0,"gold_gain":0.0,"event_name":"The Cleric","player_choice":"Card Removal","floor":3.0,"gold_loss":50.0,"damage_taken":0.0},{"damage_healed":0.0,"max_hp_gain":0.0,"max_hp_loss":0.0,"gold_gain":0.0,"event_name":"Accursed Blacksmith","player_choice":"Forge","floor":5.0,"gold_loss":0.0,"damage_taken":0.0,"cards_upgraded":["Body Slam"]},{"damage_healed":0,"gold_gain":0,"player_choice":"Shed Blood","damage_taken":20,"max_hp_gain":5,"max_hp_loss":0,"event_name":"Forgotten Altar","floor":24,"gold_loss":0},{"damage_healed":0,"gold_gain":0,"player_choice":"Copied","damage_taken":0,"max_hp_gain":0,"max_hp_loss":0,"event_name":"Duplicator","floor":31,"gold_loss":0,"cards_obtained":["Entrench"]},{"damage_healed":0,"gold_gain":0,"player_choice":"Fight","damage_taken":0,"max_hp_gain":0,"max_hp_loss":0,"event_name":"Mysterious Sphere","floor":38,"gold_loss":0},{"damage_healed":0,"gold_gain":0,"player_choice":"Fight","damage_taken":0,"max_hp_gain":0,"max_hp_loss":0,"event_name":"MindBloom","floor":41,"gold_loss":0},{"cards_removed":["Strike_R"],"damage_healed":0,"gold_gain":0,"player_choice":"Removed Attack","damage_taken":0,"max_hp_gain":0,"max_hp_loss":0,"event_name":"Falling","floor":42,"gold_loss":0}],"is_beta":false,"boss_relics":[{"not_picked":["Pandora\u0027s Box","Runic Dome"],"picked":"Black Blood"},{"not_picked":["Tiny House","Cursed Key"],"picked":"Fusion Hammer"}],"items_purged_floors":[37,39],"is_endless":false,"potions_floor_spawned":[7,11,13,16,18,22,27,29,35,38,45,48],"ascension_level":9}}