{"host":"lfvzmjxeah1kcl2k","time":1608519952,"event":{"mods":["ATMod(°¢èªMod)","BaseMod","Minty Spire (QoL Compilation)","Quick Restart","StSLib"],"gold_per_floor":[117,117,135,148,164,190,190,218,218,218,249,24,54,68,68,171,171,190,206,219,219,219,244,314,370,370,433,198,198,148,148,148,321,321,414,279,279,323,323,381,381,516,516,516,555,645,376,429,429,554,554,554,481,564,589],"floor_reached":56,"playtime":2282,"items_purged":["Strike_P","Defend_P","Defend_P","Defend_P+1"],"score":1562,"play_id":"0736a11b-313e-469e-81cc-e9bd2f0d0223","local_time":"20201221110552","is_ascension_mode":true,"campfire_choices":[{"data":"Eruption","floor":7.0,"key":"SMITH"},{"data":"AT_FamilyPortrait","floor":10.0,"key":"SMITH"},{"data":"Vault","floor":15.0,"key":"SMITH"},{"data":"Study","floor":29.0,"key":"SMITH"},{"data":"Scrawl","floor":32.0,"key":"SMITH"},{"data":"ConjureBlade","floor":41.0,"key":"SMITH"},{"floor":49.0,"key":"RECALL"},{"data":"TalkToTheHand","floor":52.0,"key":"SMITH"}],"circlet_count":0,"master_deck":["Eruption+1","Vigilance","AT_FamilyPortrait+1","Scrawl+1","Study+1","BowlingBash","AT_ChampionStep","Wallop","Vault+1","Wireheading","DevaForm","SashWhip+1","Halt+1","ReachHeaven+1","FlurryOfBlows","Vault+1","FearNoEvil+1","Tantrum","MasterReality","ConjureBlade+1","Swivel+1","Secret Technique","MentalFortress+1","TalkToTheHand+1","Ragnarok"],"relics":["PureWater","AT_ATBox","CultistMask","Gremlin Horn","StrikeDummy","Letter Opener","AT_RabadonDeathcap","Membership Card","Ancient Tea Set","Astrolabe","AT_MibuBalloonWealth","Boot","Frozen Egg 2","HornCleat","VioletLotus","AT_BladeRuinedKing","AT_ChloranthyRing","Thread and Needle","Ginger","AT_LudenTempest","CloakClasp","AT_SilverBalance"],"acts_visited":["Exordium","TheCity","TheBeyond","TheEnding"],"potions_floor_usage":[54,55,55],"damage_taken":[{"damage":0.0,"enemies":"2 Louse","floor":1.0,"turns":2.0},{"damage":2.0,"enemies":"Cultist","floor":3.0,"turns":4.0},{"damage":2.0,"enemies":"Small Slimes","floor":4.0,"turns":4.0},{"damage":9.0,"enemies":"Blue Slaver","floor":5.0,"turns":3.0},{"damage":36.0,"enemies":"Gremlin Nob","floor":6.0,"turns":3.0},{"damage":0.0,"enemies":"Lagavulin","floor":8.0,"turns":4.0},{"damage":0.0,"enemies":"Gremlin Nob","floor":11.0,"turns":2.0},{"damage":0.0,"enemies":"Lagavulin","floor":13.0,"turns":4.0},{"damage":0.0,"enemies":"Lots of Slimes","floor":14.0,"turns":2.0},{"damage":4.0,"enemies":"Hexaghost","floor":16.0,"turns":5.0},{"damage":0.0,"enemies":"3 Byrds","floor":18.0,"turns":2.0},{"damage":0.0,"enemies":"Shell Parasite","floor":19.0,"turns":3.0},{"damage":1.0,"enemies":"Sentry and Sphere","floor":20.0,"turns":5.0},{"damage":0.0,"enemies":"Gremlin Leader","floor":23.0,"turns":1.0},{"damage":8.0,"enemies":"Shelled Parasite and Fungi","floor":24.0,"turns":2.0},{"damage":15.0,"enemies":"Book of Stabbing","floor":25.0,"turns":3.0},{"damage":2.0,"enemies":"Chosen and Byrds","floor":27.0,"turns":3.0},{"damage":22.0,"enemies":"Automaton","floor":33.0,"turns":6.0},{"damage":0.0,"enemies":"3 Shapes","floor":35.0,"turns":3.0},{"damage":0.0,"enemies":"Orb Walker","floor":38.0,"turns":2.0},{"damage":5.0,"enemies":"Giant Head","floor":40.0,"turns":7.0},{"damage":0.0,"enemies":"Reptomancer","floor":42.0,"turns":3.0},{"damage":11.0,"enemies":"Writhing Mass","floor":45.0,"turns":4.0},{"damage":0.0,"enemies":"Jaw Worm Horde","floor":46.0,"turns":1.0},{"damage":6.0,"enemies":"Nemesis","floor":48.0,"turns":5.0},{"damage":0.0,"enemies":"Awakened One","floor":50.0,"turns":4.0},{"damage":0,"enemies":"Shield and Spear","floor":54,"turns":1},{"damage":25,"enemies":"The Heart","floor":55,"turns":7}],"seed_played":"-2812479583792658299","potions_obtained":[{"floor":5.0,"key":"EssenceOfSteel"},{"floor":8.0,"key":"ColorlessPotion"},{"floor":11.0,"key":"DistilledChaos"},{"floor":13.0,"key":"Energy Potion"},{"floor":16.0,"key":"Block Potion"},{"floor":18.0,"key":"DistilledChaos"},{"floor":24.0,"key":"BlessingOfTheForge"},{"floor":25.0,"key":"PowerPotion"}],"is_trial":false,"path_per_floor":["M","?","M","M","M","E","R","E","T","R","E","$","E","M","R","B",null,"M","M","M","?","?","E","M","E","T","M","$","R","$","T","R","B",null,"M","$","?","M","?","E","R","E","T","?","M","M","$","E","R","B",null,"R","$","E","B",null],"character_chosen":"WATCHER","items_purchased":["Membership Card","Vault","MasterReality","Frozen Egg 2","AT_BladeRuinedKing","TalkToTheHand","AT_LudenTempest","Ragnarok","GamblersBrew"],"campfire_rested":0,"item_purchase_floors":[12,12,28,28,36,47,47,53,53],"current_hp_per_floor":[72,72,70,68,59,23,23,23,23,23,23,23,23,23,23,19,72,72,72,71,71,71,71,63,48,48,46,46,46,46,46,46,24,72,72,72,72,72,72,67,67,67,67,67,56,56,56,50,50,50,72,72,72,72,11],"gold":589,"neow_bonus":"ONE_RANDOM_RARE_CARD","is_daily":false,"chose_seed":false,"campfire_upgraded":7,"win_rate":0.0,"timestamp":1608519952,"path_taken":["M","?","M","M","?","E","R","E","T","R","E","$","E","M","R","BOSS","M","M","M","?","?","E","?","E","T","M","$","R","?","?","R","BOSS","M","$","?","?","?","E","R","E","T","?","M","M","?","E","R","BOSS","R","$","E","BOSS"],"items_purchased_type":["Relic","Card","Card","Relic","Relic","Card","Relic","Card","Potion"],"build_version":"2020-12-13","purchased_purges":4,"victory":true,"max_hp_per_floor":[72,72,72,72,72,72,72,72,72,72,72,72,72,72,72,72,72,72,72,72,72,72,72,72,72,72,72,72,72,72,72,72,72,72,72,72,72,72,72,72,72,72,72,72,72,72,72,72,72,72,72,72,72,72,72],"card_choices":[{"not_picked":["CarveReality","SignatureMove"],"picked":"Study","floor":1.0},{"not_picked":["SashWhip","EmptyFist","Consecrate"],"picked":"SKIP","floor":3.0},{"not_picked":["Protect","SashWhip","JustLucky"],"picked":"SKIP","floor":4.0},{"not_picked":["ThirdEye","FlyingSleeves"],"picked":"BowlingBash","floor":5.0},{"not_picked":["Wireheading","Sanctity"],"picked":"AT_ChampionStep","floor":6.0},{"not_picked":["FollowUp","CutThroughFate"],"picked":"Wallop","floor":8.0},{"not_picked":["Weave","Consecrate","ThirdEye"],"picked":"SKIP","floor":11.0},{"not_picked":["Perseverance","CutThroughFate","Prostrate"],"picked":"SKIP","floor":13.0},{"not_picked":["AT_ChampionStep","PathToVictory"],"picked":"Wireheading","floor":14.0},{"not_picked":["AT_ChampionKick","DeusExMachina"],"picked":"DevaForm","floor":16.0},{"not_picked":["LikeWater","WindmillStrike","CutThroughFate"],"picked":"SKIP","floor":18.0},{"not_picked":["FlyingSleeves","Protect+1"],"picked":"FlurryOfBlows","floor":19.0},{"not_picked":["BowlingBash+1","ForeignInfluence","Worship"],"picked":"SKIP","floor":20.0},{"not_picked":["BowlingBash","FollowUp","Nirvana"],"picked":"SKIP","floor":23.0},{"not_picked":["CutThroughFate","BattleHymn"],"picked":"FearNoEvil+1","floor":24.0},{"not_picked":["Nirvana","BowlingBash","WindmillStrike"],"picked":"SKIP","floor":25.0},{"not_picked":["ForeignInfluence+1","CrushJoints"],"picked":"Tantrum","floor":27.0},{"not_picked":["Judgement","SpiritShield"],"picked":"ConjureBlade","floor":33.0},{"not_picked":["Prostrate","Evaluate","Halt"],"picked":"SKIP","floor":35.0},{"not_picked":["Collect+1","ClearTheMind"],"picked":"Swivel+1","floor":38.0},{"not_picked":["Madness","PanicButton"],"picked":"Secret Technique","floor":39.0},{"not_picked":["BowlingBash","JustLucky"],"picked":"MentalFortress+1","floor":40.0},{"not_picked":["Weave","EmptyFist+1","Evaluate+1"],"picked":"SKIP","floor":42.0},{"not_picked":["MentalFortress+1","LikeWater+1","FollowUp"],"picked":"SKIP","floor":45.0},{"not_picked":["Weave","PathToVictory","CutThroughFate+1"],"picked":"SKIP","floor":46.0},{"not_picked":["Wish","PathToVictory","SashWhip"],"picked":"SKIP","floor":48.0},{"not_picked":["ThirdEye+1","SignatureMove","FlurryOfBlows"],"picked":"SKIP","floor":54}],"player_experience":37744,"relics_obtained":[{"floor":6.0,"key":"Gremlin Horn"},{"floor":8.0,"key":"StrikeDummy"},{"floor":9.0,"key":"Letter Opener"},{"floor":11.0,"key":"AT_RabadonDeathcap"},{"floor":13.0,"key":"Ancient Tea Set"},{"floor":23.0,"key":"AT_MibuBalloonWealth"},{"floor":25.0,"key":"Boot"},{"floor":31.0,"key":"HornCleat"},{"floor":40.0,"key":"AT_ChloranthyRing"},{"floor":42.0,"key":"Thread and Needle"},{"floor":43.0,"key":"Ginger"},{"floor":48.0,"key":"CloakClasp"},{"floor":54,"key":"AT_SilverBalance"}],"event_choices":[{"damage_healed":0.0,"max_hp_gain":0.0,"max_hp_loss":0.0,"gold_gain":0.0,"event_name":"FaceTrader","player_choice":"Trade","floor":2.0,"gold_loss":0.0,"damage_taken":0.0,"relics_obtained":["CultistMask"]},{"damage_healed":0.0,"max_hp_gain":0.0,"max_hp_loss":0.0,"gold_gain":0.0,"event_name":"Vampires","player_choice":"Ignored","floor":21.0,"gold_loss":0.0,"damage_taken":0.0},{"damage_healed":0.0,"max_hp_gain":0.0,"max_hp_loss":0.0,"gold_gain":0.0,"event_name":"Duplicator","player_choice":"Copied","floor":22.0,"gold_loss":0.0,"damage_taken":0.0,"cards_obtained":["Vault"]},{"cards_removed":["Strike_P"],"damage_healed":0.0,"max_hp_gain":0.0,"max_hp_loss":0.0,"gold_gain":0.0,"event_name":"Purifier","player_choice":"Purged","floor":37.0,"gold_loss":0.0,"damage_taken":0.0},{"damage_healed":0.0,"max_hp_gain":0.0,"max_hp_loss":0.0,"gold_gain":0.0,"event_name":"SensoryStone","player_choice":"Memory 1","floor":39.0,"gold_loss":0.0,"damage_taken":0.0},{"damage_healed":0.0,"max_hp_gain":0.0,"max_hp_loss":0.0,"gold_gain":0.0,"event_name":"Tomb of Lord Red Mask","player_choice":"Ignored","floor":44.0,"gold_loss":0.0,"damage_taken":0.0}],"is_beta":false,"boss_relics":[{"not_picked":["Ectoplasm","SacredBark"],"picked":"Astrolabe"},{"not_picked":["Philosopher\u0027s Stone","Runic Dome"],"picked":"VioletLotus"}],"items_purged_floors":[28,30,36,47],"is_endless":false,"potions_floor_spawned":[5,8,11,13,14,16,18,24,25,27,42,45],"ascension_level":1}}