{"host":"gs0a38e4jr2axiip","time":1608511118,"event":{"mods":["Abigail Mod","Act Like it!","BaseMod","Bestiary","Better Note","BetterRewards","CCEM","Colored Map","Conspire","Downfall","Exacting","Gensokyo","Hallownest","Highlight Path","Hubris","Infinite Spire","Jedi Mod","Koishi","MarisaÅiñ∂âJÅ@ñÇóùçπÅj","Minty Spire (QoL Compilation)","Permanent Neow","Prisma Mod","Replay The Spire","Shade Mod","Shop Mod","Spire Birthday Party","StSLib","The Dragon Tamer","The Gatherer","The Necromancer","The Servant 0.9.4","Unceasing Turn Reminder","Waifu the Spire","Wandering Minibosses","Yuyuko"],"gold_per_floor":[199,199,99,139,64,114,114,158,191,260,260,303,303,14,34,59,59],"floor_reached":16,"playtime":1138,"items_purged":[],"score":102,"play_id":"e4bbe5ca-27d9-495d-97f7-ce74741fa2f6","local_time":"20201220183838","is_ascension_mode":false,"campfire_choices":[{"floor":1,"key":"RECALL"},{"data":"sneckomod:TailWhip","floor":5,"key":"SMITH"}],"circlet_count":0,"master_deck":["sneckomod:Strike","sneckomod:Strike","sneckomod:Strike","sneckomod:Defend","sneckomod:Defend","sneckomod:Defend","sneckomod:TailWhip+1","sneckomod:SnekBite","sneckomod:Unknown","sneckomod:Unknown","conspire:SpireCoStock","conspire:SpireCoStock","sneckomod:DiceBlock","sneckomod:Mudshield+1","sneckomod:Nope","sneckomod:SoulRoll","sneckomod:MorePower","sneckomod:DiceBlock","sneckomod:UnknownClassGareth_Color+1","sneckomod:QuickMove"],"relics":["sneckomod:SneckoSoul","Ring of Misfortune","downfall:HeartBlessingRed","Garlic","hubris:TinFlute","Eternal Feather"],"acts_visited":["Exordium"],"potions_floor_usage":[10,14,16],"damage_taken":[{"damage":1,"enemies":"Jaw Worm","floor":4,"turns":4},{"damage":14,"enemies":"Small Slimes","floor":6,"turns":5},{"damage":0,"enemies":"conspire:RoseBush","floor":8,"turns":7},{"damage":7,"enemies":"Blue Slaver","floor":9,"turns":4},{"damage":31,"enemies":"3 Sentries","floor":10,"turns":14},{"damage":13,"enemies":"2 Fungi Beasts","floor":12,"turns":5},{"damage":0,"enemies":"downfall:FleeingMerchant","floor":14,"turns":4},{"damage":12,"enemies":"Exordium Wildlife","floor":15,"turns":5},{"damage":27,"enemies":"downfall:Silent","floor":16,"turns":4}],"seed_played":"8470396768466733710","potions_obtained":[{"floor":4,"key":"Dexterity Potion"},{"floor":9,"key":"Energy Potion"},{"floor":12,"key":"Fire Potion"}],"is_trial":false,"path_per_floor":["R","?","?","M","R","M","T","M","M","E","?","M","T","$","M","B"],"character_chosen":"THE_SNECKO","items_purchased":["Eternal Feather","sneckomod:DiceBlock"],"campfire_rested":0,"item_purchase_floors":[14,14],"current_hp_per_floor":[90,90,90,89,89,75,75,75,68,44,44,31,31,31,20,0,0],"gold":59,"neow_bonus":"HUNDRED_GOLD","is_daily":false,"chose_seed":false,"campfire_upgraded":1,"win_rate":0.0,"timestamp":1608511118,"path_taken":["R","?","?","M","R","M","T","M","M","E","?","?","?","$","M","BOSS"],"items_purchased_type":["Relic","Card"],"build_version":"2020-12-13","purchased_purges":0,"victory":false,"max_hp_per_floor":[90,90,90,90,90,90,90,90,90,90,90,90,90,90,91,91,91],"card_choices":[{"not_picked":["sneckomod:UnknownCommonAttack","sneckomod:QuickBite"],"picked":"sneckomod:DiceBlock","floor":4},{"not_picked":["sneckomod:PureSnecko","sneckomod:Nope","sneckomod:UnknownVulnerable"],"picked":"SKIP","floor":6},{"not_picked":["sneckomod:SoulDraw","sneckomod:UnknownCommonAttack","sneckomod:UnknownBlock"],"picked":"SKIP","floor":8},{"not_picked":["sneckomod:SoulDraw","sneckomod:Unknown2Cost"],"picked":"sneckomod:Mudshield","floor":9},{"not_picked":["sneckomod:Unknown1Cost","sneckomod:UnknownVulnerable"],"picked":"sneckomod:Nope","floor":10},{"not_picked":["sneckomod:UnknownCommonSkill","sneckomod:UnknownVulnerable"],"picked":"sneckomod:SoulRoll","floor":12},{"not_picked":["sneckomod:SoulRoll","sneckomod:DiceCrush"],"picked":"sneckomod:MorePower","floor":14},{"not_picked":["sneckomod:UnknownClassGATHERER_LIME+1","sneckomod:UnknownUncommonAttack+1"],"picked":"sneckomod:UnknownClassGareth_Color+1","floor":15},{"not_picked":["sneckomod:TrashToTreasure","sneckomod:UnknownCommonAttack"],"picked":"sneckomod:QuickMove","floor":15}],"player_experience":775551,"relics_obtained":[{"floor":2,"key":"Ring of Misfortune"},{"floor":10,"key":"Garlic"},{"floor":13,"key":"hubris:TinFlute"}],"event_choices":[{"damage_healed":0,"gold_gain":0,"player_choice":"Invest 2","damage_taken":0,"max_hp_gain":0,"max_hp_loss":0,"event_name":"conspire:Investor","floor":3,"gold_loss":0}],"is_beta":false,"boss_relics":[],"items_purged_floors":[],"is_endless":false,"potions_floor_spawned":[4,9,12],"killed_by":"downfall:Silent","ascension_level":0}}