{"host":"iyvjjqtjrywxqc57","time":1608562806,"event":{"mods":["AchievementEnabler","BaseMod","Bestiary","Colored Map","Colored Powertips","Downfall","Minty Spire (QoL Compilation)","Quick Restart","Rare Cards Sparkle","StSLib"],"gold_per_floor":[99,128,53,53,86,86,86,97,22,54,67,79,179,279,290,389,389,389,389,4,4,4,4,4,4,4,4,4,4,4,4,4,4,4,4,4,4,4,4,4,4,0,0,0,0,0,0,0,0,0],"floor_reached":51,"playtime":7799,"items_purged":[],"score":885,"play_id":"f913566d-04fd-4eca-b7cf-8ccd2d325e93","local_time":"20201221090006","is_ascension_mode":false,"campfire_choices":[{"floor":1,"key":"RECALL"},{"data":"champ:Taunt","floor":3,"key":"SMITH"},{"data":"champ:ShieldThrow","floor":9,"key":"SMITH"},{"data":"champ:StrikeOfGenius","floor":18,"key":"SMITH"},{"data":"champ:RecklessLeap","floor":26,"key":"SMITH"},{"data":"champ:HeavySlash","floor":35,"key":"SMITH"},{"data":"champ:RisingSlash","floor":40,"key":"SMITH"},{"data":"champ:Execute","floor":43,"key":"SMITH"}],"circlet_count":0,"master_deck":["champ:Strike","champ:Strike","champ:Strike","champ:Defend","champ:Defend","champ:Defend","champ:Defend","champ:Execute+1","champ:Taunt+1","champ:Encircle+1","champ:Circumvent+1","champ:DefensiveShout+1","champ:ShieldThrow+1","champ:BerserkersShout+1","champ:Backstep+1","champ:BringItOn+1","champ:StrikeOfGenius+1","champ:CrownThrow+1","champ:StanceDance+1","champ:Shatter","Dark Shackles+1","champ:TornadoPunch","champ:RisingSlash+1","champ:RecklessLeap+1","champ:IronFortress","champ:FlashCut+1","champ:Duel","champ:HeavySlash+1","champ:PerfectedStrike+1","champ:FanOfKnives+1","champ:FaceSlap+1","champ:CrookedStrike+1","champ:FightOn","champ:PreciseThrust+1"],"relics":["champ:ChampionCrown","downfall:HeartsMalice","Toxic Egg 2","downfall:HeartBlessingRed","Gambling Chip","Sundial","downfall:HeartBlessingBlue","Ectoplasm","Pantograph","downfall:RedIOU","Bronze Scales","Eternal Feather","champ:BlackKnightHelmet","Kunai","champ:ChampionCrownUpgraded","Lantern","Bag of Marbles","Strawberry"],"acts_visited":["Exordium","TheCity","TheBeyond"],"potions_floor_usage":[16,16,33,33,33],"damage_taken":[{"damage":0,"enemies":"3 Sentries","floor":2,"turns":1},{"damage":0,"enemies":"Gremlin Nob","floor":5,"turns":1},{"damage":0,"enemies":"2 Louse","floor":6,"turns":1},{"damage":5,"enemies":"Small Slimes","floor":8,"turns":2},{"damage":29,"enemies":"3 Sentries","floor":10,"turns":8},{"damage":16,"enemies":"Cultist","floor":11,"turns":4},{"damage":23,"enemies":"3 Louse","floor":12,"turns":4},{"damage":10,"enemies":"Blue Slaver","floor":15,"turns":2},{"damage":36,"enemies":"downfall:Watcher","floor":16,"turns":8},{"damage":19,"enemies":"Chosen","floor":19,"turns":4},{"damage":16,"enemies":"downfall:FleeingMerchant","floor":20,"turns":4},{"damage":3,"enemies":"Spheric Guardian","floor":22,"turns":3},{"damage":8,"enemies":"Snecko","floor":23,"turns":4},{"damage":27,"enemies":"Book of Stabbing","floor":25,"turns":4},{"damage":59,"enemies":"Gremlin Leader","floor":27,"turns":4},{"damage":45,"enemies":"Gremlin Leader","floor":28,"turns":6},{"damage":37,"enemies":"Centurion and Healer","floor":30,"turns":4},{"damage":33,"enemies":"Snake Plant","floor":32,"turns":2},{"damage":38,"enemies":"downfall:Defect","floor":33,"turns":6},{"damage":9,"enemies":"Orb Walker","floor":38,"turns":3},{"damage":19,"enemies":"3 Shapes","floor":39,"turns":2},{"damage":26,"enemies":"downfall:FleeingMerchant","floor":42,"turns":4},{"damage":43,"enemies":"Giant Head","floor":44,"turns":5},{"damage":0,"enemies":"Jaw Worm Horde","floor":45,"turns":2},{"damage":18,"enemies":"Sphere and 2 Shapes","floor":47,"turns":3},{"damage":27,"enemies":"Maw","floor":48,"turns":4},{"damage":38,"enemies":"3 Darklings","floor":49,"turns":3},{"damage":9,"enemies":"downfall:Ironclad","floor":50,"turns":6}],"seed_played":"1459322104123114974","potions_obtained":[{"floor":11,"key":"SmokeBomb"},{"floor":12,"key":"FearPotion"},{"floor":15,"key":"champ:CounterPotion"},{"floor":16,"key":"Dexterity Potion"},{"floor":19,"key":"FearPotion"},{"floor":23,"key":"AttackPotion"},{"floor":28,"key":"sneckomod:MuddlingPotion"},{"floor":32,"key":"champ:UltimateStancePotion"},{"floor":38,"key":"PowerPotion"},{"floor":45,"key":"DistilledChaos"},{"floor":46,"key":"hexamod:EctoCoolerPotion"},{"floor":46,"key":"LiquidBronze"},{"floor":47,"key":"champ:CounterPotion"}],"is_trial":false,"path_per_floor":["R","E","R","?","E","M","T","M","R","E","M","M","?","?","M","B",null,"R","M","$","?","M","M","T","E","R","E","?","?","M","?","M","B",null,"R","?","?","M","M","R","T","$","R","E","M","?","M","M","M","B",null],"character_chosen":"THE_CHAMP","items_purchased":["Dark Shackles+1","Pantograph","champ:TornadoPunch"],"campfire_rested":0,"item_purchase_floors":[20,20,20],"current_hp_per_floor":[90,90,90,72,72,72,72,72,82,60,60,50,50,50,50,35,100,100,100,100,100,100,100,100,88,100,84,84,76,58,58,51,67,100,100,100,100,100,97,100,100,100,100,99,99,99,99,99,78,97],"gold":0,"neow_bonus":"THREE_ENEMY_KILL","is_daily":false,"chose_seed":false,"campfire_upgraded":7,"win_rate":0.0,"timestamp":1608562806,"path_taken":["R","E","R","?","E","M","T","M","R","E","M","M","?","?","M","BOSS","R","M","$","?","M","M","T","E","R","E","?","?","?","?","M","BOSS","R","?","?","?","M","R","T","$","R","E","M","?","M","?","M","BOSS"],"items_purchased_type":["Card","Relic","Card"],"build_version":"2020-12-13","purchased_purges":0,"victory":true,"max_hp_per_floor":[90,90,90,90,90,90,90,90,100,100,100,100,100,100,100,100,100,100,100,100,100,100,100,100,100,100,100,100,100,100,100,100,100,100,100,100,100,100,100,100,100,100,100,107,107,107,107,107,107,107],"card_choices":[{"not_picked":["champ:Riposte+1","champ:Circumvent+1"],"picked":"champ:Encircle","floor":2},{"not_picked":["champ:Haymaker","champ:ViciousMockery+1"],"picked":"champ:Circumvent+1","floor":5},{"not_picked":["champ:BladeFlurry","champ:Shatter"],"picked":"champ:DefensiveShout+1","floor":6},{"not_picked":["champ:Lariat+1","champ:IronFortress"],"picked":"champ:ShieldThrow","floor":8},{"not_picked":["champ:GladiatorsShout+1","champ:EndlessRage"],"picked":"champ:BerserkersShout+1","floor":10},{"not_picked":["champ:BerserkersShout+1","champ:CalledShot"],"picked":"champ:Backstep+1","floor":11},{"not_picked":["champ:IronFortress","champ:Encircle"],"picked":"champ:BringItOn+1","floor":12},{"not_picked":["champ:DefensiveShout+1","champ:EndlessRage"],"picked":"champ:StrikeOfGenius","floor":15},{"not_picked":["champ:Improvising","champ:LastStand"],"picked":"champ:CrownThrow","floor":16},{"not_picked":["champ:TornadoPunch","champ:BerserkersShout+1"],"picked":"champ:StanceDance+1","floor":19},{"not_picked":["champ:AdrenalArmor+1","champ:DefensiveShout+1"],"picked":"champ:Shatter","floor":20},{"not_picked":["champ:Backstep+1","champ:DefensiveShout+1","champ:StrikeOfGenius"],"picked":"SKIP","floor":22},{"not_picked":["champ:BringItOn+1","champ:AdrenalArmor+1"],"picked":"champ:RisingSlash","floor":23},{"not_picked":["champ:GladiatorsShout+1","champ:PreciseThrust"],"picked":"champ:RecklessLeap","floor":25},{"not_picked":["champ:BerserkersShout+1","champ:Improvising"],"picked":"champ:IronFortress","floor":27},{"not_picked":["champ:RisingSlash","champ:BerserkerStyle+1"],"picked":"champ:FlashCut+1","floor":30},{"not_picked":["champ:Haymaker","champ:IgnorePain+1"],"picked":"champ:Duel","floor":32},{"not_picked":["champ:SwordThrow","champ:PerfectForm"],"picked":"champ:HeavySlash","floor":33},{"not_picked":["champ:FanOfKnives","champ:Riposte+1"],"picked":"champ:PerfectedStrike+1","floor":38},{"not_picked":["champ:GutPunch+1","champ:Haymaker+1"],"picked":"champ:FanOfKnives+1","floor":39},{"not_picked":["champ:Devastate","champ:PerfectedStrike"],"picked":"champ:FaceSlap+1","floor":42},{"not_picked":["champ:GladiatorStyle","champ:Lariat+1"],"picked":"champ:CrookedStrike+1","floor":44},{"not_picked":["champ:TornadoPunch","champ:FlashCut","champ:DefensiveStyle+1"],"picked":"SKIP","floor":45},{"not_picked":["champ:EnragedBash+1","champ:BringItOn+1"],"picked":"champ:FightOn","floor":47},{"not_picked":["champ:BringItOn+1","champ:DefensiveShout+1","champ:Duel+1"],"picked":"SKIP","floor":48},{"not_picked":["champ:PerfectedStrike","champ:FanOfKnives"],"picked":"champ:PreciseThrust+1","floor":49}],"player_experience":28773,"relics_obtained":[{"floor":2,"key":"Toxic Egg 2"},{"floor":5,"key":"Sundial"},{"floor":10,"key":"Oddly Smooth Stone"},{"floor":24,"key":"Bronze Scales"},{"floor":25,"key":"Eternal Feather"},{"floor":27,"key":"Boot"},{"floor":28,"key":"champ:BlackKnightHelmet"},{"floor":28,"key":"Kunai"},{"floor":36,"key":"Lantern"},{"floor":41,"key":"Bag of Marbles"},{"floor":44,"key":"Strawberry"}],"event_choices":[{"damage_healed":0,"gold_gain":0,"player_choice":"Success","damage_taken":18,"relics_obtained":["Gambling Chip"],"max_hp_gain":0,"max_hp_loss":0,"event_name":"Scrap Ooze","floor":4,"gold_loss":0},{"cards_removed":["champ:Strike"],"damage_healed":0,"gold_gain":0,"player_choice":"Purged","damage_taken":0,"max_hp_gain":0,"max_hp_loss":0,"event_name":"Purifier","floor":37,"gold_loss":0}],"is_beta":false,"boss_relics":[{"not_picked":["Calling Bell","SacredBark"],"picked":"Ectoplasm"},{"not_picked":["Runic Dome","Empty Cage"],"picked":"champ:ChampionCrownUpgraded"}],"items_purged_floors":[],"is_endless":false,"potions_floor_spawned":[11,12,15,16,19,23,28,32,38,45,47],"ascension_level":0}}