{"host":"dwyzfvnzfcqffr30","time":1608586412,"event":{"mods":["2.2 Compatiblity","Act Like it!","BaseMod","Beaked The Cultist","Better Altar","Better Match","Better Note","Better Sensory Stone","Better Skull","Better Third Choice","Clockwork Mod","Colored Map","Colored Powertips","Conspire","Downfall","Elementarium","GifTheSpireLib","Halation","Hermit","Hubris","Infinite Spire","Ironclad Rager","Jedi Mod","Menagerie","Mimic Mod","Minty Spire (QoL Compilation)","Permanent Neow","Random Character Button","Replay The Spire","Spicy Shops","StSLib","Stuff the Spire","The Construct","The Disciple","The Druid","The Marked","TheFirefly","Trackpad","vexMod"],"gold_per_floor":[114,114,39,39,39,164,183,108,134,274,289,312,326,326,326,451,451,491,526,595,624,144,319,344,344,394,394,394,394,529,553,553,682,682,697,622,622,643,643,778,778,485,526,91,91,91,91,91,241,255,255,255,255,255,30,170,170],"floor_reached":58,"playtime":7763,"items_purged":["Injury","thefirefly:AlphaStrike+1","thefirefly:PhotonBlast+1","thefirefly:LifeSupport+1"],"score":2024,"play_id":"7ebee148-5dec-4f4a-a903-6c698963b616","local_time":"20201221133332","is_ascension_mode":true,"campfire_choices":[{"floor":15.0,"key":"RECALL"},{"floor":27.0,"key":"REST"},{"floor":29.0,"key":"REST"},{"floor":32.0,"key":"REST"},{"floor":51,"key":"REST"},{"floor":54,"key":"REST"}],"circlet_count":0,"master_deck":["AscendersBane","thefirefly:Strike+1","thefirefly:Strike+1","thefirefly:Strike+1","thefirefly:Strike+1","thefirefly:Defend+1","thefirefly:Defend+1","thefirefly:Defend+1","thefirefly:Defend+1","thefirefly:StealthMode+1","MasterReality+1","thefirefly:FlareScreen+1","thefirefly:NebulaVeil+1","thefirefly:DataMiner+1","thefirefly:EMP+1","thefirefly:Unburden+1","thefirefly:RerouteCircuit+1","thefirefly:Pacify+1","thefirefly:Unweft+1","thefirefly:DecoyShot+1","thefirefly:ShieldGenerator+1","thefirefly:PhantomStrike+1","thefirefly:CreateClone+1","thefirefly:SearingEnigma+1","thefirefly:IonizedBarrier+1"],"relics":["thefirefly:UpgradedSystem","Juzu Bracelet","hubris:EvacipatedBox","hubris:FruitBowl","Molten Egg 2","Toxic Egg 2","Frozen Egg 2","Quantum Egg","Bottled Tornado","StuffTheSpire:DarkSteelAnvil","StuffTheSpire:TintedRock","halation:KoshaPiece","Golden Idol","StuffTheSpire:Tea","Oddly Smooth Stone","jedi:firstaidkit","ReplayTheSpireMod:Ring of Challenge","Ring of Fury","trackpad:CultistFigurine","thefirefly:PhaseCrystal","Art of War","StuffTheSpire:Barrel","Mummified Hand","Anchor","thefirefly:AbsoluteTerror","Elementarium:ElementariumTrophy","halation:Prosthetics","jedi:heavyjacket","ReplayFunnel","Counterbalance","StuffTheSpire:GrapeVine","Replay:Accelerometer","thefirefly:LongRangeScanner","trackpad:AdjectivePendant"],"acts_visited":["Menagerie:Menagerie","Elementarium:Elementarium","TheBeyond","TheEnding"],"potions_floor_usage":[49,52,57],"damage_taken":[{"damage":0.0,"enemies":"Menagerie:MonstrousExperiment","floor":1.0,"turns":3.0},{"damage":6.0,"enemies":"Menagerie:Hydra","floor":6.0,"turns":5.0},{"damage":0.0,"enemies":"Menagerie:WhisperingWraith","floor":7.0,"turns":9.0},{"damage":0.0,"enemies":"Menagerie:VoidReaper","floor":10.0,"turns":7.0},{"damage":2.0,"enemies":"Menagerie:StygianBoar","floor":11.0,"turns":6.0},{"damage":4.0,"enemies":"Menagerie:MeltingSalamander","floor":12.0,"turns":7.0},{"damage":5.0,"enemies":"Menagerie:EntropyWarlock","floor":13.0,"turns":4.0},{"damage":4.0,"enemies":"Menagerie:Chimera","floor":16.0,"turns":10.0},{"damage":4.0,"enemies":"Elementarium:2_ELEMENTALS","floor":18.0,"turns":6.0},{"damage":1.0,"enemies":"Elementarium:VoidCorruption","floor":19.0,"turns":7.0},{"damage":80.0,"enemies":"Slavers","floor":20.0,"turns":7.0},{"damage":4.0,"enemies":"Elementarium:RubyGolem","floor":21.0,"turns":7.0},{"damage":30.0,"enemies":"Elementarium:WarGolem","floor":23.0,"turns":8.0},{"damage":35.0,"enemies":"Elementarium:VoidBeast","floor":24.0,"turns":7.0},{"damage":0.0,"enemies":"Elementarium:CYCLONE_AND_LIVING_STORMCLOUD","floor":26.0,"turns":9.0},{"damage":11.0,"enemies":"Elementarium:ElementalPortal","floor":30.0,"turns":12.0},{"damage":3.0,"enemies":"Elementarium:CYCLONE_AND_LIVING_STORMCLOUD","floor":31.0,"turns":3.0},{"damage":1.0,"enemies":"Elementarium:GolemEmperor","floor":33.0,"turns":9.0},{"damage":0.0,"enemies":"Orb Walker","floor":35.0,"turns":6.0},{"damage":0.0,"enemies":"3 Shapes","floor":38.0,"turns":5.0},{"damage":7.0,"enemies":"beaked:SuperParasite","floor":40.0,"turns":10.0},{"damage":0,"enemies":"3 Darklings","floor":43,"turns":8},{"damage":0,"enemies":"R_Hoarder","floor":49,"turns":6},{"damage":0,"enemies":"3 Darklings","floor":50,"turns":7},{"damage":0,"enemies":"hubris:GrandSnecko","floor":52,"turns":8},{"damage":0,"enemies":"Shield and Spear","floor":56,"turns":5},{"damage":17,"enemies":"The Heart","floor":57,"turns":12}],"seed_played":"2743801739978853535","potions_obtained":[{"floor":6.0,"key":"champ:CounterPotion"},{"floor":11.0,"key":"FearPotion"},{"floor":16.0,"key":"Swift Potion"},{"floor":18.0,"key":"champ:CounterPotion"},{"floor":20.0,"key":"Block Potion"},{"floor":31.0,"key":"LiquidBronze"},{"floor":33.0,"key":"champ:CounterPotion"}],"is_trial":false,"path_per_floor":["M","?","?","?","?","E","M","$","T","E","M","M","M","?","R","B",null,"M","M","?","M","$","E","M","?","MIM","R","$","R","E","M","R","B",null,"M","?","?","M","?","E","?","$","MIM","$","?","$","PTL","PTL","E","M","R","B",null,"R","$","E","B",null],"character_chosen":"THE_FIREFLY","items_purchased":["thefirefly:PhaseCrystal","Art of War","thefirefly:DecoyShot+1","Anchor","Counterbalance","AttackPotion","Elixir","StuffTheSpire:GrapeVine","thefirefly:LongRangeScanner"],"campfire_rested":5,"item_purchase_floors":[22,22,22,28,42,44,44,44,55],"current_hp_per_floor":[50,50,50,38,38,32,32,32,32,32,40,49,52,52,52,50,57,55,57,34,41,41,36,18,18,28,46,36,54,55,52,60,60,8,11,11,11,11,11,10,14,14,17,17,17,17,17,17,20,23,23,26,26,26,26,29,18],"gold":170,"neow_bonus":"ONE_RANDOM_RARE_CARD","is_daily":false,"chose_seed":false,"campfire_upgraded":0,"win_rate":0.0,"timestamp":1608586412,"path_taken":["M","?","?","?","?","E","M","$","T","E","M","M","M","?","R","BOSS","M","M","?","M","$","E","M","?","MIM","R","?","R","E","M","R","BOSS","M","?","?","M","?","E","?","$","MIM","$","?","?","PTL","PTL","E","M","R","BOSS","R","$","E","BOSS"],"items_purchased_type":["Relic","Relic","Card","Relic","Relic","Potion","Potion","Relic","Relic"],"build_version":"2020-12-13","purchased_purges":4,"victory":true,"max_hp_per_floor":[55,55,55,55,55,55,55,55,55,55,55,55,55,55,55,59,59,59,59,59,59,59,59,59,59,60,60,60,60,60,60,60,60,8,11,11,11,11,11,14,14,14,17,17,17,17,17,17,20,23,23,26,26,26,26,29,32],"card_choices":[{"not_picked":["thefirefly:Reposition+1","thefirefly:LifeSupport+1"],"picked":"thefirefly:FlareScreen+1","floor":1.0},{"not_picked":["thefirefly:Lamentation+1","thefirefly:Teleport+1"],"picked":"thefirefly:NebulaVeil+1","floor":6.0},{"not_picked":["thefirefly:RollBack+1","thefirefly:Boost+1"],"picked":"thefirefly:DataMiner+1","floor":7.0},{"not_picked":["thefirefly:Bombardment+1","thefirefly:Rend+1"],"picked":"thefirefly:LifeSupport+1","floor":10.0},{"not_picked":["thefirefly:StoredPower+1","thefirefly:Teleport+1"],"picked":"thefirefly:EMP+1","floor":11.0},{"not_picked":["thefirefly:Reposition+1","thefirefly:ArtillleryBeam+1"],"picked":"thefirefly:Unburden+1","floor":12.0},{"not_picked":["thefirefly:Reposition+1","thefirefly:Boost+1","thefirefly:RollBack+1"],"picked":"SKIP","floor":13.0},{"not_picked":["thefirefly:SoulStrike+1","thefirefly:Unburden+1"],"picked":"thefirefly:RerouteCircuit+1","floor":16.0},{"not_picked":["thefirefly:Preload+1","thefirefly:FlareScreen+1"],"picked":"thefirefly:Pacify+1","floor":18.0},{"not_picked":["thefirefly:StarCinder+1","thefirefly:Ruminate+1","thefirefly:Pacify+1"],"picked":"SKIP","floor":19.0},{"not_picked":["thefirefly:NebulaVeil+1","thefirefly:Pacify+1"],"picked":"thefirefly:Unweft+1","floor":21.0},{"not_picked":["thefirefly:MindControl+1","thefirefly:Exile+1"],"picked":"thefirefly:ShieldGenerator+1","floor":23.0},{"not_picked":["thefirefly:QuantumTunneling+1","thefirefly:Preload+1","thefirefly:RollBack+1"],"picked":"SKIP","floor":24.0},{"not_picked":["thefirefly:LaserMail+1","thefirefly:CreateClone+1"],"picked":"thefirefly:PhantomStrike+1","floor":30.0},{"not_picked":["thefirefly:Pacify+1","thefirefly:EvasiveManeuver+1","thefirefly:QuantumTunneling+1"],"picked":"SKIP","floor":31.0},{"not_picked":["thefirefly:TachyonBeam+1","thefirefly:SoulStrike+1"],"picked":"thefirefly:CreateClone+1","floor":33.0},{"not_picked":["thefirefly:EMP+1","thefirefly:NebulaVeil+1","thefirefly:Flight+1"],"picked":"SKIP","floor":35.0},{"not_picked":["thefirefly:ReverseEngine+1","thefirefly:CoveringFire+1"],"picked":"thefirefly:SearingEnigma+1","floor":38.0},{"not_picked":["thefirefly:HyperFocus+1","thefirefly:SoulStrike+1","thefirefly:Cosmogenesis+1"],"picked":"SKIP","floor":40.0},{"not_picked":["thefirefly:SteadyAim+1","thefirefly:Teleport+1","thefirefly:CoveringFire+1"],"picked":"SKIP","floor":49},{"not_picked":["thefirefly:Flight+1","thefirefly:LaserBarrage+1"],"picked":"thefirefly:IonizedBarrier+1","floor":50},{"not_picked":["thefirefly:ChargedLaser+1","thefirefly:Bombardment+1","thefirefly:SteadyAim+1"],"picked":"SKIP","floor":56}],"player_experience":2288122,"relics_obtained":[{"floor":6.0,"key":"StuffTheSpire:Tea"},{"floor":9.0,"key":"Oddly Smooth Stone"},{"floor":10.0,"key":"jedi:firstaidkit"},{"floor":14.0,"key":"ReplayTheSpireMod:Ring of Challenge"},{"floor":14.0,"key":"Ring of Fury"},{"floor":20.0,"key":"trackpad:CultistFigurine"},{"floor":23.0,"key":"StuffTheSpire:Barrel"},{"floor":26.0,"key":"Mummified Hand"},{"floor":30.0,"key":"thefirefly:AbsoluteTerror"},{"floor":40.0,"key":"ReplayFunnel"},{"floor":49,"key":"Replay:Accelerometer"},{"floor":56,"key":"trackpad:AdjectivePendant"}],"event_choices":[{"damage_healed":0.0,"max_hp_gain":0.0,"max_hp_loss":8.0,"gold_gain":0.0,"event_name":"betterThird:BetterWriting","player_choice":"Simplicity","floor":0.0,"gold_loss":0.0,"damage_taken":0.0},{"damage_healed":0.0,"max_hp_gain":0.0,"max_hp_loss":0.0,"gold_gain":0.0,"event_name":"conspire:Investor","player_choice":"Leave","floor":2.0,"gold_loss":0.0,"damage_taken":0.0},{"damage_healed":0.0,"max_hp_gain":0.0,"max_hp_loss":0.0,"gold_gain":0.0,"event_name":"betterMatch:BetterMatch","player_choice":"3","floor":3.0,"gold_loss":0.0,"damage_taken":0.0,"cards_obtained":[]},{"damage_healed":0.0,"max_hp_gain":0.0,"max_hp_loss":0.0,"gold_gain":0.0,"event_name":"betterSkull:BetterSkull","player_choice":"RE ","floor":4.0,"gold_loss":0.0,"damage_taken":14.0,"cards_upgraded":[],"relics_obtained":["halation:KoshaPiece"]},{"damage_healed":0.0,"max_hp_gain":0.0,"max_hp_loss":0.0,"gold_gain":0.0,"event_name":"Golden Idol","player_choice":"Take Wound","floor":5.0,"gold_loss":0.0,"damage_taken":0.0,"relics_obtained":["Golden Idol"],"cards_obtained":["Injury"]},{"damage_healed":0.0,"max_hp_gain":0.0,"max_hp_loss":0.0,"gold_gain":0.0,"event_name":"Elementarium:OtherworldlyPassage","player_choice":"Enter","floor":20.0,"gold_loss":0.0,"damage_taken":0.0},{"cards_removed":["CommonCold"],"damage_healed":0.0,"max_hp_gain":0.0,"max_hp_loss":0.0,"gold_gain":0.0,"event_name":"Elementarium:LostScrolls","player_choice":"Burn","floor":25.0,"gold_loss":0.0,"damage_taken":0.0},{"damage_healed":0.0,"max_hp_gain":0.0,"max_hp_loss":0.0,"gold_gain":0.0,"event_name":"betterMatch:BetterMatch","player_choice":"3","floor":36.0,"gold_loss":0.0,"damage_taken":0.0,"cards_obtained":[]},{"damage_healed":0.0,"max_hp_gain":0.0,"max_hp_loss":0.0,"gold_gain":0.0,"event_name":"Mysterious Sphere","player_choice":"Ignored","floor":37.0,"gold_loss":0.0,"damage_taken":0.0},{"damage_healed":4.0,"max_hp_gain":0.0,"max_hp_loss":0.0,"gold_gain":0.0,"event_name":"Wheel of Change","player_choice":"Full Heal","floor":41.0,"gold_loss":0.0,"damage_taken":0.0},{"damage_healed":0,"gold_gain":0,"player_choice":"Ignored","damage_taken":0,"max_hp_gain":0,"max_hp_loss":0,"event_name":"The Moai Head","floor":45,"gold_loss":0}],"is_beta":false,"boss_relics":[{"not_picked":["hubris:HollowSoul","Runic Pyramid","conspire:RunicOctahedron"],"picked":"thefirefly:UpgradedSystem"},{"not_picked":["Pandora\u0027s Box","vexMod:TanglingVine","trackpad:Trackpad"],"picked":"halation:Prosthetics"}],"items_purged_floors":[8,22,44,55],"is_endless":false,"potions_floor_spawned":[6,11,13,16,18,20,31,33,49],"ascension_level":10}}