{"host":"00tqcjwpycel7e54","time":1608548420,"event":{"mods":["ATMod(阿瑾Mod)","BaseMod","Displayed Cursed Tome","Downfall","Hermit","Luminous","Marisa（F雨　魔理沙）","Minty Spire (QoL Compilation)","Remilia（蕾米莉亚）","Replay The Spire","Robot Space Explorer","Shop Mod","Spicy Shops","StSLib","The Administrix","The Bug Knight","The Cursed","The Dragon Tamer","The Gatherer","The Hierophant","The Runesmith","The Senshi","The Servant 0.9.4","WarShipGirlsR/战舰少女R mod","Youmu（魂魄妖梦）","Yuyuko","【东方二次创作】八云紫mod","【遗物卡牌】REMEMod"],"gold_per_floor":[116,135,155,230,243,277,277,292,317,317,141,171,171,171],"floor_reached":13,"playtime":512,"items_purged":["hermit:Defend_Hermit"],"score":85,"play_id":"91bcfbf2-b3e9-4100-8374-b187a2f99142","local_time":"20201221190020","is_ascension_mode":false,"campfire_choices":[{"data":"hermit:CursedWeapon","floor":7.0,"key":"SMITH"}],"circlet_count":0,"master_deck":["hermit:Strike_Hermit","hermit:Strike_Hermit","hermit:Strike_Hermit","hermit:Strike_Hermit","hermit:Defend_Hermit","hermit:Defend_Hermit","hermit:Defend_Hermit","hermit:Snapshot","hermit:Covet","AT_FamilyPortrait","hermit:Deadeye","hermit:Brawl","hermit:FlashPowder","hermit:Dive","hermit:CursedWeapon+1","hermit:Showdown","Injury","ReplayTheSpireMod:IOU"],"relics":["hermit:Momento","AT_ATBox","REME_ComplimentaryCards","NeowsBlessing","Bottled Lightning","Orichalcum","Golden Idol","Replay:Wax Seal","Peace Pipe"],"acts_visited":["Exordium"],"potions_floor_usage":[13],"damage_taken":[{"damage":0.0,"enemies":"Cultist","floor":1.0,"turns":1.0},{"damage":0.0,"enemies":"Small Slimes","floor":2.0,"turns":1.0},{"damage":0.0,"enemies":"2 Louse","floor":3.0,"turns":1.0},{"damage":0.0,"enemies":"Large Slime","floor":5.0,"turns":5.0},{"damage":8.0,"enemies":"3 Sentries","floor":6.0,"turns":4.0},{"damage":5.0,"enemies":"Looter","floor":8.0,"turns":4.0},{"damage":56,"enemies":"Lagavulin","floor":13,"turns":6}],"seed_played":"4583020183593805485","potions_obtained":[{"floor":1.0,"key":"SmokeBomb"},{"floor":3.0,"key":"DuplicationPotion"},{"floor":8.0,"key":"PowerPotion"}],"is_trial":false,"path_per_floor":["M","M","M","?","M","E","R","M","T","?","$","?","E"],"character_chosen":"HERMIT","items_purchased":["Replay:Wax Seal","Peace Pipe"],"campfire_rested":0,"item_purchase_floors":[11,11],"current_hp_per_floor":[75,75,75,64,64,56,56,51,51,51,51,51,0,0],"gold":171,"neow_bonus":"THREE_ENEMY_KILL","is_daily":false,"chose_seed":false,"campfire_upgraded":1,"win_rate":0.0,"timestamp":1608548420,"path_taken":["M","M","?","?","M","E","R","M","T","?","$","?","E"],"items_purchased_type":["Relic","Relic"],"build_version":"2020-12-13","purchased_purges":1,"victory":false,"max_hp_per_floor":[75,75,75,75,75,75,75,75,75,75,75,75,75,75],"card_choices":[{"not_picked":["hermit:ShadowCloak","hermit:Vantage"],"picked":"hermit:Deadeye","floor":1.0},{"not_picked":["hermit:Misfire","hermit:Roulette"],"picked":"hermit:Brawl","floor":2.0},{"not_picked":["hermit:LowProfile","hermit:Manifest"],"picked":"hermit:FlashPowder","floor":3.0},{"not_picked":["hermit:Glare","hermit:Roulette"],"picked":"hermit:Dive","floor":5.0},{"not_picked":["hermit:DeadOrAlive","hermit:Misfire"],"picked":"hermit:CursedWeapon","floor":6.0},{"not_picked":["hermit:Quickdraw","hermit:Vantage"],"picked":"hermit:Showdown","floor":8.0}],"player_experience":668319,"relics_obtained":[{"floor":6.0,"key":"Bottled Lightning"},{"floor":9.0,"key":"Orichalcum"}],"event_choices":[{"damage_healed":0.0,"max_hp_gain":0.0,"max_hp_loss":0.0,"gold_gain":75.0,"event_name":"World of Goop","player_choice":"Gather Gold","floor":4.0,"gold_loss":0.0,"damage_taken":11.0},{"damage_healed":0.0,"max_hp_gain":0.0,"max_hp_loss":0.0,"gold_gain":0.0,"event_name":"Golden Idol","player_choice":"Take Wound","floor":10.0,"gold_loss":0.0,"damage_taken":0.0,"relics_obtained":["Golden Idol"],"cards_obtained":["Injury"]},{"damage_healed":0.0,"max_hp_gain":0.0,"max_hp_loss":0.0,"gold_gain":30.0,"event_name":"Dead Adventurer","player_choice":"Searched \u00272\u0027 times","floor":12.0,"gold_loss":0.0,"damage_taken":0.0}],"is_beta":false,"boss_relics":[],"items_purged_floors":[11],"is_endless":false,"potions_floor_spawned":[1,3,8],"killed_by":"Lagavulin","ascension_level":0}}