{"host":"wshh0nphwn6jv7vj","time":1608592312,"event":{"mods":["BaseMod","Bestiary","Minty Spire (QoL Compilation)"],"gold_per_floor":[110,110,134,134,150,150,191,191,191,229,245,245,245,279,279,372,372,390,406,426,441,366,366,407,407,432,471,471,46,71,95,95,193,193,211,224,224,224,237,273,273,294,294,309,309,324,324,362,362,362],"floor_reached":51,"playtime":8288,"items_purged":["Defend_P"],"score":1299,"play_id":"1308be05-0d23-40d3-8161-cfe69c9d08aa","local_time":"20201221181152","is_ascension_mode":true,"campfire_choices":[{"floor":6,"key":"REST"},{"data":"TalkToTheHand","floor":8,"key":"SMITH"},{"floor":12,"key":"REST"},{"data":"ForeignInfluence","floor":15,"key":"SMITH"},{"floor":23,"key":"REST"},{"floor":25,"key":"REST"},{"data":"Wallop","floor":28,"key":"SMITH"},{"floor":32,"key":"REST"},{"data":"Ragnarok","floor":41,"key":"SMITH"},{"floor":45,"key":"REST"},{"data":"Study","floor":47,"key":"SMITH"},{"floor":49,"key":"REST"}],"circlet_count":0,"master_deck":["AscendersBane","Vigilance","Consecrate","Tantrum","ForeignInfluence+1","TalkToTheHand+1","FlyingSleeves","ReachHeaven","Swivel","DeusExMachina","BowlingBash","ThirdEye+1","ForeignInfluence+1","Halt","Wallop+1","Wireheading+1","Halt","Finesse","Study+1","Indignation+1","EmptyMind","Ragnarok+1","Evaluate","Meditate","ReachHeaven+1","ClearTheMind","ThirdEye+1","WheelKick+1","Halt","Evaluate+1","TalkToTheHand+1"],"relics":["SlaversCollar","Golden Idol","Prayer Wheel","Letter Opener","Vajra","InkBottle","Empty Cage","Omamori","Toy Ornithopter","Pear","Akabeko","Pandora\u0027s Box","Lantern","Darkstone Periapt","Frozen Egg 2"],"acts_visited":["Exordium","TheCity","TheBeyond"],"potions_floor_usage":[14,16,20,24,33,42,50,50],"damage_taken":[{"damage":6,"enemies":"2 Louse","floor":1,"turns":4},{"damage":0,"enemies":"Small Slimes","floor":3,"turns":4},{"damage":0,"enemies":"Cultist","floor":5,"turns":2},{"damage":5,"enemies":"3 Sentries","floor":7,"turns":4},{"damage":21,"enemies":"Gremlin Nob","floor":10,"turns":3},{"damage":0,"enemies":"2 Fungi Beasts","floor":11,"turns":3},{"damage":15,"enemies":"Lagavulin","floor":14,"turns":3},{"damage":18,"enemies":"Hexaghost","floor":16,"turns":8},{"damage":1,"enemies":"Shell Parasite","floor":18,"turns":4},{"damage":0,"enemies":"Chosen","floor":19,"turns":3},{"damage":12,"enemies":"Centurion and Healer","floor":20,"turns":3},{"damage":27,"enemies":"Sentry and Sphere","floor":21,"turns":4},{"damage":10,"enemies":"Slavers","floor":24,"turns":3},{"damage":22,"enemies":"Book of Stabbing","floor":27,"turns":4},{"damage":0,"enemies":"Chosen and Byrds","floor":30,"turns":3},{"damage":6,"enemies":"Snake Plant","floor":31,"turns":2},{"damage":21,"enemies":"Champ","floor":33,"turns":6},{"damage":5,"enemies":"Orb Walker","floor":35,"turns":2},{"damage":0,"enemies":"3 Darklings","floor":36,"turns":3},{"damage":13,"enemies":"4 Shapes","floor":39,"turns":2},{"damage":0,"enemies":"Reptomancer","floor":40,"turns":2},{"damage":23,"enemies":"Jaw Worm Horde","floor":42,"turns":3},{"damage":0,"enemies":"Sphere and 2 Shapes","floor":44,"turns":4},{"damage":0,"enemies":"Transient","floor":46,"turns":5},{"damage":6,"enemies":"Giant Head","floor":48,"turns":7},{"damage":76,"enemies":"Awakened One","floor":50,"turns":10}],"seed_played":"-6358909902413370176","potions_obtained":[{"floor":10,"key":"Ambrosia"},{"floor":11,"key":"Weak Potion"},{"floor":16,"key":"Dexterity Potion"},{"floor":18,"key":"ColorlessPotion"},{"floor":24,"key":"SteroidPotion"},{"floor":33,"key":"SkillPotion"},{"floor":42,"key":"Energy Potion"},{"floor":44,"key":"DistilledChaos"}],"is_trial":false,"path_per_floor":["M","?","M","?","M","R","E","R","T","E","M","R","?","E","R","B",null,"M","M","M","M","?","R","E","R","T","E","R","$","M","M","R","B",null,"M","M","?","$","M","E","R","M","T","M","R","M","R","E","R","B",null],"character_chosen":"WATCHER","items_purchased":["Halt","Finesse","Study","Akabeko"],"campfire_rested":7,"item_purchase_floors":[29,29,29,29],"current_hp_per_floor":[55,32,32,32,32,52,47,47,47,26,26,46,46,31,31,13,54,53,53,41,14,14,34,24,44,44,32,32,32,32,26,49,33,67,62,62,62,62,49,49,49,31,31,31,54,54,54,48,71,5],"gold":362,"neow_bonus":"BOSS_RELIC","is_daily":false,"chose_seed":false,"campfire_upgraded":5,"win_rate":0.0,"timestamp":1608592312,"path_taken":["M","?","M","?","?","R","E","R","T","E","M","R","?","E","R","BOSS","M","M","M","?","?","R","E","R","T","E","R","$","M","M","R","BOSS","M","M","?","$","M","E","R","M","T","M","R","?","R","E","R","BOSS"],"items_purchased_type":["Card","Card","Card","Relic"],"build_version":"2020-12-13","purchased_purges":1,"victory":true,"max_hp_per_floor":[68,68,68,68,68,68,68,68,68,68,68,68,68,68,68,68,68,68,68,68,68,68,68,68,68,68,78,78,78,78,78,78,78,78,78,78,78,78,78,78,78,78,78,78,78,78,78,78,78,78],"card_choices":[{"not_picked":["PathToVictory","Protect"],"picked":"Consecrate","floor":1},{"not_picked":["InnerPeace","BowlingBash"],"picked":"Tantrum","floor":3},{"not_picked":["Swivel","PathToVictory"],"picked":"ForeignInfluence","floor":5},{"not_picked":["EmptyBody","FlurryOfBlows"],"picked":"TalkToTheHand","floor":7},{"not_picked":["Crescendo","ReachHeaven","SignatureMove"],"picked":"SKIP","floor":10},{"not_picked":["ClearTheMind","CrushJoints"],"picked":"FlyingSleeves","floor":11},{"not_picked":["PathToVictory","Worship","ThirdEye"],"picked":"SKIP","floor":11},{"not_picked":["Study","Weave"],"picked":"Swivel","floor":14},{"not_picked":["Establishment","Alpha"],"picked":"DeusExMachina","floor":16},{"not_picked":["ThirdEye","SashWhip+1"],"picked":"BowlingBash","floor":18},{"not_picked":["Pray","JustLucky","CrushJoints"],"picked":"SKIP","floor":18},{"not_picked":["WindmillStrike","ReachHeaven"],"picked":"ThirdEye+1","floor":19},{"not_picked":["WreathOfFlame","EmptyMind+1","Protect+1"],"picked":"SKIP","floor":19},{"not_picked":["CrushJoints+1","MentalFortress"],"picked":"ForeignInfluence+1","floor":20},{"not_picked":["Halt","Wallop","Evaluate"],"picked":"SKIP","floor":20},{"not_picked":["FlyingSleeves","Evaluate"],"picked":"Halt","floor":21},{"not_picked":["PathToVictory","FollowUp"],"picked":"Wallop","floor":21},{"not_picked":["Vengeance","PathToVictory"],"picked":"Wireheading+1","floor":24},{"not_picked":["Brilliance","MentalFortress","Collect"],"picked":"SKIP","floor":27},{"not_picked":["Halt","Fasting2"],"picked":"Indignation+1","floor":30},{"not_picked":["FollowUp","FlyingSleeves","ThirdEye"],"picked":"SKIP","floor":30},{"not_picked":["Perseverance","FlurryOfBlows"],"picked":"EmptyMind","floor":31},{"not_picked":["CarveReality","Crescendo","CrushJoints"],"picked":"SKIP","floor":31},{"not_picked":["DevaForm","Wish"],"picked":"Ragnarok","floor":33},{"not_picked":["BowlingBash","Fasting2","Weave"],"picked":"SKIP","floor":35},{"not_picked":["SashWhip","Pray+1","Consecrate"],"picked":"SKIP","floor":35},{"not_picked":["BowlingBash","Fasting2","Weave"],"picked":"SKIP","floor":35},{"not_picked":["SashWhip","Pray+1","Consecrate"],"picked":"SKIP","floor":35},{"not_picked":["Consecrate","Perseverance","EmptyBody+1"],"picked":"SKIP","floor":36},{"not_picked":["Weave","Protect","WaveOfTheHand"],"picked":"SKIP","floor":36},{"not_picked":["EmptyFist","FlurryOfBlows+1"],"picked":"ReachHeaven+1","floor":39},{"not_picked":["Wireheading","FollowUp","JustLucky"],"picked":"SKIP","floor":39},{"not_picked":["Consecrate+1","SpiritShield"],"picked":"ClearTheMind","floor":40},{"not_picked":["PathToVictory","ReachHeaven+1"],"picked":"ThirdEye+1","floor":42},{"not_picked":["FollowUp","Study","WreathOfFlame"],"picked":"SKIP","floor":42},{"not_picked":["Pray","FlyingSleeves+1"],"picked":"WheelKick+1","floor":44},{"not_picked":["Prostrate+1","Protect"],"picked":"Halt","floor":44},{"not_picked":["Tantrum","WindmillStrike"],"picked":"Evaluate+1","floor":46},{"not_picked":["EmptyBody","Swivel","Protect"],"picked":"SKIP","floor":46},{"not_picked":["Judgement","Sanctity"],"picked":"TalkToTheHand+1","floor":48}],"player_experience":1466137,"relics_obtained":[{"floor":7,"key":"Prayer Wheel"},{"floor":9,"key":"Letter Opener"},{"floor":10,"key":"Vajra"},{"floor":14,"key":"InkBottle"},{"floor":24,"key":"Omamori"},{"floor":26,"key":"Toy Ornithopter"},{"floor":27,"key":"Pear"},{"floor":40,"key":"Lantern"},{"floor":43,"key":"Darkstone Periapt"},{"floor":48,"key":"Frozen Egg 2"}],"event_choices":[{"damage_healed":0,"gold_gain":0,"player_choice":"Take Damage","damage_taken":23,"relics_obtained":["Golden Idol"],"max_hp_gain":0,"max_hp_loss":0,"event_name":"Golden Idol","floor":2,"gold_loss":0},{"cards_removed":["Strike_P"],"damage_healed":0,"gold_gain":0,"player_choice":"Purged","damage_taken":0,"max_hp_gain":0,"max_hp_loss":0,"event_name":"Purifier","floor":4,"gold_loss":0},{"damage_healed":0,"gold_gain":0,"cards_transformed":["Strike_P"],"player_choice":"Transformed","damage_taken":0,"max_hp_gain":0,"max_hp_loss":0,"event_name":"Transmorgrifier","floor":13,"gold_loss":0,"cards_obtained":["ReachHeaven"]},{"cards_removed":["Strike_P"],"damage_healed":0,"gold_gain":0,"player_choice":"Gave Gold","damage_taken":0,"max_hp_gain":0,"max_hp_loss":0,"event_name":"Beggar","floor":22,"gold_loss":75},{"cards_removed":["Eruption"],"damage_healed":0,"gold_gain":0,"player_choice":"Offered Basic","damage_taken":0,"max_hp_gain":0,"max_hp_loss":0,"event_name":"Bonfire Elementals","floor":37,"gold_loss":0}],"is_beta":false,"boss_relics":[{"not_picked":["Calling Bell","Sozu"],"picked":"Empty Cage"},{"not_picked":["Cursed Key","Runic Dome"],"picked":"Pandora\u0027s Box"}],"items_purged_floors":[29],"is_endless":false,"potions_floor_spawned":[10,11,16,18,24,33,42,44,46,48],"ascension_level":15}}