{"host":"3jjxuhjpio8e4zkv","time":1608516784,"event":{"mods":["BaseMod","Colored Map","Minty Spire (QoL Compilation)","Permanent Neow","Relic Stats","Slay the Relics Exporter","StSLib"],"gold_per_floor":[111,124,124,137,157,186,186,200,200,200,225,30,59,76,76,150,150,160,4,4,4,23,23,43,69,69,69,83,112,112,123,123,195,195,210,210,229,247,97,122,139,171,171,201,201,214,214,11,11,11,11,11,11,11,43,43,43],"floor_reached":56,"playtime":4327,"items_purged":["Strike_B","Strike_B","Defend_B"],"score":2294,"play_id":"57c1eb66-a996-403b-9780-ac531d1fa799","local_time":"20201220211304","is_ascension_mode":true,"campfire_choices":[{"data":"Consume","floor":7.0,"key":"SMITH"},{"floor":15.0,"key":"REST"},{"data":"Doom and Gloom","floor":23.0,"key":"SMITH"},{"data":"Reinforced Body","floor":27.0,"key":"SMITH"},{"floor":32.0,"key":"REST"},{"data":"Strike_B","floor":45.0,"key":"PURGE"},{"floor":47.0,"key":"RECALL"},{"floor":49.0,"key":"REST"},{"data":"Defend_B","floor":53.0,"key":"PURGE"}],"circlet_count":0,"master_deck":["AscendersBane","Defend_B","Defend_B","Zap+1","Dualcast","Consume+1","Ball Lightning","Chill","Reinforced Body+1","Glacier","Lockon","Doom and Gloom+1","Multi-Cast","Turbo","Capacitor+1","Capacitor+1","White Noise+1","Go for the Eyes+1","Glacier","Sunder+1","Cold Snap+1","Glacier"],"relics":["Cracked Core","Frozen Egg 2","Anchor","Bag of Preparation","Singing Bowl","Runic Pyramid","Pear","Molten Egg 2","Regal Pillow","Velvet Choker","Peace Pipe","Bag of Marbles","Pocketwatch","Symbiotic Virus"],"acts_visited":["Exordium","TheCity","TheBeyond","TheEnding"],"potions_floor_usage":[56],"damage_taken":[{"damage":2.0,"enemies":"Jaw Worm","floor":1.0,"turns":3.0},{"damage":1.0,"enemies":"Cultist","floor":2.0,"turns":4.0},{"damage":0.0,"enemies":"Small Slimes","floor":4.0,"turns":2.0},{"damage":1.0,"enemies":"Exordium Wildlife","floor":5.0,"turns":3.0},{"damage":21.0,"enemies":"Lagavulin","floor":6.0,"turns":5.0},{"damage":0.0,"enemies":"Blue Slaver","floor":8.0,"turns":2.0},{"damage":23.0,"enemies":"Gremlin Nob","floor":11.0,"turns":4.0},{"damage":0.0,"enemies":"3 Sentries","floor":13.0,"turns":14.0},{"damage":0.0,"enemies":"Large Slime","floor":14.0,"turns":6.0},{"damage":0.0,"enemies":"The Guardian","floor":16.0,"turns":9.0},{"damage":0.0,"enemies":"Chosen","floor":18.0,"turns":5.0},{"damage":0.0,"enemies":"Spheric Guardian","floor":22.0,"turns":4.0},{"damage":6.0,"enemies":"Snake Plant","floor":24.0,"turns":7.0},{"damage":17.0,"enemies":"Gremlin Leader","floor":25.0,"turns":8.0},{"damage":9.0,"enemies":"3 Cultists","floor":28.0,"turns":5.0},{"damage":39.0,"enemies":"Book of Stabbing","floor":29.0,"turns":6.0},{"damage":2.0,"enemies":"Cultist and Chosen","floor":31.0,"turns":5.0},{"damage":11.0,"enemies":"Champ","floor":33.0,"turns":8.0},{"damage":12.0,"enemies":"3 Shapes","floor":35.0,"turns":5.0},{"damage":4.0,"enemies":"Orb Walker","floor":37.0,"turns":3.0},{"damage":0.0,"enemies":"Sphere and 2 Shapes","floor":38.0,"turns":7.0},{"damage":0.0,"enemies":"Nemesis","floor":40.0,"turns":7.0},{"damage":0.0,"enemies":"Maw","floor":41.0,"turns":8.0},{"damage":0.0,"enemies":"Giant Head","floor":42.0,"turns":12.0},{"damage":23.0,"enemies":"Reptomancer","floor":44.0,"turns":7.0},{"damage":22.0,"enemies":"Transient","floor":46.0,"turns":6.0},{"damage":28.0,"enemies":"Awakened One","floor":50.0,"turns":23.0},{"damage":11.0,"enemies":"Donu and Deca","floor":51.0,"turns":14.0},{"damage":50.0,"enemies":"Shield and Spear","floor":55.0,"turns":11.0},{"damage":54,"enemies":"The Heart","floor":56,"turns":12}],"seed_played":"8177522570285163636","potions_obtained":[{"floor":1.0,"key":"Block Potion"},{"floor":2.0,"key":"AttackPotion"},{"floor":8.0,"key":"EntropicBrew"},{"floor":11.0,"key":"Fire Potion"},{"floor":16.0,"key":"SkillPotion"},{"floor":25.0,"key":"SpeedPotion"},{"floor":29.0,"key":"GamblersBrew"},{"floor":35.0,"key":"Explosive Potion"},{"floor":38.0,"key":"FocusPotion"},{"floor":44.0,"key":"FearPotion"}],"is_trial":false,"path_per_floor":["M","M","?","M","M","E","R","M","T","?","E","$","E","M","R","B",null,"M","$","?","?","M","R","M","E","T","R","M","E","?","M","R","B",null,"M","?","M","M","$","E","M","E","T","E","R","M","R","$","R","B","B",null,"R","$","E","B"],"character_chosen":"DEFECT","items_purchased":["Glacier","Lockon","Explosive Potion","EssenceOfDarkness","Sunder+1","LiquidBronze"],"campfire_rested":3,"item_purchase_floors":[12,12,19,39,39,48],"current_hp_per_floor":[62,61,61,61,60,39,39,39,39,29,6,6,8,8,29,29,62,62,62,62,62,62,62,56,51,51,51,42,5,5,3,44,35,76,66,101,99,99,99,101,103,105,105,82,82,62,62,62,110,82,71,101,101,101,51,0,0],"gold":43,"neow_bonus":"UPGRADE_CARD","is_daily":false,"chose_seed":false,"campfire_upgraded":3,"win_rate":0.0,"timestamp":1608516784,"path_taken":["M","M","?","?","M","E","R","M","T","?","E","?","E","M","R","BOSS","M","$","?","?","M","R","?","E","T","R","M","E","?","M","R","BOSS","M","?","M","M","$","E","M","E","T","E","R","M","R","?","R","BOSS","BOSS","R","$","E","BOSS"],"items_purchased_type":["Card","Card","Potion","Potion","Card","Potion"],"build_version":"2020-12-13","purchased_purges":3,"victory":false,"max_hp_per_floor":[71,71,71,71,71,71,71,71,71,71,71,71,73,73,73,73,73,73,73,73,73,73,73,73,85,85,85,85,87,87,87,87,89,89,91,101,103,103,103,105,107,109,109,109,109,111,111,111,111,111,111,111,111,111,111,111,111],"relic_stats":{"Peace Pipe":3,"Regal Pillow":30,"Singing Bowl":20,"counters":[30,215],"Bag of Preparation":[46],"obtain_stats":[{"Regal Pillow":29,"Pear":25,"Singing Bowl":13,"Velvet Choker":34,"Bag of Preparation":11,"Frozen Egg 2":6,"Peace Pipe":40,"Anchor":9,"Molten Egg 2":26,"Bag of Marbles":42,"Cracked Core":0,"Symbiotic Virus":55,"Runic Pyramid":17,"Pocketwatch":44},{"Regal Pillow":16,"Pear":14,"Singing Bowl":8,"Velvet Choker":18,"Bag of Preparation":7,"Frozen Egg 2":5,"Peace Pipe":22,"Anchor":6,"Molten Egg 2":14,"Bag of Marbles":24,"Cracked Core":0,"Symbiotic Virus":29,"Runic Pyramid":10,"Pocketwatch":25},{"Regal Pillow":87,"Pear":76,"Singing Bowl":37,"Velvet Choker":100,"Bag of Preparation":23,"Frozen Egg 2":17,"Peace Pipe":122,"Anchor":19,"Molten Egg 2":76,"Bag of Marbles":142,"Cracked Core":0,"Symbiotic Virus":203,"Runic Pyramid":52,"Pocketwatch":149}],"Pocketwatch":[12]},"card_choices":[{"not_picked":["FTL","Sweeping Beam"],"picked":"Consume","floor":1.0},{"not_picked":["Sunder","Steam"],"picked":"Ball Lightning","floor":2.0},{"not_picked":["Chaos","Go for the Eyes"],"picked":"Chill","floor":4.0},{"not_picked":["Beam Cell","Chaos","Double Energy"],"picked":"SKIP","floor":5.0},{"not_picked":["Beam Cell","Chaos","Double Energy"],"picked":"SKIP","floor":5.0},{"not_picked":["Auto Shields","Gash"],"picked":"Reinforced Body","floor":6.0},{"not_picked":["Streamline","Storm+1","Redo"],"picked":"SKIP","floor":8.0},{"not_picked":["Hologram","Gash"],"picked":"All For One","floor":11.0},{"not_picked":["Chaos","Chill","White Noise"],"picked":"Singing Bowl","floor":13.0},{"not_picked":["Stack","Streamline"],"picked":"Doom and Gloom","floor":14.0},{"not_picked":["Amplify","Hyperbeam"],"picked":"Multi-Cast","floor":16.0},{"not_picked":["Barrage","Aggregate"],"picked":"Turbo","floor":18.0},{"not_picked":["Beam Cell","Consume"],"picked":"Capacitor+1","floor":22.0},{"not_picked":["Coolheaded","Gash"],"picked":"Capacitor+1","floor":24.0},{"not_picked":["Compile Driver","Gash","Chaos"],"picked":"Singing Bowl","floor":25.0},{"not_picked":["Beam Cell+1","Reinforced Body"],"picked":"White Noise+1","floor":28.0},{"not_picked":["Skim","Amplify","Stack"],"picked":"Singing Bowl","floor":29.0},{"not_picked":["Sweeping Beam+1","Conserve Battery"],"picked":"Go for the Eyes+1","floor":31.0},{"not_picked":["Multi-Cast","Hyperbeam+1","Machine Learning+1"],"picked":"Singing Bowl","floor":33.0},{"not_picked":["Rebound+1","Leap","Hologram"],"picked":"Singing Bowl","floor":35.0},{"not_picked":["Hologram","Turbo","Leap+1"],"picked":"Singing Bowl","floor":37.0},{"not_picked":["Barrage+1","Multi-Cast"],"picked":"Glacier","floor":38.0},{"not_picked":["Darkness","Conserve Battery","Streamline+1"],"picked":"Singing Bowl","floor":40.0},{"not_picked":["Lockon+1","Rebound+1","Hologram"],"picked":"Singing Bowl","floor":41.0},{"not_picked":["Heatsinks+1","Compile Driver+1","Capacitor+1"],"picked":"Singing Bowl","floor":42.0},{"not_picked":["Meteor Strike+1","Beam Cell+1"],"picked":"Cold Snap+1","floor":44.0},{"not_picked":["Recycle","Redo","Rebound+1"],"picked":"Singing Bowl","floor":46.0},{"not_picked":["Conserve Battery+1","Double Energy"],"picked":"Glacier","floor":55.0}],"player_experience":1068910,"relics_obtained":[{"floor":6.0,"key":"Frozen Egg 2"},{"floor":9.0,"key":"Anchor"},{"floor":11.0,"key":"Bag of Preparation"},{"floor":13.0,"key":"Singing Bowl"},{"floor":25.0,"key":"Pear"},{"floor":26.0,"key":"Molten Egg 2"},{"floor":29.0,"key":"Regal Pillow"},{"floor":40.0,"key":"Peace Pipe"},{"floor":42.0,"key":"Bag of Marbles"},{"floor":44.0,"key":"Pocketwatch"},{"floor":55.0,"key":"Symbiotic Virus"}],"event_choices":[{"cards_removed":["Strike_B"],"damage_healed":0.0,"max_hp_gain":0.0,"max_hp_loss":0.0,"gold_gain":0.0,"event_name":"Purifier","player_choice":"Purged","floor":3.0,"gold_loss":0.0,"damage_taken":0.0},{"damage_healed":0.0,"max_hp_gain":0.0,"max_hp_loss":0.0,"gold_gain":0.0,"event_name":"Wheel of Change","player_choice":"Damaged","floor":10.0,"gold_loss":0.0,"damage_taken":10.0},{"damage_healed":0.0,"max_hp_gain":0.0,"max_hp_loss":0.0,"gold_gain":0.0,"event_name":"The Mausoleum","player_choice":"Ignored","floor":20.0,"gold_loss":0.0,"damage_taken":0.0},{"damage_healed":0.0,"max_hp_gain":0.0,"max_hp_loss":0.0,"gold_gain":0.0,"event_name":"Ghosts","player_choice":"Ignored","floor":21.0,"gold_loss":0.0,"damage_taken":0.0},{"damage_healed":0.0,"max_hp_gain":0.0,"max_hp_loss":0.0,"gold_gain":0.0,"event_name":"Cursed Tome","player_choice":"Ignored","floor":30.0,"gold_loss":0.0,"damage_taken":0.0},{"cards_removed":["All For One"],"damage_healed":25.0,"max_hp_gain":10.0,"max_hp_loss":0.0,"gold_gain":0.0,"event_name":"Bonfire Elementals","player_choice":"Offered Rare","floor":36.0,"gold_loss":0.0,"damage_taken":0.0}],"is_beta":false,"boss_relics":[{"not_picked":["Black Star","Astrolabe"],"picked":"Runic Pyramid"},{"not_picked":["Snecko Eye","Tiny House"],"picked":"Velvet Choker"}],"items_purged_floors":[12,19,48],"is_endless":false,"potions_floor_spawned":[1,2,8,11,16,24,25,29,35,38,42,44],"killed_by":"The Heart","ascension_level":20}}