{"host":"do5be0rrwzdbe7ng","time":1608538029,"event":{"mods":["AchievementEnabler","BaseMod","Colored Map","Colored Powertips","Custom Start","DeckTracker","Keyboard Shortcuts","Minty Spire (QoL Compilation)","Quick Restart","StSLib","SuperFastMode","everything is the same but u backflip on backflip"],"gold_per_floor":[18,38,113,38,50,50,60,60,83,115,75,75,16,51,51,127,127,127],"floor_reached":17,"playtime":383,"items_purged":[],"score":326,"play_id":"b773e37b-0725-4e9a-b8d3-1121fba681da","local_time":"20201221170709","is_ascension_mode":true,"campfire_choices":[{"data":"Zap","floor":6.0,"key":"SMITH"},{"data":"Defragment","floor":8.0,"key":"SMITH"},{"data":"Dualcast","floor":12,"key":"SMITH"},{"floor":15,"key":"REST"}],"circlet_count":0,"master_deck":["AscendersBane","Zap+1","Dualcast+1","Sweeping Beam","Blizzard","Defragment+1","BootSequence","Reinforced Body","Cold Snap","Echo Form","Hyperbeam","Hologram","Capacitor","Conserve Battery","Auto Shields","Steam Power","Auto Shields"],"relics":["Cracked Core","Anchor","Blood Vial","White Beast Statue","Pandora\u0027s Box"],"acts_visited":["Exordium","TheCity"],"potions_floor_usage":[10,16,16],"damage_taken":[{"damage":2.0,"enemies":"2 Louse","floor":1.0,"turns":2.0},{"damage":5.0,"enemies":"Small Slimes","floor":2.0,"turns":3.0},{"damage":8.0,"enemies":"Cultist","floor":5.0,"turns":5.0},{"damage":3.0,"enemies":"Blue Slaver","floor":7.0,"turns":3.0},{"damage":25,"enemies":"3 Sentries","floor":10,"turns":8},{"damage":12,"enemies":"Lagavulin","floor":14,"turns":8},{"damage":33,"enemies":"Hexaghost","floor":16,"turns":8}],"seed_played":"-5623535750247198745","potions_obtained":[{"floor":1.0,"key":"SkillPotion"},{"floor":5.0,"key":"Swift Potion"},{"floor":11,"key":"Block Potion"},{"floor":11,"key":"EssenceOfDarkness"},{"floor":16,"key":"Explosive Potion"}],"is_trial":false,"path_per_floor":["M","M","?","?","M","R","M","R","T","E","?","R","$","E","R","B",null],"character_chosen":"DEFECT","items_purchased":["Cold Snap"],"campfire_rested":1,"item_purchase_floors":[13],"current_hp_per_floor":[76,71,60,60,52,52,49,49,49,24,24,24,24,14,39,8,66,66],"gold":127,"neow_bonus":"TWENTY_PERCENT_HP_BONUS","is_daily":false,"chose_seed":false,"campfire_upgraded":3,"win_rate":0.0,"timestamp":1608538029,"path_taken":["M","M","?","?","M","R","M","R","T","E","?","R","$","E","R","BOSS"],"items_purchased_type":["Card"],"build_version":"2020-12-13","purchased_purges":0,"victory":false,"max_hp_per_floor":[85,85,85,85,85,85,85,85,85,85,85,85,85,85,85,85,85,85],"card_choices":[{"not_picked":["Heatsinks","Glacier"],"picked":"Sweeping Beam","floor":1.0},{"not_picked":["Barrage","Sweeping Beam"],"picked":"Blizzard","floor":2.0},{"not_picked":["Self Repair","Gash"],"picked":"Defragment","floor":5.0},{"not_picked":["Streamline","Stack"],"picked":"BootSequence","floor":7.0},{"not_picked":["Double Energy","Storm"],"picked":"Reinforced Body","floor":10},{"not_picked":["Cold Snap","Steam","Redo"],"picked":"SKIP","floor":14},{"not_picked":["Seek","Buffer"],"picked":"Echo Form","floor":16}],"player_experience":352751,"relics_obtained":[{"floor":9.0,"key":"Anchor"},{"floor":10,"key":"Blood Vial"},{"floor":14,"key":"White Beast Statue"}],"event_choices":[{"damage_healed":0.0,"max_hp_gain":0.0,"max_hp_loss":0.0,"gold_gain":75.0,"event_name":"World of Goop","player_choice":"Gather Gold","floor":3.0,"gold_loss":0.0,"damage_taken":11.0},{"cards_removed":["Strike_B"],"damage_healed":0.0,"max_hp_gain":0.0,"max_hp_loss":0.0,"gold_gain":0.0,"event_name":"The Cleric","player_choice":"Card Removal","floor":4.0,"gold_loss":75.0,"damage_taken":0.0},{"damage_healed":0,"gold_gain":0,"player_choice":"Bought 3 Potions","damage_taken":0,"max_hp_gain":0,"max_hp_loss":0,"event_name":"The Woman in Blue","floor":11,"gold_loss":0}],"is_beta":false,"boss_relics":[{"not_picked":["Empty Cage","Ectoplasm"],"picked":"Pandora\u0027s Box"}],"items_purged_floors":[],"is_endless":false,"potions_floor_spawned":[1,5,16],"ascension_level":20}}