{"host":"h1ba9qculgt1zycs","time":1608538481,"event":{"mods":["BaseMod","Downfall","Hermit","Minty Spire (QoL Compilation)","StSLib"],"gold_per_floor":[99,99,99,99,99,115,168,180,211,257,719,731,757,784,813,922,934,946,958,984,996,1008,1008,1008],"floor_reached":22,"playtime":1353,"items_purged":[],"score":182,"play_id":"8fd02e77-9a3c-4d10-9b03-9b4742116875","local_time":"20201221091441","is_ascension_mode":false,"campfire_choices":[{"data":"champ:Taunt","floor":1,"key":"SMITH"},{"data":"champ:EnGarde","floor":8,"key":"SMITH"},{"data":"champ:Devastate","floor":18,"key":"SMITH"}],"circlet_count":0,"master_deck":["champ:Strike","champ:Strike","champ:Strike","champ:Strike","champ:Defend","champ:Defend","champ:Defend","champ:Defend","champ:Execute","champ:Taunt+1","champ:BringItOn","champ:EnGarde+1","champ:Circumvent","champ:FocusedDefense+1","Slimebound:Icky","Slimebound:Icky","Slimebound:Icky","champ:ShieldThrow","champ:Lariat","champ:BringItOn","champ:Devastate+1","RitualDagger","champ:Lariat","Writhe"],"relics":["champ:ChampionCrown","downfall:HeartsMalice","MawBank","Akabeko","champ:ChampionCrownUpgraded","Oddly Smooth Stone"],"acts_visited":["Exordium","TheCity"],"potions_floor_usage":[],"damage_taken":[{"damage":0,"enemies":"Small Slimes","floor":3,"turns":1},{"damage":0,"enemies":"Cultist","floor":4,"turns":1},{"damage":0,"enemies":"Jaw Worm","floor":5,"turns":1},{"damage":5,"enemies":"3 Louse","floor":6,"turns":4},{"damage":7,"enemies":"Exordium Wildlife","floor":9,"turns":3},{"damage":21,"enemies":"3 Sentries","floor":10,"turns":10},{"damage":13,"enemies":"Red Slaver","floor":13,"turns":3},{"damage":26,"enemies":"3 Louse","floor":14,"turns":5},{"damage":0,"enemies":"Exordium Thugs","floor":15,"turns":2},{"damage":53,"enemies":"downfall:Watcher","floor":16,"turns":12},{"damage":56,"enemies":"Shell Parasite","floor":20,"turns":8}],"seed_played":"7896412324835573993","potions_obtained":[{"floor":2,"key":"FairyPotion"},{"floor":2,"key":"DistilledChaos"},{"floor":2,"key":"hexamod:EctoCoolerPotion"},{"floor":14,"key":"champ:UltimateStancePotion"}],"is_trial":false,"path_per_floor":["R","?","M","M","M","M","T","R","M","E","?","?","M","M","M","B",null,"R","?","M","?","R"],"character_chosen":"THE_CHAMP","items_purchased":[],"campfire_rested":0,"item_purchase_floors":[],"current_hp_per_floor":[90,90,90,90,90,90,90,90,83,72,72,72,64,43,43,22,90,90,84,36,36,36,36,36],"gold":1008,"neow_bonus":"THREE_ENEMY_KILL","is_daily":false,"chose_seed":false,"campfire_upgraded":3,"win_rate":0.0,"timestamp":1608538481,"path_taken":["R","?","M","M","?","M","T","R","M","E","?","?","?","M","M","BOSS","R","?","M","?","R"],"items_purchased_type":[],"build_version":"2020-12-13","purchased_purges":0,"victory":false,"max_hp_per_floor":[90,90,90,90,90,90,90,90,90,90,90,90,90,90,90,90,90,90,90,90,90,90,90,90],"card_choices":[{"not_picked":["champ:RapidStrikes","champ:Shatter"],"picked":"champ:BringItOn","floor":3},{"not_picked":["champ:Duel","champ:FlashCut","champ:BerserkersShout"],"picked":"SKIP","floor":4},{"not_picked":["champ:EndlessRage","champ:DeathBlow"],"picked":"champ:EnGarde","floor":5},{"not_picked":["champ:Haymaker","champ:StanceDance"],"picked":"champ:Circumvent","floor":6},{"not_picked":["champ:FocusedGladiator","champ:GladiatorsShout","champ:GladiatorStyle"],"picked":"SKIP","floor":9},{"not_picked":["champ:Haymaker","champ:Encircle"],"picked":"champ:FocusedDefense","floor":10},{"not_picked":["champ:ShieldWall","champ:Backstep"],"picked":"champ:ShieldThrow","floor":13},{"not_picked":["champ:HeartStrike","champ:RisingSlash"],"picked":"champ:Lariat","floor":14},{"not_picked":["champ:Circumvent","champ:FlashCut"],"picked":"champ:BringItOn","floor":15},{"not_picked":["champ:SteelEdge","champ:DancingMaster"],"picked":"champ:Devastate","floor":16},{"not_picked":["champ:BerserkersShout","champ:FanOfKnives"],"picked":"champ:Lariat","floor":20}],"player_experience":260649,"relics_obtained":[{"floor":7,"key":"MawBank"},{"floor":10,"key":"Akabeko"}],"event_choices":[{"damage_healed":0,"gold_gain":0,"player_choice":"Got Potions","damage_taken":0,"max_hp_gain":0,"max_hp_loss":0,"event_name":"Lab","floor":2,"gold_loss":0},{"damage_healed":0,"gold_gain":0,"player_choice":"Upgraded","damage_taken":0,"max_hp_gain":0,"max_hp_loss":0,"event_name":"Upgrade Shrine","floor":12,"gold_loss":0,"cards_upgraded":["champ:FocusedDefense"]}],"is_beta":false,"boss_relics":[{"not_picked":["Ectoplasm","Fusion Hammer"],"picked":"champ:ChampionCrownUpgraded"}],"items_purged_floors":[],"is_endless":false,"potions_floor_spawned":[6,10,14,15],"ascension_level":0}}