{"host":"6azrrw3tf7wb0f4b","time":1608560377,"event":{"mods":["BaseMod","DeckTracker","Minty Spire (QoL Compilation)","SuperFastMode"],"gold_per_floor":[111,131,131,53,63,63,92,102,153,34,34,34,34,58,58,184,184,202,225,225,225],"floor_reached":20,"playtime":324,"items_purged":["Strike_B"],"score":244,"play_id":"66c934a8-62ba-4ca3-904d-c81d48ce2e62","local_time":"20201221231937","is_ascension_mode":true,"campfire_choices":[{"data":"Defragment","floor":6.0,"key":"SMITH"},{"floor":12.0,"key":"REST"},{"data":"Defragment","floor":15.0,"key":"SMITH"}],"circlet_count":0,"master_deck":["Strike_B","Strike_B","Strike_B","Defend_B","Defend_B","Defend_B","Zap","Dualcast","Hyperbeam","Ball Lightning","Leap","Aggregate","Defragment+1","Ball Lightning","Defragment+1","Ball Lightning","Thunder Strike","Double Energy+1","Defragment"],"relics":["Cracked Core","Letter Opener","Smiling Mask","Golden Idol","Vajra","Cursed Key"],"acts_visited":["Exordium","TheCity"],"potions_floor_usage":[16,16,18,20],"damage_taken":[{"damage":10.0,"enemies":"2 Louse","floor":1.0,"turns":2.0},{"damage":0.0,"enemies":"Cultist","floor":2.0,"turns":2.0},{"damage":3.0,"enemies":"Jaw Worm","floor":5.0,"turns":3.0},{"damage":16.0,"enemies":"3 Sentries","floor":7.0,"turns":5.0},{"damage":18.0,"enemies":"Large Slime","floor":8.0,"turns":4.0},{"damage":8.0,"enemies":"Blue Slaver","floor":14.0,"turns":3.0},{"damage":31,"enemies":"The Guardian","floor":16,"turns":6},{"damage":19,"enemies":"2 Thieves","floor":18,"turns":3},{"damage":0,"enemies":"Chosen","floor":19,"turns":3},{"damage":36,"enemies":"Snake Plant","floor":20,"turns":3}],"seed_played":"7446241105984686167","potions_obtained":[{"floor":2.0,"key":"Dexterity Potion"},{"floor":5.0,"key":"Regen Potion"},{"floor":7.0,"key":"DuplicationPotion"},{"floor":14.0,"key":"CultistPotion"},{"floor":19,"key":"FocusPotion"}],"is_trial":false,"path_per_floor":["M","M","?","$","M","R","E","M","T","$","?","R","?","M","R","B",null,"M","M","M"],"character_chosen":"DEFECT","items_purchased":["Defragment","Defragment"],"campfire_rested":1,"item_purchase_floors":[4,10],"current_hp_per_floor":[58,58,58,58,55,55,51,33,33,33,33,53,50,42,42,11,55,36,36,0,0],"gold":225,"neow_bonus":"ONE_RANDOM_RARE_CARD","is_daily":false,"chose_seed":false,"campfire_upgraded":2,"win_rate":0.0,"timestamp":1608560377,"path_taken":["M","M","?","?","M","R","E","?","T","$","?","R","?","M","R","BOSS","M","M","M"],"items_purchased_type":["Card","Card"],"build_version":"2020-12-13","purchased_purges":1,"victory":false,"max_hp_per_floor":[75,75,75,75,75,75,75,75,75,75,69,69,69,69,69,69,69,69,69,69,69],"card_choices":[{"not_picked":["Static Discharge","Rip and Tear"],"picked":"Ball Lightning","floor":1.0},{"not_picked":["Capacitor","Rip and Tear"],"picked":"Leap","floor":2.0},{"not_picked":["Chill","Redo"],"picked":"Ball Lightning","floor":5.0},{"not_picked":["Stack","Rebound","Steam Power"],"picked":"SKIP","floor":7.0},{"not_picked":["Steam","Rip and Tear","Double Energy"],"picked":"SKIP","floor":8.0},{"not_picked":["Leap","Barrage"],"picked":"Ball Lightning","floor":14.0},{"not_picked":["Machine Learning","Creative AI"],"picked":"Thunder Strike","floor":16},{"not_picked":["Redo","Conserve Battery"],"picked":"Double Energy+1","floor":18},{"not_picked":["Leap","Streamline+1"],"picked":"Defragment","floor":19}],"player_experience":640980,"relics_obtained":[{"floor":7.0,"key":"Letter Opener"},{"floor":9.0,"key":"Smiling Mask"}],"event_choices":[{"damage_healed":0.0,"max_hp_gain":0.0,"max_hp_loss":0.0,"gold_gain":0.0,"cards_transformed":["Defend_B"],"event_name":"Transmorgrifier","player_choice":"Transformed","floor":3.0,"gold_loss":0.0,"damage_taken":0.0,"cards_obtained":["Aggregate"]},{"damage_healed":0.0,"max_hp_gain":0.0,"max_hp_loss":6.0,"gold_gain":0.0,"event_name":"Golden Idol","player_choice":"Lose Max HP","floor":11.0,"gold_loss":0.0,"damage_taken":0.0,"relics_obtained":["Golden Idol"]},{"damage_healed":0.0,"max_hp_gain":0.0,"max_hp_loss":0.0,"gold_gain":0.0,"event_name":"Scrap Ooze","player_choice":"Success","floor":13.0,"gold_loss":0.0,"damage_taken":3.0,"relics_obtained":["Vajra"]}],"is_beta":false,"boss_relics":[{"not_picked":["Nuclear Battery","Velvet Choker"],"picked":"Cursed Key"}],"items_purged_floors":[10],"is_endless":false,"potions_floor_spawned":[2,5,7,14,19],"killed_by":"Snake Plant","ascension_level":8}}