{"host":"c5ucz4hafm6sui6t","time":1608538155,"event":{"mods":["Act Like it!","BaseMod","Downfall","Friendly Minions","Gensokyo","Hallownest","Hermit","Hubris","Minty Spire (QoL Compilation)","Reimu£¨²©ÀöÁéÃÎ£©","Replay The Spire","RumiaBox-Â¶Ã×æ«µÄÉñÃØºÐ×Ó","Shop Mod","StSLib","The Servant 0.9.4","[IsaacMod]ÒÔÈö¼âËþ","¡¾¹¦ÄÜMod¡¿»ìãçÖ®»·ÐÞ¸´²¹¶¡"],"gold_per_floor":[115,215,230,241,241,241,267,267,339,62,81,92,125,300,300,398,398,413,203,217,217,317,342,393,407,433,444,456,449,449,444,444,541,658,673,673,720,720,720,720,720],"floor_reached":40,"playtime":2263,"items_purged":["Poisoned Stab","Doubt","Strike_G","Strike_G"],"score":602,"play_id":"4644e29b-f68b-4a69-9d4e-ddd12089972c","local_time":"20201221160915","is_ascension_mode":true,"campfire_choices":[{"floor":6,"key":"RECALL"},{"data":"Endless Agony","floor":8,"key":"SMITH"},{"data":"Apotheosis","floor":15,"key":"SMITH"},{"data":"Wraith Form v2","floor":30,"key":"SMITH"},{"data":"Acrobatics","floor":32,"key":"SMITH"}],"circlet_count":0,"master_deck":["Strike_G","Strike_G","Strike_G","Defend_G","Defend_G","Defend_G","Defend_G","Defend_G","Survivor","Neutralize","DoctorFetus+1","Footwork","Endless Agony+1","Hidden Blade","Apotheosis+1","ReplayTheSpireMod:Scrap Shanks","Heel Hook","Backstab","Sucker Punch","Blade Dance","After Image","Blade Dance","expansioncontent:CaCaw","Finisher","Fluid Movement+1","Dodge and Roll","Footwork","Dagger Throw","Acrobatics+1","hubris:Sloth","Quick Slash+1","Wraith Form v2+1","Cloak And Dagger","Dagger Throw","Dagger Throw+1","A Thousand Cuts","Tactician","Accuracy"],"relics":["Ring of the Snake","HushsDoor","SteamSale","NeowsBlessing","TungstenRod","TheBible","Ornamental Fan","MerchantsRug","HowToJump","NeowsBlessing","Cursed Key","RuthlessExorcism:ReiMu","Replay:WaspNest","ReplayFunnel","Tiny Chest","Baka2","Blood Vial","Replay:Wanted Poster","GuppysHead","hubris:FruitBowl","Bottled Tornado","Durian","Replay:Wax Seal","GuppysPaw"],"acts_visited":["Exordium","TheCity","TheBeyond"],"potions_floor_usage":[13,13,16,19,28,33,33,37],"damage_taken":[{"damage":0.0,"enemies":"Small Slimes","floor":1.0,"turns":1.0},{"damage":0.0,"enemies":"Cultist","floor":3.0,"turns":1.0},{"damage":0.0,"enemies":"2 Louse","floor":4.0,"turns":1.0},{"damage":5,"enemies":"Lagavulin","floor":7,"turns":5},{"damage":0,"enemies":"Exordium Thugs","floor":11,"turns":4},{"damage":0,"enemies":"3 Louse","floor":12,"turns":2},{"damage":2,"enemies":"Gremlin Nob","floor":13,"turns":4},{"damage":17,"enemies":"Fading Forest","floor":16,"turns":11},{"damage":0,"enemies":"Shell Parasite","floor":18,"turns":1},{"damage":0,"enemies":"2 Thieves","floor":20,"turns":1},{"damage":0,"enemies":"Replay:Snechameleon","floor":23,"turns":1},{"damage":0,"enemies":"Slavers","floor":25,"turns":2},{"damage":1,"enemies":"Replay:Snechameleon","floor":27,"turns":6},{"damage":0,"enemies":"Centurion and Healer","floor":28,"turns":4},{"damage":0,"enemies":"Snecko","floor":29,"turns":3},{"damage":8,"enemies":"Snake Plant","floor":31,"turns":5},{"damage":60,"enemies":"hubris:MusketHawk","floor":33,"turns":7},{"damage":0,"enemies":"3 Shapes","floor":35,"turns":2},{"damage":39,"enemies":"2 Orb Walkers","floor":37,"turns":4},{"damage":18,"enemies":"3 Darklings","floor":40,"turns":3}],"seed_played":"-4128083558403069298","potions_obtained":[{"floor":1.0,"key":"hexamod:EctoCoolerPotion"},{"floor":7,"key":"Energy Potion"},{"floor":16,"key":"Strength Potion"},{"floor":18,"key":"Swift Potion"},{"floor":29,"key":"LiquidBronze"},{"floor":35,"key":"LiquidMemories"}],"is_trial":false,"path_per_floor":["M","?","M","M","?","R","E","R","T","$","M","M","E","?","R","B",null,"M","$","M","?","?","E","?","E","T","E","M","M","R","M","R","B",null,"M","$","?","PTL","PTL","M"],"character_chosen":"THE_SILENT","items_purchased":["Apotheosis","ReplayTheSpireMod:Scrap Shanks","MerchantsRug","Heel Hook","AttackPotion","expansioncontent:CaCaw","Fruit Juice","Finisher","PowerPotion","GuppysHead","hubris:FruitBowl","Bottled Tornado","Durian","Replay:Wax Seal"],"campfire_rested":0,"item_purchase_floors":[10,10,10,10,10,19,19,19,19,34,36,36,36,36],"current_hp_per_floor":[70,70,70,56,56,56,51,51,51,51,51,51,49,49,49,32,78,78,83,83,83,83,83,83,83,83,82,83,83,83,75,75,17,68,68,10,13,13,13,0,0],"gold":720,"neow_bonus":"THREE_ENEMY_KILL","is_daily":false,"chose_seed":false,"campfire_upgraded":4,"win_rate":0.0,"timestamp":1608538155,"path_taken":["M","?","M","?","?","R","E","R","T","$","M","M","E","?","R","BOSS","M","$","M","?","?","E","?","E","T","E","?","M","R","M","R","BOSS","M","?","?","PTL","PTL","M"],"items_purchased_type":["Card","Card","Relic","Card","Potion","Card","Potion","Card","Potion","Relic","Relic","Relic","Relic","Relic"],"build_version":"2020-12-13","purchased_purges":4,"victory":false,"max_hp_per_floor":[70,70,70,78,78,78,78,78,78,78,78,78,78,78,78,78,78,78,83,83,83,83,83,83,83,83,83,83,83,83,83,83,83,68,68,75,47,47,47,50,50],"card_choices":[{"not_picked":[],"picked":"DoctorFetus","floor":0.0},{"not_picked":["Finisher","hubris:Counter"],"picked":"Footwork","floor":1.0},{"not_picked":["Predator","Deadly Poison"],"picked":"Endless Agony","floor":3.0},{"not_picked":["Reflex","Setup"],"picked":"Poisoned Stab","floor":4.0},{"not_picked":["ReplayTheSpireMod:Tripwire","Corpse Explosion"],"picked":"Hidden Blade","floor":7},{"not_picked":["Terror","PiercingWail"],"picked":"Backstab","floor":11},{"not_picked":["Underhanded Strike","Eviscerate"],"picked":"Sucker Punch","floor":12},{"not_picked":["Hidden Blade","ReplayTheSpireMod:Shiv Toss"],"picked":"Blade Dance","floor":13},{"not_picked":["Night Terror","Corpse Explosion"],"picked":"After Image","floor":16},{"not_picked":["ReplayTheSpireMod:The Works","Prepared"],"picked":"Blade Dance","floor":18},{"not_picked":["Noxious Fumes+1","Choke","Dagger Spray"],"picked":"SKIP","floor":20},{"not_picked":["Bane+1","Backstab"],"picked":"Fluid Movement+1","floor":22},{"not_picked":["Choke","Underhanded Strike+1"],"picked":"Dodge and Roll","floor":23},{"not_picked":["Leg Sweep","Burst"],"picked":"Footwork","floor":24},{"not_picked":["Outmaneuver","Quick Slash+1"],"picked":"Dagger Throw","floor":24},{"not_picked":["Dagger Spray","Expertise"],"picked":"Acrobatics","floor":25},{"not_picked":["hubris:TrickCloak","Flying Knee"],"picked":"Quick Slash+1","floor":27},{"not_picked":["Slice","Dagger Spray"],"picked":"Wraith Form v2","floor":28},{"not_picked":["Outmaneuver","Dagger Spray+1"],"picked":"Cloak And Dagger","floor":29},{"not_picked":["hubris:SlightOfHand","Masterful Stab"],"picked":"Dagger Throw","floor":31},{"not_picked":["After Image","ReplayTheSpireMod:From All Sides"],"picked":"A Thousand Cuts","floor":33},{"not_picked":["Eviscerate+1","Poisoned Stab+1"],"picked":"Tactician","floor":35},{"not_picked":["Backflip+1","Hidden Blade+1"],"picked":"Accuracy","floor":37}],"player_experience":75689,"relics_obtained":[{"floor":1.0,"key":"Baka"},{"floor":3.0,"key":"TungstenRod"},{"floor":7,"key":"TheBible"},{"floor":9,"key":"Ornamental Fan"},{"floor":13,"key":"HowToJump"},{"floor":16,"key":"NeowsBlessing"},{"floor":23,"key":"RuthlessExorcism:ReiMu"},{"floor":24,"key":"Replay:WaspNest"},{"floor":25,"key":"ReplayFunnel"},{"floor":26,"key":"Tiny Chest"},{"floor":27,"key":"Baka2"},{"floor":27,"key":"Blood Vial"},{"floor":37,"key":"GuppysPaw"}],"event_choices":[{"damage_healed":0,"gold_gain":0,"player_choice":"Grow","damage_taken":0,"max_hp_gain":0,"max_hp_loss":0,"event_name":"Living Wall","floor":5,"gold_loss":0,"cards_upgraded":["DoctorFetus"]},{"damage_healed":0,"gold_gain":175,"player_choice":"AGREE","damage_taken":0,"max_hp_gain":0,"max_hp_loss":0,"event_name":"Liars Game","floor":14,"gold_loss":0,"cards_obtained":["Doubt"]},{"damage_healed":0,"gold_gain":0,"player_choice":"Fight","damage_taken":0,"max_hp_gain":0,"max_hp_loss":0,"event_name":"Mysterious Sphere","floor":37,"gold_loss":0}],"is_beta":false,"boss_relics":[{"not_picked":["Painkiller Herb","Coffee Dripper"],"picked":"Cursed Key"},{"not_picked":[]},{"not_picked":["AddBug","hubris:CrackedHourglass"],"picked":"Replay:Wanted Poster"},{"not_picked":[]}],"items_purged_floors":[10,19,34,36],"is_endless":false,"potions_floor_spawned":[1,7,12,16,18,23,25,29,31,35],"killed_by":"3 Darklings","ascension_level":1}}