{"host":"mqhvlr3kpxebko0t","time":1608519083,"event":{"mods":["AchievementEnabler","BaseMod","Colored Map","Colored Powertips","Keyboard Shortcuts","Minty Spire (QoL Compilation)","StSLib","SuperFastMode"],"gold_per_floor":[115,115,36,55,205,236,255,255,255,272,47,63,82,82,82,159,159,114,114],"floor_reached":18,"playtime":223,"items_purged":["Doubt"],"score":327,"play_id":"13d78517-3fb0-4862-a252-3a5d07898a8a","local_time":"20201221115123","is_ascension_mode":true,"campfire_choices":[{"data":"Defragment","floor":8,"key":"SMITH"},{"data":"Zap","floor":15,"key":"SMITH"}],"circlet_count":0,"master_deck":["AscendersBane","Strike_B","Strike_B","Strike_B","Strike_B","Defend_B","Defend_B","Defend_B","Defend_B","Zap+1","Dualcast","Sweeping Beam","Defragment+1","Cold Snap","Loop","Chill","Capacitor","Redo","Electrodynamics","Core Surge"],"relics":["Cracked Core","NeowsBlessing","InkBottle","Symbiotic Virus","SlaversCollar"],"acts_visited":["Exordium","TheCity"],"potions_floor_usage":[12,12,16],"damage_taken":[{"damage":0,"enemies":"2 Louse","floor":1,"turns":1},{"damage":0,"enemies":"Jaw Worm","floor":4,"turns":1},{"damage":0,"enemies":"3 Sentries","floor":6,"turns":1},{"damage":5,"enemies":"Cultist","floor":7,"turns":4},{"damage":24,"enemies":"3 Louse","floor":10,"turns":4},{"damage":6,"enemies":"Exordium Thugs","floor":12,"turns":3},{"damage":2,"enemies":"Exordium Wildlife","floor":13,"turns":2},{"damage":26,"enemies":"Slime Boss","floor":16,"turns":8},{"damage":22,"enemies":"2 Thieves","floor":18,"turns":2}],"seed_played":"524556228177959092","potions_obtained":[{"floor":4,"key":"Fire Potion"},{"floor":6,"key":"Explosive Potion"},{"floor":13,"key":"DistilledChaos"},{"floor":16,"key":"Weak Potion"}],"is_trial":false,"path_per_floor":["M","?","$","M","?","E","M","R","T","M","$","M","M","$","R","B",null,"M"],"character_chosen":"DEFECT","items_purchased":["Defragment","Chill","Capacitor"],"campfire_rested":0,"item_purchase_floors":[3,11,11],"current_hp_per_floor":[64,69,69,69,69,69,64,64,64,40,40,34,32,32,32,6,59,37,37],"gold":114,"neow_bonus":"THREE_ENEMY_KILL","is_daily":false,"chose_seed":false,"campfire_upgraded":2,"win_rate":0.0,"timestamp":1608519083,"path_taken":["M","?","$","M","?","E","M","R","T","M","?","M","M","$","R","BOSS","M"],"items_purchased_type":["Card","Card","Card"],"build_version":"2020-12-13","purchased_purges":1,"victory":false,"max_hp_per_floor":[71,76,76,76,76,76,76,76,76,76,76,76,76,76,76,76,76,76,76],"card_choices":[{"not_picked":["Compile Driver","Stack"],"picked":"Sweeping Beam","floor":1},{"not_picked":["Rebound","Beam Cell"],"picked":"Cold Snap","floor":4},{"not_picked":["Scrape","Barrage"],"picked":"Loop","floor":6},{"not_picked":["Steam Power","Storm","Stack"],"picked":"SKIP","floor":7},{"not_picked":["Streamline","Rebound","Genetic Algorithm"],"picked":"SKIP","floor":10},{"not_picked":["Conserve Battery","Genetic Algorithm"],"picked":"Redo","floor":12},{"not_picked":["Ball Lightning","Stack"],"picked":"Electrodynamics","floor":13},{"not_picked":["Creative AI","Electrodynamics"],"picked":"Core Surge","floor":16}],"player_experience":666424,"relics_obtained":[{"floor":6,"key":"InkBottle"},{"floor":9,"key":"Symbiotic Virus"}],"event_choices":[{"damage_healed":0,"gold_gain":0,"player_choice":"Donut","damage_taken":0,"max_hp_gain":5,"max_hp_loss":0,"event_name":"Big Fish","floor":2,"gold_loss":0},{"damage_healed":0,"gold_gain":150,"player_choice":"AGREE","damage_taken":0,"max_hp_gain":0,"max_hp_loss":0,"event_name":"Liars Game","floor":5,"gold_loss":0,"cards_obtained":["Doubt"]}],"is_beta":false,"boss_relics":[{"not_picked":["Philosopher\u0027s Stone","Velvet Choker"],"picked":"SlaversCollar"}],"items_purged_floors":[11],"is_endless":false,"potions_floor_spawned":[4,6,13,16],"killed_by":"2 Thieves","ascension_level":15}}