{"host":"pf9sh7nh6rpu9sau","time":1608574193,"event":{"mods":["2.2 Compatiblity","BaseMod","BetterRewards","Downfall","Hermit","Hubris","Mad Scientist","Minty Spire (QoL Compilation)","Permanent Neow","Quick Restart","Replay The Spire","Somnambulant","StSLib","The Clintock","The Cursed","The Disciple","The Hierophant","The Necromancer","The Runesmith","The Servant 0.9.4","TheVacant"],"gold_per_floor":[199,210,235,235,235,255,279,307,307,341,361,361,377,394,407,507,507,432,62,79,79,79,79],"floor_reached":21,"playtime":3860,"items_purged":["hexamod:Strike"],"score":199,"play_id":"8478f179-a523-4364-a289-88c65442ce0e","local_time":"20201221130953","is_ascension_mode":false,"campfire_choices":[{"data":"hexamod:Float","floor":1,"key":"SMITH"},{"data":"hexamod:RainOfEmbers","floor":4,"key":"SMITH"},{"floor":9,"key":"REST"},{"data":"hexamod:UnlimitedPower","floor":18,"key":"SMITH"}],"circlet_count":0,"master_deck":["hexamod:Strike","hexamod:Strike","hexamod:Strike","hexamod:Defend","hexamod:Defend","hexamod:Defend","hexamod:Defend","hexamod:Sear","hexamod:Float+1","hexamod:RainOfEmbers+1","hexamod:CatchUp","hexamod:FirstSeal","hexamod:GhostOfSpirePresent+1","hexamod:UnlimitedPower+1","hexamod:SpectralSpark","hexamod:ShieldOfDarkness","hexamod:GhostOfSpirePresent","hexamod:Firestarter","hexamod:SpectralSpark","hexamod:VolcanoVisage","hexamod:ExtraCrispy","hexamod:Incineration","hexamod:HauntingEcho"],"relics":["hexamod:SpiritBrand","Question Card","hubris:TenFootPole","Replay:Mystery Machine","Strawberry","Sozu","downfall:HeartBlessingGreen","hexamod:InflammatoryLetter"],"acts_visited":["Exordium","TheCity"],"potions_floor_usage":[8,13,16,16],"damage_taken":[{"damage":0,"enemies":"2 Louse","floor":2,"turns":3},{"damage":30,"enemies":"Lagavulin","floor":3,"turns":6},{"damage":0,"enemies":"Small Slimes","floor":6,"turns":3},{"damage":18,"enemies":"3 Sentries","floor":8,"turns":6},{"damage":32,"enemies":"Lagavulin","floor":10,"turns":9},{"damage":5,"enemies":"Jaw Worm","floor":11,"turns":3},{"damage":15,"enemies":"Lots of Slimes","floor":13,"turns":5},{"damage":3,"enemies":"Exordium Wildlife","floor":14,"turns":5},{"damage":1,"enemies":"Blue Slaver","floor":15,"turns":3},{"damage":26,"enemies":"downfall:Ironclad","floor":16,"turns":9},{"damage":0,"enemies":"downfall:FleeingMerchant","floor":19,"turns":4},{"damage":0,"enemies":"Shell Parasite","floor":20,"turns":3},{"damage":81,"enemies":"Gremlin Leader","floor":21,"turns":6}],"seed_played":"349119753147071119","potions_obtained":[{"floor":6,"key":"SkillPotion"},{"floor":10,"key":"SteroidPotion"},{"floor":13,"key":"Block Potion"},{"floor":15,"key":"SkillPotion"}],"is_trial":false,"path_per_floor":["R","M","E","R","?","M","T","E","R","E","M","?","M","M","M","B",null,"R","$","M","E"],"character_chosen":"THE_SPIRIT","items_purchased":["hexamod:InflammatoryLetter","hexamod:Incineration"],"campfire_rested":1,"item_purchase_floors":[19,19],"current_hp_per_floor":[70,70,40,40,33,40,40,29,50,32,34,34,26,30,36,17,77,77,77,77,0,0,0],"gold":79,"neow_bonus":"HUNDRED_GOLD","is_daily":false,"chose_seed":false,"campfire_upgraded":3,"win_rate":0.0,"timestamp":1608574193,"path_taken":["R","M","E","R","?","M","T","E","R","E","M","?","M","M","M","BOSS","R","$","M","E"],"items_purchased_type":["Relic","Card"],"build_version":"2020-12-13","purchased_purges":1,"victory":false,"max_hp_per_floor":[70,70,70,70,70,70,70,70,70,77,77,77,77,77,77,77,77,77,77,77,77,77,77],"card_choices":[{"not_picked":["hexamod:FlamesFromBeyond","hexamod:SkipABeat"],"picked":"hexamod:RainOfEmbers","floor":2},{"not_picked":["hexamod:ThermalTransfer","hexamod:SpectersWail"],"picked":"hexamod:CatchUp","floor":3},{"not_picked":["hexamod:AdvancingGuard","hexamod:InspiringFlames","hexamod:NightmareGuise"],"picked":"hexamod:GhostOfSpirePresent","floor":6},{"not_picked":["hexamod:SwordOfDarkness","hexamod:SecondSeal","hexamod:FourthSeal"],"picked":"hexamod:UnlimitedPower","floor":8},{"not_picked":["hexamod:GhostOfSpireFuture","hexamod:GhostLash","hexamod:ExtraCrispy"],"picked":"hexamod:SpectralSpark","floor":10},{"not_picked":["hexamod:FourthSeal","hexamod:Hexaguard","hexamod:GhostLash"],"picked":"hexamod:ShieldOfDarkness","floor":11},{"not_picked":["hexamod:FastForward","hexamod:Hexaguard","hexamod:ThermalTransfer"],"picked":"hexamod:GhostOfSpirePresent","floor":13},{"not_picked":["hexamod:ShieldOfDarkness","hexamod:PhantomFireball","hexamod:GhostShield"],"picked":"hexamod:Firestarter","floor":14},{"not_picked":["hexamod:Hexaguard","hexamod:BurningTouch","hexamod:NightmareGuise"],"picked":"hexamod:SpectralSpark","floor":15},{"not_picked":["hexamod:TimeOfNeed","hexamod:UnleashSpirits","hexamod:GhostflameInferno"],"picked":"hexamod:VolcanoVisage","floor":16},{"not_picked":["hexamod:HauntingEcho","hexamod:RetreatToShadows+1","hexamod:RecurringNightmare"],"picked":"hexamod:ExtraCrispy","floor":19},{"not_picked":["hexamod:InspiringFlames+1","hexamod:FastForward","hexamod:Firestarter"],"picked":"hexamod:HauntingEcho","floor":20}],"player_experience":697200,"relics_obtained":[{"floor":3,"key":"Question Card"},{"floor":7,"key":"hubris:TenFootPole"},{"floor":8,"key":"Replay:Mystery Machine"},{"floor":10,"key":"Strawberry"}],"event_choices":[],"is_beta":false,"boss_relics":[{"not_picked":["ReplayTheSpireMod:DimensionalGlitch","hubris:BlackHole"],"picked":"Sozu"}],"items_purged_floors":[19],"is_endless":false,"potions_floor_spawned":[6,10,13,15,20],"killed_by":"Gremlin Leader","ascension_level":0}}