{"host":"x1qj4d8ympd5jdqh","time":1608556804,"event":{"mods":["AchievementEnabler","AlwaysNeverKeys","BaseMod","Colored Map","Custom Start","DeckTracker","Highlight Path","Minty Spire (QoL Compilation)","StSLib","SuperFastMode"],"gold_per_floor":[111,111,127,52,52,86,86,124,149,189,207,226,250,53,53,151,151,175,199,29,52,12,12,37,37,37,87,112,127,127,127,127,204,204,218,234,234,234,234,264,264,282,309,319,333,333,70,98,98,98,98],"floor_reached":52,"playtime":2223,"items_purged":["Strike_R","Strike_R","Bash"],"score":2214,"play_id":"6ae9a5be-0c18-4481-b406-3eeb5f3d9371","local_time":"20201221222004","is_ascension_mode":true,"campfire_choices":[{"data":"True Grit","floor":15.0,"key":"SMITH"},{"data":"Second Wind","floor":23.0,"key":"SMITH"},{"data":"Havoc","floor":25.0,"key":"SMITH"},{"data":"Evolve","floor":32.0,"key":"SMITH"},{"data":"Offering","floor":41.0,"key":"SMITH"},{"data":"Offering","floor":46.0,"key":"SMITH"},{"data":"Demon Form","floor":49.0,"key":"SMITH"}],"circlet_count":0,"master_deck":["AscendersBane","Defend_R","Defend_R","Defend_R","Defend_R","Sword Boomerang+1","Demon Form+1","Infernal Blade","Seeing Red","Second Wind+1","Shrug It Off","True Grit+1","Offering+1","Evolve+1","Offering+1","Sentinel","Seeing Red","Sentinel","Havoc+1","Disarm+1","Reaper","Combust+1","Impervious+1","Dual Wield+1","Ghostly Armor+1","Body Slam+1","Power Through+1","Second Wind+1"],"relics":["Burning Blood","NeowsBlessing","Bloody Idol","Bronze Scales","Dead Branch","Strawberry","Whetstone","Coffee Dripper","Mummified Hand","Astrolabe","Toxic Egg 2","Champion Belt"],"acts_visited":["Exordium","TheCity","TheBeyond"],"potions_floor_usage":[],"damage_taken":[{"damage":0.0,"enemies":"Small Slimes","floor":1.0,"turns":1.0},{"damage":0.0,"enemies":"Jaw Worm","floor":3.0,"turns":1.0},{"damage":0.0,"enemies":"3 Sentries","floor":6.0,"turns":1.0},{"damage":10.0,"enemies":"Lagavulin","floor":8.0,"turns":5.0},{"damage":17.0,"enemies":"3 Sentries","floor":10.0,"turns":6.0},{"damage":6.0,"enemies":"Cultist","floor":11.0,"turns":1.0},{"damage":12.0,"enemies":"Blue Slaver","floor":12.0,"turns":5.0},{"damage":12.0,"enemies":"Looter","floor":13.0,"turns":3.0},{"damage":35.0,"enemies":"The Guardian","floor":16.0,"turns":11.0},{"damage":17.0,"enemies":"Shell Parasite","floor":18.0,"turns":3.0},{"damage":18.0,"enemies":"3 Byrds","floor":19.0,"turns":2.0},{"damage":27.0,"enemies":"Shelled Parasite and Fungi","floor":21.0,"turns":2.0},{"damage":6.0,"enemies":"Centurion and Healer","floor":24.0,"turns":5.0},{"damage":17.0,"enemies":"3 Cultists","floor":28.0,"turns":4.0},{"damage":12.0,"enemies":"Snake Plant","floor":29.0,"turns":3.0},{"damage":6.0,"enemies":"Collector","floor":33.0,"turns":7.0},{"damage":12.0,"enemies":"3 Shapes","floor":35.0,"turns":5.0},{"damage":14.0,"enemies":"3 Darklings","floor":36.0,"turns":4.0},{"damage":21.0,"enemies":"Nemesis","floor":40.0,"turns":3.0},{"damage":16.0,"enemies":"Sphere and 2 Shapes","floor":42.0,"turns":4.0},{"damage":37.0,"enemies":"Transient","floor":44.0,"turns":6.0},{"damage":37.0,"enemies":"Spire Growth","floor":45.0,"turns":4.0},{"damage":27.0,"enemies":"Reptomancer","floor":48.0,"turns":3.0},{"damage":40.0,"enemies":"Donu and Deca","floor":50.0,"turns":11.0},{"damage":21,"enemies":"Awakened One","floor":51,"turns":14}],"seed_played":"6964756780228571900","potions_obtained":[{"floor":3.0,"key":"Energy Potion"},{"floor":6.0,"key":"DuplicationPotion"},{"floor":10.0,"key":"BlessingOfTheForge"},{"floor":11.0,"key":"LiquidBronze"},{"floor":21.0,"key":"PowerPotion"},{"floor":36.0,"key":"PowerPotion"},{"floor":40.0,"key":"SpeedPotion"}],"is_trial":false,"path_per_floor":["M","?","M","$","?","E","$","E","T","E","M","M","M","$","R","B",null,"M","M","$","M","$","R","M","R","T","?","M","M","?","?","R","B",null,"M","M","?","?","?","E","R","M","T","M","M","R","$","E","R","B","B",null],"character_chosen":"IRONCLAD","items_purchased":["Reckless Charge","True Grit","Offering","Sentinel","Sentinel","Second Wind+1","BloodPotion"],"campfire_rested":0,"item_purchase_floors":[14,14,20,20,22,47,47],"current_hp_per_floor":[74,79,80,80,52,58,58,54,61,50,50,44,38,38,38,9,68,57,45,45,24,24,24,24,24,24,24,13,7,7,7,7,12,68,87,87,87,87,83,83,83,78,83,57,43,43,43,52,52,26,31],"gold":98,"neow_bonus":"THREE_ENEMY_KILL","is_daily":false,"chose_seed":false,"campfire_upgraded":7,"win_rate":0.0,"timestamp":1608556804,"path_taken":["M","?","M","$","?","E","?","E","T","E","?","?","M","$","R","BOSS","M","M","$","M","$","R","M","R","T","?","M","M","?","?","R","BOSS","M","M","?","?","?","E","R","M","T","M","M","R","$","E","R","BOSS","BOSS"],"items_purchased_type":["Card","Card","Card","Card","Card","Card","Potion"],"build_version":"2020-12-13","purchased_purges":3,"victory":true,"max_hp_per_floor":[75,80,80,80,80,80,80,80,87,87,87,87,87,87,87,87,87,87,87,87,87,87,87,87,87,87,87,87,87,87,87,87,87,87,87,87,87,87,83,83,83,83,83,83,83,83,83,83,83,83,83],"card_choices":[{"not_picked":["Heavy Blade","Whirlwind"],"picked":"Sword Boomerang","floor":1.0},{"not_picked":["Perfected Strike","Dual Wield","Flex"],"picked":"SKIP","floor":3.0},{"not_picked":["Clothesline","Flex"],"picked":"Demon Form","floor":6.0},{"not_picked":["Twin Strike","True Grit"],"picked":"Infernal Blade","floor":8.0},{"not_picked":["Iron Wave","Entrench"],"picked":"Seeing Red","floor":10.0},{"not_picked":["Infernal Blade","Burning Pact"],"picked":"Second Wind","floor":11.0},{"not_picked":["Uppercut","Havoc","Fire Breathing"],"picked":"SKIP","floor":12.0},{"not_picked":["Warcry","Thunderclap"],"picked":"Shrug It Off","floor":13.0},{"not_picked":["Immolate","Brutality"],"picked":"Offering","floor":16.0},{"not_picked":["Perfected Strike","Clothesline","Anger"],"picked":"SKIP","floor":18.0},{"not_picked":["Heavy Blade","Anger"],"picked":"Evolve","floor":19.0},{"not_picked":["Clothesline","Flex+1"],"picked":"Seeing Red","floor":21.0},{"not_picked":["Pommel Strike","Searing Blow"],"picked":"Havoc","floor":24.0},{"not_picked":["Flex","Cleave","Pommel Strike"],"picked":"SKIP","floor":28.0},{"not_picked":["Flex","Intimidate"],"picked":"Disarm+1","floor":29.0},{"not_picked":["Exhume","Barricade"],"picked":"Reaper","floor":33.0},{"not_picked":["Iron Wave","Armaments","Sword Boomerang+1"],"picked":"SKIP","floor":35.0},{"not_picked":["Anger","True Grit"],"picked":"Ghostly Armor+1","floor":36.0},{"not_picked":["Shrug It Off+1","Twin Strike"],"picked":"Body Slam+1","floor":40.0},{"not_picked":["Combust","Anger"],"picked":"Power Through+1","floor":42.0},{"not_picked":["Cleave","Armaments+1","Reckless Charge+1"],"picked":"SKIP","floor":44.0},{"not_picked":["Uppercut","Brutality","Perfected Strike"],"picked":"SKIP","floor":45.0},{"not_picked":["Wild Strike","Reckless Charge+1","Body Slam"],"picked":"SKIP","floor":48.0}],"player_experience":1262782,"relics_obtained":[{"floor":6.0,"key":"Bronze Scales"},{"floor":8.0,"key":"Dead Branch"},{"floor":9.0,"key":"Strawberry"},{"floor":10.0,"key":"Whetstone"},{"floor":26.0,"key":"Mummified Hand"},{"floor":40.0,"key":"Toxic Egg 2"},{"floor":48.0,"key":"Champion Belt"}],"event_choices":[{"damage_healed":0.0,"max_hp_gain":5.0,"max_hp_loss":0.0,"gold_gain":0.0,"event_name":"Big Fish","player_choice":"Donut","floor":2.0,"gold_loss":0.0,"damage_taken":0.0},{"damage_healed":0.0,"max_hp_gain":0.0,"max_hp_loss":0.0,"gold_gain":0.0,"event_name":"Golden Idol","player_choice":"Take Damage","floor":5.0,"gold_loss":0.0,"damage_taken":28.0,"relics_obtained":["Golden Idol"]},{"damage_healed":0.0,"max_hp_gain":0.0,"max_hp_loss":0.0,"gold_gain":50.0,"event_name":"Nest","player_choice":"Stole From Cult","floor":27.0,"gold_loss":0.0,"damage_taken":0.0},{"damage_healed":0.0,"max_hp_gain":0.0,"max_hp_loss":0.0,"gold_gain":0.0,"cards_transformed":["Strike_R","Strike_R"],"event_name":"Drug Dealer","player_choice":"Became Test Subject","floor":30.0,"gold_loss":0.0,"damage_taken":0.0,"cards_obtained":["Twin Strike","Flex"]},{"damage_healed":0.0,"max_hp_gain":0.0,"max_hp_loss":0.0,"gold_gain":0.0,"event_name":"Forgotten Altar","player_choice":"Gave Idol","floor":31.0,"relics_lost":["Golden Idol"],"gold_loss":0.0,"damage_taken":0.0,"relics_obtained":["Bloody Idol"]},{"cards_removed":["Reckless Charge"],"damage_healed":0.0,"max_hp_gain":0.0,"max_hp_loss":0.0,"gold_gain":0.0,"event_name":"Falling","player_choice":"Removed Attack","floor":37.0,"gold_loss":0.0,"damage_taken":0.0},{"damage_healed":0.0,"max_hp_gain":0.0,"max_hp_loss":0.0,"gold_gain":0.0,"event_name":"Tomb of Lord Red Mask","player_choice":"Ignored","floor":38.0,"gold_loss":0.0,"damage_taken":0.0},{"damage_healed":0.0,"max_hp_gain":0.0,"max_hp_loss":4.0,"gold_gain":0.0,"event_name":"Winding Halls","player_choice":"Max HP","floor":39.0,"gold_loss":0.0,"damage_taken":0.0}],"is_beta":false,"boss_relics":[{"not_picked":["Ectoplasm","Black Blood"],"picked":"Coffee Dripper"},{"not_picked":["Runic Pyramid","Mark of Pain"],"picked":"Astrolabe"}],"items_purged_floors":[4,14,47],"is_endless":false,"potions_floor_spawned":[3,6,10,11,21,36,40],"ascension_level":20}}