{"host":"amyouew1jj5rel7b","time":1608545192,"event":{"mods":["AchievementEnabler","BaseMod","Better Altar","Better Match","Better Note","Better Skull","CapriCore","Minty Spire (QoL Compilation)","Permanent Neow","Spicy Shops","StSLib","SuperFastMode","The Dragon Tamer"],"gold_per_floor":[13,13,88,98,273,273,298,313,338,349,349,349,375,389,389,389,389,389],"floor_reached":16,"playtime":2346,"items_purged":[],"score":110,"play_id":"f8e2071e-cca7-4465-8dc1-cc4f4f76730a","local_time":"20201221190632","is_ascension_mode":false,"metric_token":863,"campfire_choices":[{"data":"DTMod:DoubleHit","floor":6,"key":"SMITH"},{"data":"DTMod:SwitchingTactic","floor":11,"key":"SMITH"},{"data":"DTMod:CleansingStrike","floor":15,"key":"SMITH"}],"dtmod_dragon_data":[0,50,-1,-1,0,0],"circlet_count":0,"master_deck":["DTMod:Strike+1","DTMod:Strike","DTMod:Strike","DTMod:DoubleHit+1","DTMod:TargetDefense","DTMod:TargetDefense","DTMod:TargetDefense","DTMod:TargetDefense","DTMod:SwitchingTactic+1","DTMod:Inferno","DTMod:QuickFly","DTMod:Shift","DTMod:ComboAttack","Doubt","DTMod:TauntingStrike+1","DTMod:CleansingStrike+1","DTMod:BlazingStrike","DTMod:MagicField"],"relics":["DTMod:PactStone","Orichalcum","Oddly Smooth Stone","Happy Flower"],"acts_visited":["Exordium"],"potions_floor_usage":[13,16],"damage_taken":[{"damage":0,"enemies":"Small Slimes","floor":1,"turns":1},{"damage":0,"enemies":"Jaw Worm","floor":4,"turns":3},{"damage":3,"enemies":"Gremlin Nob","floor":7,"turns":4},{"damage":0,"enemies":"2 Louse","floor":8,"turns":3},{"damage":0,"enemies":"Red Slaver","floor":10,"turns":2},{"damage":7,"enemies":"Lagavulin","floor":13,"turns":7},{"damage":0,"enemies":"Exordium Thugs","floor":14,"turns":3},{"damage":19,"enemies":"The Guardian","floor":16,"turns":11}],"seed_played":"-3390177190871659515","potions_obtained":[{"floor":7,"key":"SkillPotion"},{"floor":8,"key":"Swift Potion"}],"is_trial":false,"path_per_floor":["M","?","?","M","?","R","E","M","T","M","R","?","E","M","R","B"],"character_chosen":"THE_DT","items_purchased":[],"campfire_rested":0,"item_purchase_floors":[],"current_hp_per_floor":[45,45,34,34,34,34,31,31,31,31,31,22,15,15,15,0,0,0],"gold":389,"neow_bonus":"THREE_RARE_CARDS","is_daily":false,"chose_seed":false,"campfire_upgraded":3,"win_rate":0.0,"timestamp":1608545192,"path_taken":["M","?","?","M","?","R","E","?","T","M","R","?","E","M","R","BOSS"],"items_purchased_type":[],"build_version":"2020-12-13","purchased_purges":0,"victory":false,"max_hp_per_floor":[45,45,45,45,45,45,45,45,45,45,45,45,45,45,45,45,45,45],"card_choices":[{"not_picked":["DTMod:Prediction","DTMod:LightShield"],"picked":"DTMod:Inferno","floor":0},{"not_picked":["DTMod:Hide","DTMod:MagicField"],"picked":"DTMod:QuickFly","floor":1},{"not_picked":["DTMod:Weaken","DTMod:BurningEnergy"],"picked":"DTMod:ComboAttack","floor":4},{"not_picked":["DTMod:FlameSlash","DTMod:Punisher"],"picked":"DTMod:TauntingStrike","floor":7},{"not_picked":["DTMod:Feint","DTMod:Adaptation"],"picked":"DTMod:CleansingStrike","floor":8},{"not_picked":["DTMod:MasterPlan","DTMod:Shift"],"picked":"DTMod:BlazingStrike","floor":10},{"not_picked":["DTMod:FlameSlash","DTMod:Hide"],"picked":"DTMod:MagicField","floor":13},{"not_picked":["DTMod:BuildUp","DTMod:Punisher","DTMod:MasterPlan"],"picked":"SKIP","floor":14}],"player_experience":261073,"relics_obtained":[{"floor":7,"key":"Orichalcum"},{"floor":9,"key":"Oddly Smooth Stone"},{"floor":13,"key":"Happy Flower"}],"event_choices":[{"damage_healed":0,"gold_gain":0,"cards_transformed":["DTMod:Strike"],"player_choice":"Change","damage_taken":0,"max_hp_gain":0,"max_hp_loss":0,"event_name":"Living Wall","floor":2,"gold_loss":0,"cards_obtained":["DTMod:Shift"]},{"damage_healed":0,"gold_gain":75,"player_choice":"Gather Gold","damage_taken":11,"max_hp_gain":0,"max_hp_loss":0,"event_name":"World of Goop","floor":3,"gold_loss":0},{"damage_healed":0,"gold_gain":175,"player_choice":"AGREE","damage_taken":0,"max_hp_gain":0,"max_hp_loss":0,"event_name":"Liars Game","floor":5,"gold_loss":0,"cards_obtained":["Doubt"]},{"damage_healed":0,"gold_gain":0,"player_choice":"Entered Light","damage_taken":9,"max_hp_gain":0,"max_hp_loss":0,"event_name":"Shining Light","floor":12,"gold_loss":0,"cards_upgraded":["DTMod:TauntingStrike","DTMod:Strike"]}],"is_beta":false,"boss_relics":[],"items_purged_floors":[],"is_endless":false,"potions_floor_spawned":[7,8],"killed_by":"The Guardian","ascension_level":0}}