{"host":"7xrfhfoo16q2v8hj","time":1608539365,"event":{"mods":["BaseMod","Colored Map","DeckTracker","Highlight Path","Minty Spire (QoL Compilation)","StSLib","SuperFastMode"],"gold_per_floor":[144,189,189,284,329,329,424,436,448,460,522,234,279,324,324,624,624,669,469,514,559,604,604,694,739,764,439,484,534,579,53,53,353,353,398,98,298,5,55,145,190,240,265,315,365,365,410,60,60,60,60],"floor_reached":50,"playtime":1618,"items_purged":["Corruption"],"score":659,"play_id":"6157a63b-9ade-4c30-a3f8-0cb612fb6cf5","local_time":"20201221022925","daily_mods":["Shiny","Vintage","Midas"],"is_ascension_mode":false,"campfire_choices":[{"floor":6,"key":"REST"},{"floor":8,"key":"REST"},{"floor":10,"key":"REST"},{"floor":15,"key":"REST"},{"floor":23,"key":"REST"},{"floor":32,"key":"REST"},{"floor":46,"key":"REST"},{"floor":49,"key":"REST"}],"circlet_count":0,"master_deck":["Double Tap","Demon Form","Bludgeon","Feed","Limit Break","Barricade","Fiend Fire","Berserk","Impervious","Juggernaut","Reaper","Exhume","Offering","Immolate","Seeing Red","Dark Embrace","Armaments","Offering","Double Tap+1","Feed","Impervious+1","Madness+1","Madness+1"],"relics":["Burning Blood","Bottled Flame","Pen Nib","SsserpentHead","Tiny Chest","Singing Bowl","MawBank","Anchor","Strange Spoon","StoneCalendar","Bag of Preparation","Black Star","Torii","Blood Vial","PreservedInsect","Bronze Scales","Juzu Bracelet","Ornamental Fan","Paper Frog","Frozen Egg 2","MealTicket","Happy Flower","Oddly Smooth Stone","Art of War","Toxic Egg 2","Mummified Hand","Turnip","Bag of Marbles","Philosopher\u0027s Stone","Mercury Hourglass","Thread and Needle","Charon\u0027s Ashes","ClockworkSouvenir","Strawberry","Regal Pillow","Meat on the Bone","Omamori","Bottled Lightning","Orichalcum","InkBottle","Nunchaku"],"acts_visited":["Exordium","TheCity","TheBeyond"],"potions_floor_usage":[4,5,7,21,24,50,50],"damage_taken":[{"damage":12,"enemies":"Jaw Worm","floor":1,"turns":1},{"damage":6,"enemies":"Cultist","floor":2,"turns":1},{"damage":16,"enemies":"Small Slimes","floor":4,"turns":3},{"damage":29,"enemies":"Exordium Thugs","floor":5,"turns":4},{"damage":16,"enemies":"Looter","floor":7,"turns":2},{"damage":0,"enemies":"2 Fungi Beasts","floor":13,"turns":2},{"damage":0,"enemies":"3 Louse","floor":14,"turns":3},{"damage":17,"enemies":"Slime Boss","floor":16,"turns":7},{"damage":24,"enemies":"Shell Parasite","floor":18,"turns":2},{"damage":12,"enemies":"Spheric Guardian","floor":20,"turns":1},{"damage":6,"enemies":"Snake Plant","floor":21,"turns":2},{"damage":7,"enemies":"Centurion and Healer","floor":22,"turns":2},{"damage":19,"enemies":"Book of Stabbing","floor":24,"turns":3},{"damage":12,"enemies":"3 Cultists","floor":25,"turns":1},{"damage":30,"enemies":"Sentry and Sphere","floor":28,"turns":5},{"damage":12,"enemies":"Shelled Parasite and Fungi","floor":30,"turns":1},{"damage":27,"enemies":"Champ","floor":33,"turns":7},{"damage":24,"enemies":"3 Darklings","floor":35,"turns":2},{"damage":24,"enemies":"Mind Bloom Boss Battle","floor":37,"turns":3},{"damage":21,"enemies":"Giant Head","floor":40,"turns":5},{"damage":12,"enemies":"Orb Walker","floor":41,"turns":1},{"damage":6,"enemies":"Spire Growth","floor":47,"turns":3},{"damage":168,"enemies":"Time Eater","floor":50,"turns":7}],"seed_played":"7329645460642280970","potions_obtained":[{"floor":1,"key":"Energy Potion"},{"floor":2,"key":"FearPotion"},{"floor":4,"key":"ColorlessPotion"},{"floor":18,"key":"FearPotion"},{"floor":24,"key":"FairyPotion"},{"floor":30,"key":"Dexterity Potion"},{"floor":37,"key":"EntropicBrew"},{"floor":41,"key":"SmokeBomb"}],"is_trial":false,"path_per_floor":["M","M","?","M","M","R","M","R","T","R","?","$","M","M","R","B",null,"M","$","M","M","M","R","E","M","T","$","M","T","M","$","R","B",null,"M","$","?","$","?","E","M","?","T","T","?","R","M","$","R","B"],"character_chosen":"IRONCLAD","items_purchased":["Strange Spoon","Seeing Red","Dark Embrace","Armaments","Blood Vial","Swift Potion","Happy Flower","Oddly Smooth Stone","Turnip","Bag of Marbles","Double Tap+1","Thread and Needle","Impervious+1","ClockworkSouvenir","InkBottle","Nunchaku"],"campfire_rested":8,"item_purchase_floors":[12,12,12,12,19,19,27,27,31,31,31,36,38,38,48,48],"current_hp_per_floor":[81,84,84,81,58,84,85,92,92,92,92,92,95,98,98,101,101,87,87,83,86,87,105,95,91,91,106,92,92,92,107,112,91,112,112,112,96,111,97,100,96,96,96,96,84,123,123,123,123,0,0],"gold":60,"neow_bonus":"","is_daily":true,"chose_seed":false,"campfire_upgraded":0,"win_rate":0.0,"timestamp":1608539365,"path_taken":["M","M","?","?","M","R","?","R","T","R","?","$","M","M","R","BOSS","M","$","M","M","M","R","E","M","T","?","M","?","M","$","R","BOSS","M","$","?","$","?","E","M","?","T","?","?","R","M","?","R","BOSS"],"items_purchased_type":["Relic","Card","Card","Card","Relic","Potion","Relic","Relic","Relic","Relic","Card","Relic","Card","Relic","Relic","Relic"],"build_version":"2020-12-13","purchased_purges":1,"victory":false,"max_hp_per_floor":[83,86,86,89,89,89,92,92,92,92,92,92,95,98,98,101,101,105,105,105,105,105,105,108,108,108,108,112,112,112,112,112,112,112,112,112,114,114,114,123,123,123,123,123,123,123,123,123,123,123,123],"card_choices":[{"not_picked":["Barricade","Impervious"],"picked":"Offering","floor":16},{"not_picked":["Body Slam+1","Reckless Charge"],"picked":"Thunderclap+1","floor":24},{"not_picked":["Corruption+1","Berserk+1"],"picked":"Feed","floor":33},{"not_picked":["Clothesline+1","Shrug It Off+1","Pommel Strike"],"picked":"Singing Bowl","floor":37},{"not_picked":["Headbutt+1","Intimidate+1","Iron Wave"],"picked":"Singing Bowl","floor":40}],"player_experience":539368,"relics_obtained":[{"floor":1,"key":"Bottled Flame"},{"floor":2,"key":"Pen Nib"},{"floor":4,"key":"Tiny Chest"},{"floor":5,"key":"Singing Bowl"},{"floor":7,"key":"MawBank"},{"floor":9,"key":"Anchor"},{"floor":13,"key":"StoneCalendar"},{"floor":14,"key":"Bag of Preparation"},{"floor":18,"key":"Torii"},{"floor":20,"key":"PreservedInsect"},{"floor":21,"key":"Bronze Scales"},{"floor":22,"key":"Juzu Bracelet"},{"floor":24,"key":"Ornamental Fan"},{"floor":24,"key":"Paper Frog"},{"floor":25,"key":"Frozen Egg 2"},{"floor":26,"key":"MealTicket"},{"floor":28,"key":"Art of War"},{"floor":29,"key":"Toxic Egg 2"},{"floor":30,"key":"Mummified Hand"},{"floor":35,"key":"Mercury Hourglass"},{"floor":37,"key":"Charon\u0027s Ashes"},{"floor":40,"key":"Strawberry"},{"floor":40,"key":"Regal Pillow"},{"floor":41,"key":"Meat on the Bone"},{"floor":43,"key":"Omamori"},{"floor":44,"key":"Bottled Lightning"},{"floor":47,"key":"Orichalcum"}],"event_choices":[{"damage_healed":0,"gold_gain":0,"player_choice":"Trade","damage_taken":0,"relics_obtained":["SsserpentHead"],"max_hp_gain":0,"max_hp_loss":0,"event_name":"FaceTrader","floor":3,"gold_loss":0},{"cards_removed":["Brutality"],"damage_healed":0,"gold_gain":0,"player_choice":"Purged","damage_taken":0,"max_hp_gain":0,"max_hp_loss":0,"event_name":"Purifier","floor":11,"gold_loss":0},{"damage_healed":0,"gold_gain":0,"player_choice":"Fight","damage_taken":0,"max_hp_gain":0,"max_hp_loss":0,"event_name":"MindBloom","floor":37,"gold_loss":0},{"damage_healed":0,"gold_gain":0,"player_choice":"Embrace Madness","damage_taken":14,"max_hp_gain":0,"max_hp_loss":0,"event_name":"Winding Halls","floor":39,"gold_loss":0,"cards_obtained":["Madness","Madness"]},{"cards_removed":["Thunderclap"],"damage_healed":0,"gold_gain":0,"player_choice":"Removed Attack","damage_taken":0,"max_hp_gain":0,"max_hp_loss":0,"event_name":"Falling","floor":42,"gold_loss":0},{"damage_healed":0,"gold_gain":0,"player_choice":"Damaged","damage_taken":12,"max_hp_gain":0,"max_hp_loss":0,"event_name":"Wheel of Change","floor":45,"gold_loss":0}],"is_beta":false,"boss_relics":[{"not_picked":["Calling Bell","Runic Dome"],"picked":"Black Star"},{"not_picked":["Astrolabe","Runic Pyramid"],"picked":"Philosopher\u0027s Stone"}],"items_purged_floors":[27],"is_endless":false,"potions_floor_spawned":[1,2,4,18,24,30,37,41,47],"killed_by":"Time Eater","ascension_level":0}}