{"host":"xyexbe31ku0ov20l","time":1608533751,"event":{"mods":["AchievementEnabler","AlwaysNeverKeys","BaseMod","Bestiary","Block Reminder","Colored Map","Colored Powertips","Curses Come First","Displayed Cursed Tome","Minty Spire (QoL Compilation)","Permanent Neow","Quick Restart","Random Character Button","Rare Cards Sparkle","Relic Stats","StSLib"],"gold_per_floor":[110,260,230,244,257,257,257,282,282,307,319,333,345,345,345],"floor_reached":14,"playtime":1216,"items_purged":[],"score":204,"play_id":"ab1fbfd0-df1f-4547-b24c-8b4672c6533c","local_time":"20201220225551","is_ascension_mode":true,"campfire_choices":[{"data":"Neutralize","floor":6,"key":"SMITH"}],"circlet_count":0,"master_deck":["AscendersBane","Strike_G","Strike_G","Strike_G","Strike_G","Strike_G","Defend_G","Defend_G","Defend_G","Defend_G","Defend_G","Survivor","Neutralize+1","Poisoned Stab","Deadly Poison","Bouncing Flask","Dagger Spray","Dagger Spray","Catalyst","Calculated Gamble"],"relics":["Busted Crown","Shovel","Frozen Egg 2","Bag of Marbles"],"acts_visited":["Exordium"],"potions_floor_usage":[8,10,14],"damage_taken":[{"damage":0,"enemies":"Small Slimes","floor":1,"turns":3},{"damage":5,"enemies":"2 Louse","floor":4,"turns":4},{"damage":1,"enemies":"Cultist","floor":5,"turns":3},{"damage":11,"enemies":"Gremlin Nob","floor":8,"turns":4},{"damage":20,"enemies":"3 Sentries","floor":10,"turns":6},{"damage":18,"enemies":"Large Slime","floor":11,"turns":5},{"damage":0,"enemies":"Red Slaver","floor":12,"turns":3},{"damage":0,"enemies":"2 Fungi Beasts","floor":13,"turns":3},{"damage":23,"enemies":"Gremlin Nob","floor":14,"turns":3}],"seed_played":"-4919474672411340553","potions_obtained":[{"floor":3,"key":"LiquidMemories"},{"floor":3,"key":"PowerPotion"},{"floor":5,"key":"GhostInAJar"},{"floor":12,"key":"Fire Potion"},{"floor":13,"key":"Energy Potion"}],"is_trial":false,"path_per_floor":["M","?","?","M","M","R","?","E","T","E","M","M","M","E"],"character_chosen":"THE_SILENT","items_purchased":[],"campfire_rested":0,"item_purchase_floors":[],"current_hp_per_floor":[59,59,59,54,53,53,53,42,42,22,4,4,4,0,0],"gold":345,"neow_bonus":"BOSS_RELIC","is_daily":false,"chose_seed":false,"campfire_upgraded":1,"win_rate":0.0,"timestamp":1608533751,"path_taken":["M","?","?","M","?","R","?","E","T","E","M","M","?","E"],"items_purchased_type":[],"build_version":"2020-12-13","purchased_purges":0,"victory":false,"max_hp_per_floor":[66,66,66,66,66,66,66,66,66,66,66,66,66,66,66],"relic_stats":{"Busted Crown":16,"Shovel":0,"counters":[9,34],"obtain_stats":[{"Busted Crown":0,"Shovel":8,"Bag of Marbles":10,"Frozen Egg 2":9,"Ring of the Snake":0},{"Busted Crown":0,"Shovel":4,"Bag of Marbles":5,"Frozen Egg 2":4,"Ring of the Snake":0},{"Busted Crown":0,"Shovel":14,"Bag of Marbles":20,"Frozen Egg 2":14,"Ring of the Snake":0}]},"card_choices":[{"not_picked":[],"picked":"Poisoned Stab","floor":1},{"not_picked":[],"picked":"Deadly Poison","floor":4},{"not_picked":[],"picked":"Bouncing Flask","floor":5},{"not_picked":[],"picked":"Dagger Spray","floor":8},{"not_picked":[],"picked":"Dagger Spray","floor":10},{"not_picked":[],"picked":"Catalyst","floor":11},{"not_picked":["Accuracy+1"],"picked":"SKIP","floor":12},{"not_picked":[],"picked":"Calculated Gamble","floor":13}],"player_experience":2257863,"relics_obtained":[{"floor":8,"key":"Shovel"},{"floor":9,"key":"Frozen Egg 2"},{"floor":10,"key":"Bag of Marbles"}],"event_choices":[{"damage_healed":0,"gold_gain":150,"player_choice":"AGREE","damage_taken":0,"max_hp_gain":0,"max_hp_loss":0,"event_name":"Liars Game","floor":2,"gold_loss":0,"cards_obtained":["Doubt"]},{"damage_healed":0,"gold_gain":0,"player_choice":"Bought 2 Potions","damage_taken":0,"max_hp_gain":0,"max_hp_loss":0,"event_name":"The Woman in Blue","floor":3,"gold_loss":0},{"cards_removed":["Doubt"],"damage_healed":0,"gold_gain":0,"player_choice":"Purged","damage_taken":0,"max_hp_gain":0,"max_hp_loss":0,"event_name":"Purifier","floor":7,"gold_loss":0}],"is_beta":false,"boss_relics":[],"items_purged_floors":[],"is_endless":false,"potions_floor_spawned":[5,12,13],"killed_by":"Gremlin Nob","ascension_level":20}}