{"host":"17j25xn3vk5d1e3v","time":1608573836,"event":{"mods":["AchievementEnabler","Act Like it!","BaseMod","GifTheSpireLib","Hermit","HexUI Lib","Hubris","Minty Spire (QoL Compilation)","Replay The Spire","StSLib"],"gold_per_floor":[119,194,40,40,60,60,92,141,141,153,167,167,167],"floor_reached":12,"playtime":344,"items_purged":[],"score":118,"play_id":"e7254314-68bb-46c3-830d-6a49d4840a28","local_time":"20201221190356","is_ascension_mode":true,"campfire_choices":[{"data":"Venomology","floor":6,"key":"SMITH"}],"circlet_count":0,"master_deck":["Strike_G","Strike_G","Strike_G","Strike_G","Defend_G","Defend_G","Defend_G","Defend_G","Defend_G","Survivor","Neutralize","Acrobatics","Poisoned Stab","Atom Bomb","Noxious Fumes","Quick Slash","Venomology+1","Predator","ReplayTheSpireMod:The Works","Bouncing Flask","hubris:SlightOfHand","Prepared"],"relics":["Ring of the Snake","NeowsBlessing","Orrery","Ice Cream","hubris:TenFootPole","Paper Crane"],"acts_visited":["Exordium"],"potions_floor_usage":[12,12,12,12],"damage_taken":[{"damage":0,"enemies":"Small Slimes","floor":1,"turns":1},{"damage":0,"enemies":"Jaw Worm","floor":5,"turns":1},{"damage":0,"enemies":"Gremlin Nob","floor":7,"turns":1},{"damage":0,"enemies":"Cultist","floor":10,"turns":3},{"damage":38,"enemies":"Exordium Thugs","floor":11,"turns":5},{"damage":13,"enemies":"3 Sentries","floor":12,"turns":4}],"seed_played":"-3834019885686116207","potions_obtained":[{"floor":10,"key":"FearPotion"},{"floor":11,"key":"Swift Potion"}],"is_trial":false,"path_per_floor":["M","?","$","?","M","R","E","T","T","M","M","E"],"character_chosen":"THE_SILENT","items_purchased":["Orrery"],"campfire_rested":0,"item_purchase_floors":[3],"current_hp_per_floor":[70,59,59,59,59,59,59,59,59,59,21,8,8],"gold":167,"neow_bonus":"THREE_ENEMY_KILL","is_daily":false,"chose_seed":false,"campfire_upgraded":1,"win_rate":0.0,"timestamp":1608573836,"path_taken":["M","?","$","?","?","R","E","?","T","M","M","E"],"items_purchased_type":["Relic"],"build_version":"2020-12-13","purchased_purges":0,"victory":false,"max_hp_per_floor":[70,70,70,70,70,70,70,70,70,70,70,70,70],"card_choices":[{"not_picked":["Dash","ReplayTheSpireMod:Scrap Shanks"],"picked":"Acrobatics","floor":1},{"not_picked":["Flying Knee","ReplayTheSpireMod:Exploit Weakness"],"picked":"Poisoned Stab","floor":3},{"not_picked":["Acrobatics","Terror"],"picked":"Atom Bomb","floor":3},{"not_picked":["Escape Plan","Toxin Wave"],"picked":"Noxious Fumes","floor":3},{"not_picked":["Skewer","Caltrops"],"picked":"Quick Slash","floor":3},{"not_picked":["Underhanded Strike","Dagger Spray"],"picked":"Venomology","floor":3},{"not_picked":["Sucker Punch","Flying Knee"],"picked":"ReplayTheSpireMod:The Works","floor":5},{"not_picked":["Dodge and Roll","Flechettes"],"picked":"Bouncing Flask","floor":7},{"not_picked":["Expertise","Deflect"],"picked":"hubris:SlightOfHand","floor":10},{"not_picked":["Dodge and Roll","Backflip"],"picked":"Prepared","floor":11}],"player_experience":187221,"relics_obtained":[{"floor":7,"key":"Ice Cream"},{"floor":8,"key":"hubris:TenFootPole"},{"floor":9,"key":"Paper Crane"}],"event_choices":[{"damage_healed":0,"gold_gain":75,"player_choice":"Gather Gold","damage_taken":11,"max_hp_gain":0,"max_hp_loss":0,"event_name":"World of Goop","floor":2,"gold_loss":0},{"damage_healed":0,"gold_gain":0,"cards_transformed":["Strike_G"],"player_choice":"Transformed","damage_taken":0,"max_hp_gain":0,"max_hp_loss":0,"event_name":"Transmorgrifier","floor":4,"gold_loss":0,"cards_obtained":["Predator"]}],"is_beta":false,"boss_relics":[],"items_purged_floors":[],"is_endless":false,"potions_floor_spawned":[10,11],"killed_by":"3 Sentries","ascension_level":3}}