{"host":"woah5shdh5xsovm3","time":1608583044,"event":{"mods":["BaseMod","BetterRewards","Downfall","Hermit","Hubris","Infinite Spire","Jorbs\u0027s Wanderer Trilogy","Koishi","Marisa????????","Minty Spire (QoL Compilation)","Remilia??????","Replay The Spire","Shop Mod","StSLib","SuperFastMode","The Animator","The Bug Knight","The Construct","The Cursed","The Disciple","The Hierophant","The Necromancer","The Poker Player","The Runesmith","The Servant 0.9.4"],"gold_per_floor":[116,133,133,133,156,189,189,189,189,203,228,228,244,244,265,34,34,157,157,182,198,198,217,246,246,246,265,265,21,21,21,45,63,63,63,63],"floor_reached":35,"playtime":2565,"items_purged":["Defend_MRS","Singularity"],"score":259,"play_id":"d2cd9322-1654-4366-8cb2-9b1ae9a71d0b","local_time":"20201221143724","is_ascension_mode":false,"campfire_choices":[{"floor":9,"key":"REST"},{"floor":12,"key":"REST"},{"floor":14,"key":"REST"},{"data":"JA","floor":17,"key":"SMITH"},{"floor":25,"key":"REST"},{"floor":31,"key":"REST"},{"floor":34,"key":"REST"}],"circlet_count":0,"master_deck":["Strike_MRS","Strike_MRS","Defend_MRS","Defend_MRS","Defend_MRS","MasterSpark","UpSweep","DoubleSpark","JA+1","DeepEcoloBomb","SuperPerseids","SuperNova","CasketOfStar","DarkMatter+1","NonDirectionalLaser+1"],"relics":["MiniHakkero","Golden Idol","Dream Catcher","infinitespire:Lucky Rock","Lee\u0027s Waffle","Empty Cage","hubris:Icosahedron","construct:BoolHorns","Gremlin Horn","Juzu Bracelet","hubris:HerbalPaste"],"acts_visited":["Exordium","TheCity"],"potions_floor_usage":[21,32],"damage_taken":[{"damage":6,"enemies":"2 Louse","floor":1,"turns":2},{"damage":1,"enemies":"Jaw Worm","floor":2,"turns":3},{"damage":5,"enemies":"Small Slimes","floor":5,"turns":3},{"damage":30,"enemies":"Lagavulin","floor":6,"turns":5},{"damage":6,"enemies":"Looter","floor":10,"turns":2},{"damage":0,"enemies":"Exordium Wildlife","floor":13,"turns":1},{"damage":2,"enemies":"2 Fungi Beasts","floor":15,"turns":2},{"damage":52,"enemies":"Fading Forest","floor":18,"turns":11},{"damage":8,"enemies":"3 Byrds","floor":20,"turns":5},{"damage":5,"enemies":"Shell Parasite","floor":21,"turns":5},{"damage":34,"enemies":"Snake Plant","floor":23,"turns":4},{"damage":10,"enemies":"Cultist and Chosen","floor":27,"turns":4},{"damage":32,"enemies":"Shelled Parasite and Fungi","floor":32,"turns":4},{"damage":0,"enemies":"Centurion and Healer","floor":33,"turns":5},{"damage":65,"enemies":"hubris:MusketHawk","floor":35,"turns":7}],"seed_played":"-611926705694247355","potions_obtained":[{"floor":1,"key":"Block Potion"},{"floor":5,"key":"PowerPotion"},{"floor":21,"key":"Dexterity Potion"},{"floor":32,"key":"Slimebound:ThreeZeroPotion"}],"is_trial":false,"path_per_floor":["M","M","?","?","M","E","PTL","PTL","R","M","T","R","M","R","M","$","R","B",null,"M","M","?","M","?","R","?","M","T","$","?","R","M","M","R","B"],"character_chosen":"MARISA","items_purchased":["Lee\u0027s Waffle","hubris:HerbalPaste"],"campfire_rested":6,"item_purchase_floors":[16,29],"current_hp_per_floor":[69,68,50,50,45,15,15,15,37,31,31,53,53,75,73,82,82,40,82,74,69,69,35,15,39,39,29,29,29,29,53,27,33,57,0,0],"gold":63,"neow_bonus":"TRANSFORM_CARD","is_daily":false,"chose_seed":false,"campfire_upgraded":1,"win_rate":0.0,"timestamp":1608583044,"path_taken":["M","M","?","?","M","E","PTL","PTL","R","M","T","R","M","R","M","$","R","BOSS","M","M","?","M","?","R","?","M","T","$","?","R","M","M","R","BOSS"],"items_purchased_type":["Relic","Relic"],"build_version":"2020-12-13","purchased_purges":2,"victory":false,"max_hp_per_floor":[75,75,75,75,75,75,75,75,75,75,75,75,75,75,75,82,82,82,82,82,82,82,82,82,82,82,82,82,82,82,82,82,82,82,82,82],"card_choices":[{"not_picked":["LuminesStrike","ShootTheMoon"],"picked":"DoubleSpark","floor":1},{"not_picked":["WitchOfGreed","WitchLeyline","FairyDestructionRay"],"picked":"SKIP","floor":2},{"not_picked":["MeteoricShower","EnergyFlow"],"picked":"JA","floor":5},{"not_picked":["WitchLeyline","Robbery","OneTimeOff"],"picked":"SKIP","floor":6},{"not_picked":["WitchOfGreed","IllusionStar"],"picked":"DeepEcoloBomb","floor":9},{"not_picked":["WitchLeyline","UnstableBomb","DC"],"picked":"SKIP","floor":10},{"not_picked":["WitchLeyline","GalacticHalo"],"picked":"SuperPerseids","floor":12},{"not_picked":["OortCloud","EnergyRecoil","MagicAbsorber"],"picked":"SKIP","floor":13},{"not_picked":["GasGiant","PropBag"],"picked":"SuperNova","floor":15},{"not_picked":["TreasureHunter","MillisecondPulsars"],"picked":"CasketOfStar","floor":18},{"not_picked":["MilkyWay+1","DoubleSpark"],"picked":"DarkMatter+1","floor":20},{"not_picked":["WitchOfGreed+1","AsteroidBelt","SporeBomb+1"],"picked":"SKIP","floor":21},{"not_picked":["PowerUp","SporeBomb"],"picked":"NonDirectionalLaser+1","floor":23},{"not_picked":["IllusionStar","NonDirectionalLaser"],"picked":"Singularity","floor":25},{"not_picked":["PowerUp","UltimateShortwave","Robbery+1"],"picked":"SKIP","floor":27},{"not_picked":["NonDirectionalLaser","GrandCross","Acceleration"],"picked":"SKIP","floor":32},{"not_picked":["SprinkleStarSeal","DarkMatter","Robbery"],"picked":"SKIP","floor":33}],"player_experience":396195,"relics_obtained":[{"floor":6,"key":"Dream Catcher"},{"floor":11,"key":"infinitespire:Lucky Rock"},{"floor":24,"key":"construct:BoolHorns"},{"floor":28,"key":"Juzu Bracelet"}],"event_choices":[{"damage_healed":0,"gold_gain":0,"player_choice":"Take Damage","damage_taken":18,"relics_obtained":["Golden Idol"],"max_hp_gain":0,"max_hp_loss":0,"event_name":"Golden Idol","floor":3,"gold_loss":0}],"is_beta":false,"boss_relics":[{"not_picked":["Fusion Hammer","hubris:VirtuousBlindfold"],"picked":"Empty Cage"}],"items_purged_floors":[16,29],"is_endless":false,"potions_floor_spawned":[1,5,21,32],"killed_by":"hubris:MusketHawk","ascension_level":0}}