{"host":"chv1qanoipyt46jc","time":1608586453,"event":{"mods":["2.2 Compatiblity","AchievementEnabler","BaseMod","BetterRewards","CapriCore","Card Filter","Conspire","Gold Saver","Grow up Mod","Melee Mod","Minty Spire (QoL Compilation)","Rare Cards Sparkle","Relic Filter","Remove Card Discount Mod","Reorder Act Four","StSLib"],"gold_per_floor":[922,933,947,947,958,987,987,1019,1019,1038,1070,1070,1083,1102,1102,1197,1197,1209,1219,1229,1249,1249,1249,1268,1268,1268,1268,1279,1310,1310,1336,1336,1437,1437,1455,1472,1468,1487,1497,1497,1517,1535,1535,1535,1545,1564,1580,1605,1605,1605,1605,1605,1605,1634,1634],"floor_reached":56,"playtime":2141,"items_purged":["meleeMod_Shield","meleeMod_Shield","meleeMod_Shield","meleeMod_Shield","meleeMod_NeutralAir","meleeMod_SoftKnee"],"score":1699,"play_id":"03d72c37-d9b9-4329-b685-7799b6168e33","local_time":"20201221153413","is_ascension_mode":false,"campfire_choices":[{"data":"meleeMod_Cautious","floor":12,"key":"SMITH"},{"data":"meleeMod_SDRemix","floor":15,"key":"SMITH"},{"data":"meleeMod_BackAir","floor":23,"key":"SMITH"},{"data":"meleeMod_VCancel","floor":25,"key":"SMITH"},{"floor":27,"key":"RECALL"},{"data":"meleeMod_BackAir","floor":30,"key":"SMITH"},{"data":"meleeMod_PowerShield","floor":32,"key":"SMITH"},{"data":"meleeMod_Shine","floor":40,"key":"SMITH"},{"data":"meleeMod_Shine","floor":44,"key":"SMITH"},{"data":"meleeMod_Shine","floor":49,"key":"SMITH"},{"data":"meleeMod_Shine","floor":53,"key":"SMITH"}],"circlet_count":0,"master_deck":["meleeMod_BackAir+1","meleeMod_Shine+1","meleeMod_Shine+1","meleeMod_Shine","meleeMod_Shine+1","meleeMod_Shine+1","meleeMod_Cautious+1","meleeMod_BackAir+1","meleeMod_PowerShield+1","meleeMod_SDRemix+1","meleeMod_VCancel+1","meleeMod_Cautious+1","meleeMod_EdgeCancel"],"relics":["meleeMod_TeamBeerMang0","Membership Card","meleeMod_B0XX","Medical Kit","conspire:GlowingRock","meleeMod_NoKnee","Centennial Puzzle","Blue Candle","Coffee Dripper","Omamori","Molten Egg 2","Anchor","conspire:SpecialSausage","HornCleat","Bag of Marbles","Bird Faced Urn"],"acts_visited":["Exordium","TheCity","TheBeyond","TheEnding"],"potions_floor_usage":[55,55,55,55],"damage_taken":[{"damage":0,"enemies":"Small Slimes","floor":1,"turns":1},{"damage":0,"enemies":"Jaw Worm","floor":2,"turns":1},{"damage":0,"enemies":"Cultist","floor":3,"turns":2},{"damage":6,"enemies":"conspire:2 RoseBushes","floor":5,"turns":2},{"damage":10,"enemies":"3 Sentries","floor":6,"turns":5},{"damage":2,"enemies":"Lagavulin","floor":8,"turns":3},{"damage":0,"enemies":"Large Slime","floor":10,"turns":1},{"damage":0,"enemies":"3 Sentries","floor":11,"turns":4},{"damage":0,"enemies":"Blue Slaver","floor":13,"turns":1},{"damage":0,"enemies":"Exordium Wildlife","floor":14,"turns":1},{"damage":78,"enemies":"Hexaghost","floor":16,"turns":4},{"damage":10,"enemies":"3 Byrds","floor":18,"turns":3},{"damage":10,"enemies":"Spheric Guardian","floor":19,"turns":3},{"damage":0,"enemies":"conspire:HollyBat","floor":20,"turns":4},{"damage":10,"enemies":"Cultist and Chosen","floor":21,"turns":3},{"damage":21,"enemies":"Snake Plant","floor":24,"turns":3},{"damage":1,"enemies":"conspire:HollyBat","floor":28,"turns":4},{"damage":0,"enemies":"Book of Stabbing","floor":29,"turns":3},{"damage":0,"enemies":"conspire:Head Lice","floor":31,"turns":3},{"damage":8,"enemies":"Collector","floor":33,"turns":4},{"damage":16,"enemies":"3 Darklings","floor":35,"turns":3},{"damage":14,"enemies":"3 Shapes","floor":36,"turns":3},{"damage":0,"enemies":"Maw","floor":38,"turns":4},{"damage":13,"enemies":"4 Shapes","floor":39,"turns":2},{"damage":5,"enemies":"Sphere and 2 Shapes","floor":41,"turns":3},{"damage":0,"enemies":"Transient","floor":42,"turns":5},{"damage":0,"enemies":"Writhing Mass","floor":45,"turns":3},{"damage":0,"enemies":"Spire Growth","floor":46,"turns":3},{"damage":0,"enemies":"Jaw Worm Horde","floor":47,"turns":3},{"damage":9,"enemies":"Nemesis","floor":48,"turns":5},{"damage":0,"enemies":"Time Eater","floor":50,"turns":8},{"damage":0,"enemies":"Shield and Spear","floor":54,"turns":5},{"damage":46,"enemies":"The Heart","floor":55,"turns":5}],"seed_played":"7520359273825320597","potions_obtained":[{"floor":2,"key":"AttackPotion"},{"floor":3,"key":"EntropicBrew"},{"floor":6,"key":"SteroidPotion"},{"floor":21,"key":"Ancient Potion"},{"floor":24,"key":"LiquidBronze"}],"is_trial":false,"path_per_floor":["M","M","M","$","M","E","$","E","T","M","E","R","M","M","R","B",null,"M","M","M","M","?","R","M","R","T","R","M","E","R","E","R","B",null,"M","M","$","M","M","R","M","M","T","R","M","M","M","E","R","B",null,"$","R","E","B",null],"character_chosen":"FALCON","items_purchased":["Membership Card","meleeMod_B0XX","Medical Kit","conspire:GlowingRock","meleeMod_Cautious","meleeMod_SoftKnee","meleeMod_BackAir"],"campfire_rested":0,"item_purchase_floors":[0,0,0,0,0,0,0],"current_hp_per_floor":[59,69,79,89,93,93,103,111,121,131,141,151,161,171,181,113,265,265,265,275,275,285,295,284,294,304,314,323,333,343,353,363,365,435,429,425,435,445,442,452,457,467,477,487,497,507,517,518,528,538,605,615,625,635,599],"gold":1634,"neow_bonus":"","is_daily":false,"chose_seed":false,"campfire_upgraded":10,"win_rate":0.0,"timestamp":1608586453,"path_taken":["M","M","M","$","M","E","$","E","T","M","E","R","M","M","R","BOSS","M","M","M","M","?","R","M","R","T","R","M","E","R","E","R","BOSS","M","M","$","M","M","R","M","M","T","R","M","M","M","E","R","BOSS","$","R","E","BOSS"],"items_purchased_type":["Relic","Relic","Relic","Relic","Card","Card","Card"],"build_version":"2020-12-13","purchased_purges":6,"victory":true,"max_hp_per_floor":[105,115,125,135,145,155,165,175,185,195,205,215,225,235,245,255,265,275,285,295,305,315,325,335,345,355,365,375,385,395,405,415,425,435,445,455,465,475,485,495,505,515,525,535,545,555,565,575,585,595,605,615,625,635,645],"card_choices":[{"not_picked":["meleeMod_FalconPunch","meleeMod_DropZone","meleeMod_DownTilt"],"picked":"SKIP","floor":1},{"not_picked":["meleeMod_Gentleman","meleeMod_TeamAttackOn","meleeMod_FalconDive"],"picked":"SKIP","floor":2},{"not_picked":["meleeMod_SuperSpicyCurry","meleeMod_BackAir","meleeMod_AirDodge"],"picked":"SKIP","floor":3},{"not_picked":["meleeMod_UpAir","meleeMod_ForwardSmash","meleeMod_SoftKnee"],"picked":"SKIP","floor":5},{"not_picked":["meleeMod_SuperMushroom","meleeMod_DropZone","meleeMod_PowerShield"],"picked":"SKIP","floor":6},{"not_picked":["meleeMod_FalconKick","meleeMod_Gentleman","meleeMod_SoftKnee"],"picked":"SKIP","floor":8},{"not_picked":["meleeMod_SuperMushroom","meleeMod_GetUpAttack","meleeMod_FalconKick"],"picked":"SKIP","floor":10},{"not_picked":["meleeMod_Taunt","meleeMod_CrouchCancel"],"picked":"meleeMod_PowerShield","floor":11},{"not_picked":["meleeMod_BackAir","meleeMod_AirDodge","meleeMod_DIMixUp"],"picked":"SKIP","floor":13},{"not_picked":["meleeMod_SweetSpot","meleeMod_FalconDive"],"picked":"meleeMod_SDRemix","floor":14},{"not_picked":["meleeMod_RapidJabs","meleeMod_CrouchCancel","meleeMod_DashDance"],"picked":"SKIP","floor":18},{"not_picked":["meleeMod_BMoveSpecialist","meleeMod_ShieldPoke","meleeMod_UpTilt"],"picked":"SKIP","floor":19},{"not_picked":["meleeMod_RaptorBoost","meleeMod_WallJump+1","meleeMod_CommandGrab"],"picked":"SKIP","floor":20},{"not_picked":["meleeMod_UpSmash","meleeMod_SoftKnee","meleeMod_Moonwalking"],"picked":"SKIP","floor":21},{"not_picked":["meleeMod_L_Cancel","meleeMod_FalconPunch"],"picked":"meleeMod_VCancel","floor":24},{"not_picked":["meleeMod_ForwardSmash","meleeMod_RockCrock","meleeMod_SweetSpot+1"],"picked":"SKIP","floor":28},{"not_picked":["meleeMod_UpTilt+1","meleeMod_WallJump","meleeMod_WeTechThose"],"picked":"SKIP","floor":29},{"not_picked":["meleeMod_SuperMushroom+1","meleeMod_NeutralAir+1","meleeMod_NoDI"],"picked":"SKIP","floor":31},{"not_picked":["meleeMod_ShieldDrop","meleeMod_SoftKnee+1","meleeMod_RaptorBoost+1"],"picked":"SKIP","floor":35},{"not_picked":["meleeMod_SoftKnee+1","meleeMod_UpSmash+1","meleeMod_DashDance+1"],"picked":"SKIP","floor":36},{"not_picked":["meleeMod_DownAir+1","meleeMod_UpTilt+1","meleeMod_FalconKick+1"],"picked":"SKIP","floor":38},{"not_picked":["meleeMod_Knee+1","meleeMod_NippleSpike+1"],"picked":"meleeMod_Cautious+1","floor":39},{"not_picked":["meleeMod_DownTilt+1","meleeMod_DIMixUp","meleeMod_BackAir+1"],"picked":"SKIP","floor":41},{"not_picked":["meleeMod_FalconPunch+1","meleeMod_SweetSpot","meleeMod_GetUpAttack+1"],"picked":"SKIP","floor":42},{"not_picked":["meleeMod_FalconDive","meleeMod_FalconKick+1","meleeMod_SoftKnee+1"],"picked":"SKIP","floor":45},{"not_picked":["meleeMod_ShieldPoke+1","meleeMod_SweetSpot","meleeMod_FalconKick+1"],"picked":"SKIP","floor":46},{"not_picked":["meleeMod_UpSmash+1","meleeMod_Knee+1","meleeMod_TeamAttackOn"],"picked":"SKIP","floor":47},{"not_picked":["meleeMod_DropZone+1","meleeMod_NeutralAir+1"],"picked":"meleeMod_EdgeCancel","floor":48},{"not_picked":["meleeMod_WallJump+1","meleeMod_CrouchCancel+1","meleeMod_GetUpAttack+1"],"picked":"SKIP","floor":54}],"player_experience":289039,"relics_obtained":[{"floor":6,"key":"meleeMod_NoKnee"},{"floor":8,"key":"Centennial Puzzle"},{"floor":11,"key":"Blue Candle"},{"floor":26,"key":"Omamori"},{"floor":29,"key":"Molten Egg 2"},{"floor":31,"key":"Anchor"},{"floor":43,"key":"HornCleat"},{"floor":48,"key":"Bag of Marbles"},{"floor":54,"key":"Bird Faced Urn"}],"event_choices":[{"damage_healed":0,"gold_gain":0,"player_choice":"Ignored","damage_taken":0,"max_hp_gain":0,"max_hp_loss":0,"event_name":"Cursed Tome","floor":22,"gold_loss":0}],"is_beta":false,"boss_relics":[{"not_picked":["Runic Pyramid","conspire:SlowCooker"],"picked":"Coffee Dripper"},{"not_picked":["Pandora\u0027s Box","conspire:RunicOctahedron"],"picked":"conspire:SpecialSausage"}],"items_purged_floors":[0,0,0,0,37,37],"is_endless":false,"potions_floor_spawned":[2,3,6,8,13,16,21,24,33,35,42,46,48],"ascension_level":0}}