{"host":"juowtv2vvb0b99ex","time":1608592303,"event":{"mods":["BaseMod","Colored Map","Downfall","Minty Spire (QoL Compilation)","Quick Restart","StSLib"],"gold_per_floor":[99,99,274,274,121,121,168,201,126,138,167,186,186,203,213,213,213,213],"floor_reached":16,"playtime":605,"items_purged":["Slimebound:Strike_Slimebound"],"score":252,"play_id":"5bf74291-c556-4990-98fb-f8eec5ea8b87","local_time":"20201221161143","is_ascension_mode":true,"campfire_choices":[{"data":"Slimebound:Split","floor":1.0,"key":"SMITH"},{"data":"Slimebound:CorrosiveSpit","floor":6.0,"key":"SMITH"},{"data":"Slimebound:FirmFortitude","floor":9.0,"key":"SMITH"},{"data":"Slimebound:Recycling","floor":13.0,"key":"SMITH"}],"circlet_count":0,"master_deck":["AscendersBane","Slimebound:Strike_Slimebound","Slimebound:Strike_Slimebound","Slimebound:Tackle","Slimebound:Defend_Slimebound","Slimebound:Defend_Slimebound","Slimebound:Defend_Slimebound","Slimebound:Defend_Slimebound","Slimebound:Split+1","Slimebound:CorrosiveSpit+1","Slimebound:SplitLeeching","Slimebound:SplitBruiser","Slimebound:FirmFortitude+1","Slimebound:Schlurp+1","Slimebound:SplitBruiser+1","Slimebound:Recycling+1","Slimebound:SlimeSpikes+1","Slimebound:PressTheAttack","Slimebound:HauntingLick+1"],"relics":["Slimebound:AbsorbEndCombat","downfall:HeartsMalice","Spirit Poop","PreservedInsect","Toxic Egg 2","downfall:HeartBlessingGreen","MealTicket"],"acts_visited":["Exordium"],"potions_floor_usage":[16],"damage_taken":[{"damage":0.0,"enemies":"Small Slimes","floor":2.0,"turns":1.0},{"damage":0.0,"enemies":"downfall:FleeingMerchant","floor":5.0,"turns":1.0},{"damage":0.0,"enemies":"3 Sentries","floor":8.0,"turns":1.0},{"damage":1.0,"enemies":"2 Louse","floor":10.0,"turns":2.0},{"damage":0.0,"enemies":"Gremlin Nob","floor":11.0,"turns":2.0},{"damage":8.0,"enemies":"Cultist","floor":12.0,"turns":3.0},{"damage":58.0,"enemies":"Gremlin Gang","floor":14.0,"turns":4.0},{"damage":24,"enemies":"Lots of Slimes","floor":15,"turns":2},{"damage":47,"enemies":"downfall:Defect","floor":16,"turns":5}],"seed_played":"-982751083723479885","potions_obtained":[{"floor":8.0,"key":"Slimebound:SlimedPotion"},{"floor":11.0,"key":"sneckomod:MuddlingPotion"},{"floor":15,"key":"hexamod:EctoCoolerPotion"}],"is_trial":false,"path_per_floor":["R","M","?","?","$","R","T","E","R","M","E","M","R","M","M","B"],"character_chosen":"SLIMEBOUND","items_purchased":["Slimebound:FirmFortitude"],"campfire_rested":0,"item_purchase_floors":[5],"current_hp_per_floor":[54,54,54,54,54,54,54,54,54,59,60,60,60,28,22,0,0,0],"gold":213,"neow_bonus":"THREE_ENEMY_KILL","is_daily":false,"chose_seed":false,"campfire_upgraded":4,"win_rate":0.0,"timestamp":1608592303,"path_taken":["R","M","?","?","$","R","T","E","R","M","E","M","R","M","M","BOSS"],"items_purchased_type":["Card"],"build_version":"2020-12-13","purchased_purges":1,"victory":false,"max_hp_per_floor":[60,60,60,60,60,60,60,60,60,60,60,60,60,60,60,60,60,60],"card_choices":[{"not_picked":["Slimebound:ViciousTackle","Slimebound:Gluttony"],"picked":"Slimebound:SplitLeeching","floor":2.0},{"not_picked":["Slimebound:Nibble","Slimebound:Prepare"],"picked":"Slimebound:SplitBruiser","floor":5.0},{"not_picked":["Slimebound:RollThrough","Slimebound:DisruptingSlam"],"picked":"Slimebound:Schlurp+1","floor":8.0},{"not_picked":["Slimebound:GoopSpray+1","Slimebound:Schlurp+1"],"picked":"Slimebound:SplitBruiser+1","floor":10.0},{"not_picked":["Slimebound:PressTheAttack","Slimebound:LeadByExample"],"picked":"Slimebound:Recycling","floor":11.0},{"not_picked":["Slimebound:ViciousTackle","Slimebound:GrowthPunch"],"picked":"Slimebound:SlimeSpikes+1","floor":12.0},{"not_picked":["Slimebound:LeechEnergy","Slimebound:SpikyOuterGoop"],"picked":"Slimebound:PressTheAttack","floor":14.0},{"not_picked":["Slimebound:SplitMire+1","Slimebound:Chomp"],"picked":"Slimebound:HauntingLick+1","floor":15}],"player_experience":1249515,"relics_obtained":[{"floor":7.0,"key":"PreservedInsect"},{"floor":8.0,"key":"Toxic Egg 2"},{"floor":11.0,"key":"MealTicket"}],"event_choices":[{"cards_removed":["Doubt"],"damage_healed":0.0,"max_hp_gain":0.0,"max_hp_loss":0.0,"gold_gain":0.0,"event_name":"Bonfire Elementals","player_choice":"Offered Curse","floor":4.0,"gold_loss":0.0,"damage_taken":0.0,"relics_obtained":["Spirit Poop"]}],"is_beta":false,"boss_relics":[],"items_purged_floors":[5],"is_endless":false,"potions_floor_spawned":[8,11,15],"killed_by":"downfall:Defect","ascension_level":12}}