{"host":"812oq20xb22d9b8c","time":1608533512,"event":{"mods":["AchievementEnabler","Aspiration","BaseMod","Better Altar","Better Match","Better Note","Better Sensory Stone","Better Skull","Better Third Choice","Colored Map","Conspire","Downfall","GifTheSpireLib","Halation","Highlight Path","Hubris","Infinite Spire","Mimic Mod","Minty Spire (QoL Compilation)","Permanent Neow","Shop Mod","Spicy Shops","StSLib","Stuff the Spire","The Jungle","Unceasing Turn Reminder","everything is the same but u backflip on backflip"],"gold_per_floor":[99,99,109,34,69,150,150,150,165,90,110,110,110,110,128,223,223,223,223,241,241,241,258,307,307,339,264,276,291,291,291,308,308,308],"floor_reached":33,"playtime":1776,"items_purged":[],"score":333,"play_id":"7f084b53-a258-4ba4-8e06-f30d1bf2f19d","local_time":"20201221175152","is_ascension_mode":false,"campfire_choices":[{"floor":1,"key":"RECALL"},{"data":"sneckomod:UnknownVulnerable","floor":4,"key":"SMITH"},{"floor":10,"key":"REST"},{"data":"sneckomod:DangerNoodle","floor":18,"key":"SMITH"},{"data":"sneckomod:SoulCleanse","floor":21,"key":"SMITH"},{"floor":25,"key":"REST"},{"floor":27,"key":"REST"}],"circlet_count":0,"master_deck":["sneckomod:Strike","sneckomod:Defend","sneckomod:Defend","sneckomod:TailWhip","sneckomod:SnekBite","sneckomod:Unknown","sneckomod:Unknown","Pain","sneckomod:UnknownClassPURPLE","sneckomod:UnknownUncommonPower","sneckomod:UnknownVulnerable+1","sneckomod:SoulCleanse+1","sneckomod:SerpentIdol","sneckomod:QuickMove","sneckomod:Unknown1Cost","sneckomod:DangerNoodle+1","sneckomod:UnknownExhaust","sneckomod:UnknownClassTHE_CHAMP_GRAY","sneckomod:Nope+1","sneckomod:Nope+1","sneckomod:UnknownStrike","sneckomod:UnknownClassSLIMEBOUND"],"relics":["sneckomod:SneckoSoul","aspiration:BabyByrd","downfall:HeartBlessingRed","Regal Pillow","MealTicket","hubris:Icosahedron","downfall:HeartBlessingBlue","StuffTheSpire:HeavyRock","hubris:Backtick","aspiration:Nostalgia","champ:ChampionCrown","Bronze Scales","hubris:CuriousFeather","downfall:HeartBlessingGreen"],"acts_visited":["Exordium","Exordium"],"potions_floor_usage":[15,16,16,22,29,32,33],"damage_taken":[{"damage":10,"enemies":"Small Slimes","floor":3,"turns":4},{"damage":55,"enemies":"Lagavulin","floor":5,"turns":6},{"damage":17,"enemies":"Jaw Worm","floor":9,"turns":6},{"damage":0,"enemies":"Cultist","floor":11,"turns":2},{"damage":11,"enemies":"2 Fungi Beasts","floor":15,"turns":3},{"damage":46,"enemies":"downfall:Silent","floor":16,"turns":9},{"damage":33,"enemies":"theJungle:GiantWrat","floor":20,"turns":8},{"damage":15,"enemies":"Nightmare","floor":22,"turns":3},{"damage":35,"enemies":"theJungle:Flameango_and_Byrd","floor":23,"turns":4},{"damage":29,"enemies":"theJungle:Cassacara","floor":26,"turns":6},{"damage":10,"enemies":"theJungle:JungleHuntersEncounter","floor":28,"turns":5},{"damage":42,"enemies":"theJungle:2_Flameangoes","floor":29,"turns":6},{"damage":19,"enemies":"theJungle:SlimyTreeVines","floor":32,"turns":4},{"damage":24,"enemies":"downfall:Ironclad","floor":33,"turns":2}],"seed_played":"-7543681787881936221","potions_obtained":[{"floor":5,"key":"SmokeBomb"},{"floor":9,"key":"EssenceOfSteel"},{"floor":15,"key":"Dexterity Potion"},{"floor":29,"key":"Ancient Potion"},{"floor":32,"key":"SkillPotion"}],"is_trial":false,"path_per_floor":["R","?","M","R","E","T","T","?","M","R","M","?","?","T","M","B",null,"R","?","M","R","NM","M","T","R","E","R","M","M","AVR","?","M","B"],"character_chosen":"THE_SNECKO","items_purchased":[],"campfire_rested":3,"item_purchase_floors":[],"current_hp_per_floor":[92,92,83,83,28,28,28,28,11,66,66,66,66,66,56,10,104,104,104,72,72,57,23,23,69,40,86,76,35,35,35,22,0,0],"gold":308,"neow_bonus":"TRANSFORM_TWO_CARDS","is_daily":false,"chose_seed":false,"campfire_upgraded":3,"win_rate":0.0,"timestamp":1608533512,"path_taken":["R","?","M","R","E","?","T","?","M","R","M","?","?","?","M","BOSS","R","?","M","R","NM","M","T","R","E","R","M","?","AVR","?","M","BOSS"],"items_purchased_type":[],"build_version":"2020-12-13","purchased_purges":0,"victory":false,"max_hp_per_floor":[92,92,93,93,93,93,93,93,93,103,103,103,103,103,104,104,104,104,104,105,105,105,106,106,106,106,106,106,107,107,107,108,108,108],"card_choices":[{"not_picked":["sneckomod:Unknown1Cost","sneckomod:UnknownCommonSkill"],"picked":"sneckomod:UnknownVulnerable","floor":3},{"not_picked":["sneckomod:UnknownClassPURPLE","sneckomod:SoulRoll"],"picked":"sneckomod:SoulCleanse","floor":5},{"not_picked":["sneckomod:IronFang","sneckomod:CheapStock"],"picked":"sneckomod:SerpentIdol","floor":9},{"not_picked":["sneckomod:UnknownCommonAttack","sneckomod:WideSting"],"picked":"sneckomod:QuickMove","floor":11},{"not_picked":["sneckomod:DiceBoulder","sneckomod:SoulCleanse"],"picked":"sneckomod:Unknown1Cost","floor":15},{"not_picked":["sneckomod:UnknownRareAttack","sneckomod:MorePower"],"picked":"sneckomod:DangerNoodle","floor":16},{"not_picked":["sneckomod:SoulRoll","sneckomod:SoulCleanse"],"picked":"sneckomod:UnknownExhaust","floor":20},{"not_picked":["sneckomod:DiceBoulder","sneckomod:UnknownCommonSkill+1"],"picked":"sneckomod:UnknownClassTHE_CHAMP_GRAY","floor":23},{"not_picked":["sneckomod:Unknown1Cost","sneckomod:QuickBite"],"picked":"sneckomod:Nope+1","floor":26},{"not_picked":["sneckomod:UnknownCommonAttack","sneckomod:UnknownStrike"],"picked":"sneckomod:Nope","floor":28},{"not_picked":["sneckomod:Unknown2Cost","sneckomod:QuickMove"],"picked":"sneckomod:UnknownStrike","floor":29},{"not_picked":["sneckomod:UnknownUncommonAttack+1","sneckomod:IronFang+1"],"picked":"sneckomod:UnknownClassSLIMEBOUND","floor":32}],"player_experience":47500,"relics_obtained":[{"floor":5,"key":"Regal Pillow"},{"floor":7,"key":"MealTicket"},{"floor":14,"key":"StuffTheSpire:HeavyRock"},{"floor":24,"key":"Bronze Scales"},{"floor":26,"key":"hubris:CuriousFeather"}],"event_choices":[{"damage_healed":0,"gold_gain":0,"player_choice":"Gold","damage_taken":0,"max_hp_gain":0,"max_hp_loss":0,"event_name":"Wheel of Change","floor":19,"gold_loss":0},{"damage_healed":0,"gold_gain":0,"player_choice":"Upgraded","damage_taken":0,"max_hp_gain":0,"max_hp_loss":0,"event_name":"Upgrade Shrine","floor":31,"gold_loss":0,"cards_upgraded":["sneckomod:Nope"]}],"is_beta":false,"boss_relics":[{"not_picked":["aspiration:PoetsPen_weak","Busted Crown"],"picked":"hubris:Backtick"}],"items_purged_floors":[],"is_endless":false,"potions_floor_spawned":[5,9,15,22,29,32],"killed_by":"downfall:Ironclad","ascension_level":0}}