{"host":"684z1xpuwaoqmmh1","time":1608553162,"event":{"mods":["BaseMod","Downfall","Hermit","Jorbs\u0027s Wanderer Trilogy","Marisa????????","Minty Spire (QoL Compilation)","StSLib","The Hierophant","The Mystic"],"gold_per_floor":[99,126,126,126,126,5,5,36,36,31,86,86,38,99,125,75,75],"floor_reached":16,"playtime":802,"items_purged":["hierophant:Strike_Hierophant"],"score":240,"play_id":"5f6ad0e5-1e73-4899-b874-1856b56a2d44","local_time":"20201221141922","is_ascension_mode":true,"campfire_choices":[{"floor":1,"key":"RECALL"},{"floor":9,"key":"REST"}],"circlet_count":0,"master_deck":["AscendersBane","hierophant:Strike_Hierophant","hierophant:Strike_Hierophant","hierophant:Punish","hierophant:Defend_Hierophant","hierophant:Defend_Hierophant","hierophant:Defend_Hierophant","hierophant:Defend_Hierophant","hierophant:ChurchCoffers","hierophant:ThreeLashes","hierophant:PristineSoul+1","hierophant:Sermon+1","hierophant:Determination","hierophant:SecretStash+1","hierophant:Charity","hierophant:Doubloon+1","hierophant:MorningPrayer+1","hierophant:Flagellation+1","hierophant:OrnateBuckler+1","expansioncontent:SlimeTackle","hierophant:Repentance+1","hierophant:TollTheBells+1","hierophant:Doubloon+1","hierophant:ConvertCurrency+1"],"relics":["hierophant:PropheticMaskRelic","downfall:HeartsMalice","Toxic Egg 2","Dream Catcher","hexamod:BolsterEngine"],"acts_visited":["Exordium"],"potions_floor_usage":[16],"damage_taken":[{"damage":0,"enemies":"Lagavulin","floor":2,"turns":1},{"damage":0,"enemies":"Jaw Worm","floor":3,"turns":1},{"damage":0,"enemies":"Cultist","floor":4,"turns":1},{"damage":0,"enemies":"downfall:FleeingMerchant","floor":6,"turns":4},{"damage":53,"enemies":"Gremlin Nob","floor":8,"turns":6},{"damage":16,"enemies":"Lagavulin","floor":10,"turns":11},{"damage":0,"enemies":"2 Louse","floor":11,"turns":3},{"damage":5,"enemies":"downfall:FleeingMerchant","floor":13,"turns":4},{"damage":0,"enemies":"Lots of Slimes","floor":14,"turns":1},{"damage":6,"enemies":"3 Louse","floor":15,"turns":3},{"damage":61,"enemies":"The Guardian","floor":16,"turns":18}],"seed_played":"9051831853952997121","potions_obtained":[{"floor":8,"key":"Swift Potion"},{"floor":11,"key":"BlessingOfTheForge"}],"is_trial":false,"path_per_floor":["R","E","M","M","?","$","T","E","R","E","M","?","$","M","M","B"],"character_chosen":"HIEROPHANT","items_purchased":["hierophant:SecretStash+1","hierophant:Charity"],"campfire_rested":1,"item_purchase_floors":[6,6],"current_hp_per_floor":[68,68,68,68,68,68,68,19,41,43,51,51,46,46,54,0,0],"gold":75,"neow_bonus":"THREE_ENEMY_KILL","is_daily":false,"chose_seed":false,"campfire_upgraded":0,"win_rate":0.0,"timestamp":1608553162,"path_taken":["R","E","M","M","?","$","T","E","R","E","?","?","$","M","M","BOSS"],"items_purchased_type":["Card","Card"],"build_version":"2020-12-13","purchased_purges":1,"victory":false,"max_hp_per_floor":[75,75,75,75,75,75,75,75,75,75,75,75,75,75,75,75,75],"card_choices":[{"not_picked":["hierophant:Purify","hierophant:FlamingChariot"],"picked":"hierophant:ThreeLashes","floor":2},{"not_picked":["hierophant:PassingBell","hierophant:TollTheBells+1"],"picked":"hierophant:PristineSoul+1","floor":3},{"not_picked":["hierophant:Empathy+1","hierophant:Encroach+1"],"picked":"hierophant:Sermon+1","floor":4},{"not_picked":["hierophant:Upheaval","hierophant:AuricBeam"],"picked":"hierophant:Determination","floor":6},{"not_picked":["hierophant:FieryStrike","hierophant:SolarFlare"],"picked":"hierophant:MorningPrayer+1","floor":8},{"not_picked":["hierophant:DisplayOfPower","hierophant:MorningPrayer+1"],"picked":"hierophant:Flagellation+1","floor":9},{"not_picked":["hierophant:SecretStash+1","hierophant:Blessing+1"],"picked":"hierophant:OrnateBuckler+1","floor":10},{"not_picked":["hierophant:FlamingChariot","hierophant:ThreeLashes","hierophant:Dazzle+1"],"picked":"SKIP","floor":11},{"not_picked":["hierophant:ThreeLashes","hierophant:PassingBell"],"picked":"hierophant:Repentance+1","floor":13},{"not_picked":["hierophant:PassingBell","hierophant:Purify"],"picked":"hierophant:TollTheBells+1","floor":14},{"not_picked":["hierophant:AuricBeam","hierophant:Encroach+1"],"picked":"hierophant:ConvertCurrency+1","floor":15}],"player_experience":2360500,"relics_obtained":[{"floor":2,"key":"Toxic Egg 2"},{"floor":8,"key":"Dream Catcher"},{"floor":10,"key":"hexamod:BolsterEngine"}],"event_choices":[{"cards_removed":["hierophant:Strike_Hierophant"],"damage_healed":0,"gold_gain":0,"player_choice":"Offered Basic","damage_taken":0,"max_hp_gain":0,"max_hp_loss":0,"event_name":"Bonfire Elementals","floor":5,"gold_loss":0},{"damage_healed":0,"gold_gain":0,"player_choice":"1 cards matched","damage_taken":0,"max_hp_gain":0,"max_hp_loss":0,"event_name":"Match and Keep!","floor":12,"gold_loss":0,"cards_obtained":["expansioncontent:SlimeTackle"]}],"is_beta":false,"boss_relics":[],"items_purged_floors":[13],"is_endless":false,"potions_floor_spawned":[8,11,14],"killed_by":"The Guardian","ascension_level":14}}