{"host":"78zdngn0u28jm0pp","time":1608533117,"event":{"mods":["BaseMod","Jorbs\u0027s Wanderer Trilogy","Minty Spire (QoL Compilation)","Permanent Neow","Quick Restart","Relic Stats","StSLib","Unceasing Turn Reminder"],"gold_per_floor":[12,12,25,44,58,58,92,105,151,169,169,169,179,179,179],"floor_reached":14,"playtime":528,"items_purged":[],"score":188,"play_id":"66ab8251-0072-4b2a-9970-edf79b2845f7","local_time":"20201220234517","is_ascension_mode":true,"campfire_choices":[{"data":"Neutralize","floor":6,"key":"SMITH"}],"circlet_count":0,"master_deck":["AscendersBane","Strike_G","Strike_G","Strike_G","Strike_G","Strike_G","Defend_G","Defend_G","Defend_G","Defend_G","Defend_G","Survivor","Neutralize+1","Dagger Spray","Dagger Throw","Footwork","Acrobatics","PiercingWail","Dagger Throw","Blade Dance"],"relics":["Ring of the Snake","Tough Bandages","Pantograph","Snake Skull"],"acts_visited":["Exordium"],"potions_floor_usage":[7,14,14],"damage_taken":[{"damage":2,"enemies":"Cultist","floor":1,"turns":5},{"damage":0,"enemies":"Jaw Worm","floor":3,"turns":4},{"damage":0,"enemies":"2 Louse","floor":4,"turns":3},{"damage":2,"enemies":"Blue Slaver","floor":5,"turns":5},{"damage":36,"enemies":"3 Sentries","floor":7,"turns":10},{"damage":9,"enemies":"Lots of Slimes","floor":8,"turns":4},{"damage":1,"enemies":"2 Fungi Beasts","floor":10,"turns":4},{"damage":0,"enemies":"Blue Slaver","floor":13,"turns":3},{"damage":10,"enemies":"Lagavulin","floor":14,"turns":3}],"seed_played":"6619732862725401788","potions_obtained":[{"floor":1,"key":"LiquidMemories"},{"floor":2,"key":"DistilledChaos"},{"floor":2,"key":"Ancient Potion"},{"floor":4,"key":"FearPotion"},{"floor":10,"key":"BlessingOfTheForge"}],"is_trial":false,"path_per_floor":["M","?","M","M","M","R","E","M","T","M","?","?","M","E"],"character_chosen":"THE_SILENT","items_purchased":[],"campfire_rested":0,"item_purchase_floors":[],"current_hp_per_floor":[57,57,57,57,55,55,19,10,10,9,9,9,9,0,0],"gold":179,"neow_bonus":"ONE_RARE_RELIC","is_daily":false,"chose_seed":false,"campfire_upgraded":1,"win_rate":0.0,"timestamp":1608533117,"path_taken":["M","?","M","?","M","R","E","M","T","M","?","?","M","E"],"items_purchased_type":[],"build_version":"2020-12-13","purchased_purges":0,"victory":false,"max_hp_per_floor":[66,66,66,66,66,66,66,66,66,66,66,66,66,66,66],"relic_stats":{"Tough Bandages":[66],"counters":[9,41],"Pantograph":0,"Snake Skull":[0],"obtain_stats":[{"Tough Bandages":0,"Pantograph":7,"Snake Skull":9,"Ring of the Snake":0},{"Tough Bandages":0,"Pantograph":5,"Snake Skull":6,"Ring of the Snake":0},{"Tough Bandages":0,"Pantograph":27,"Snake Skull":31,"Ring of the Snake":0}],"Ring of the Snake":[18]},"card_choices":[{"not_picked":["Well Laid Plans","Underhanded Strike"],"picked":"Dagger Spray","floor":1},{"not_picked":["Cloak And Dagger","Masterful Stab"],"picked":"Dagger Throw","floor":3},{"not_picked":["Slice","Acrobatics"],"picked":"Footwork","floor":4},{"not_picked":["Deflect","Underhanded Strike"],"picked":"Acrobatics","floor":5},{"not_picked":["Bane","Well Laid Plans"],"picked":"PiercingWail","floor":7},{"not_picked":["Bane","Underhanded Strike"],"picked":"Dagger Throw","floor":8},{"not_picked":["PiercingWail","Sucker Punch"],"picked":"Blade Dance","floor":10},{"not_picked":["Grand Finale","Bane","Flying Knee"],"picked":"SKIP","floor":13}],"player_experience":660567,"relics_obtained":[{"floor":7,"key":"Pantograph"},{"floor":9,"key":"Snake Skull"}],"event_choices":[{"damage_healed":0,"gold_gain":0,"player_choice":"Got Potions","damage_taken":0,"max_hp_gain":0,"max_hp_loss":0,"event_name":"Lab","floor":2,"gold_loss":0},{"damage_healed":0,"gold_gain":0,"player_choice":"Fled","damage_taken":0,"max_hp_gain":0,"max_hp_loss":0,"event_name":"Scrap Ooze","floor":11,"gold_loss":0},{"damage_healed":0,"gold_gain":0,"player_choice":"Ignored","damage_taken":0,"max_hp_gain":0,"max_hp_loss":0,"event_name":"Shining Light","floor":12,"gold_loss":0}],"is_beta":false,"boss_relics":[],"items_purged_floors":[],"is_endless":false,"potions_floor_spawned":[1,4,5,10],"killed_by":"Lagavulin","ascension_level":20}}