{"host":"ktoxvvst1mwxww91","time":1608537236,"event":{"mods":["BaseMod","Hermit","Minty Spire (QoL Compilation)","StSLib","The Hierophant","The Mystic","The Necromancer"],"gold_per_floor":[117,132,57,57,57,57,67,67,67,82,117,42,57,84,84,185,185,200,200,213,224,18,43,43,43,81,19,37,62,62,73,73,175,175,193,210,85,105,119,129,129,129,177,196,80,80,114,141,141,141,141,141,91,117,117,117],"floor_reached":55,"playtime":2961,"items_purged":["Dualcast","Writhe","Shame"],"score":1248,"play_id":"ddd9c7e3-16a6-4039-a07c-85c5a5827082","local_time":"20201221085356","is_ascension_mode":true,"campfire_choices":[{"data":"Coolheaded","floor":6.0,"key":"SMITH"},{"data":"Recycle","floor":8.0,"key":"SMITH"},{"data":"Go for the Eyes","floor":15.0,"key":"SMITH"},{"data":"Loop","floor":24.0,"key":"SMITH"},{"floor":32.0,"key":"REST"},{"data":"Fission","floor":41.0,"key":"SMITH"},{"data":"Defragment","floor":46.0,"key":"SMITH"},{"floor":49.0,"key":"RECALL"},{"floor":52.0,"key":"REST"}],"circlet_count":0,"master_deck":["AscendersBane","Recycle+1","Coolheaded+1","FTL","Go for the Eyes+1","Melter","Gash","Conserve Battery","Glacier","Echo Form","Redo","Recycle","All For One+1","FTL+1","Leap","Conserve Battery","Streamline+1","Capacitor","Conserve Battery","Loop+1","Capacitor","Barrage+1","Cold Snap+1","Glacier","Capacitor+1","Glacier+1","Auto Shields+1","FTL+1","Gash+1","Glacier","Fission+1","Cold Snap+1","Blizzard+1","Beam Cell+1","Defragment+1","Blizzard+1","Consume","Seek"],"relics":["Cracked Core","DataDisk","PreservedInsect","Molten Egg 2","Pandora\u0027s Box","Anchor","Bottled Tornado","MawBank","Toy Ornithopter","Tiny Chest","Astrolabe","Pen Nib","Ancient Tea Set","Bag of Preparation"],"acts_visited":["Exordium","TheCity","TheBeyond","TheEnding"],"potions_floor_usage":[54,55],"damage_taken":[{"damage":3.0,"enemies":"Jaw Worm","floor":1.0,"turns":5.0},{"damage":5.0,"enemies":"2 Louse","floor":2.0,"turns":3.0},{"damage":0.0,"enemies":"Cultist","floor":7.0,"turns":3.0},{"damage":7.0,"enemies":"Blue Slaver","floor":10.0,"turns":4.0},{"damage":10.0,"enemies":"3 Sentries","floor":11.0,"turns":8.0},{"damage":0.0,"enemies":"2 Fungi Beasts","floor":13.0,"turns":4.0},{"damage":0.0,"enemies":"Lagavulin","floor":14.0,"turns":9.0},{"damage":25.0,"enemies":"Slime Boss","floor":16.0,"turns":22.0},{"damage":0.0,"enemies":"Spheric Guardian","floor":18.0,"turns":2.0},{"damage":1.0,"enemies":"3 Byrds","floor":20.0,"turns":4.0},{"damage":6.0,"enemies":"Centurion and Healer","floor":21.0,"turns":7.0},{"damage":28.0,"enemies":"Slavers","floor":23.0,"turns":7.0},{"damage":10.0,"enemies":"Snake Plant","floor":28.0,"turns":6.0},{"damage":4.0,"enemies":"Book of Stabbing","floor":29.0,"turns":4.0},{"damage":8.0,"enemies":"Snecko","floor":31.0,"turns":5.0},{"damage":32.0,"enemies":"Automaton","floor":33.0,"turns":10.0},{"damage":10.0,"enemies":"3 Darklings","floor":35.0,"turns":9.0},{"damage":2.0,"enemies":"Orb Walker","floor":36.0,"turns":4.0},{"damage":0.0,"enemies":"3 Darklings","floor":38.0,"turns":10.0},{"damage":0.0,"enemies":"4 Shapes","floor":39.0,"turns":9.0},{"damage":0.0,"enemies":"Maw","floor":40.0,"turns":11.0},{"damage":0.0,"enemies":"Spire Growth","floor":42.0,"turns":1.0},{"damage":0.0,"enemies":"Sphere and 2 Shapes","floor":44.0,"turns":7.0},{"damage":5.0,"enemies":"Giant Head","floor":47.0,"turns":8.0},{"damage":59.0,"enemies":"Awakened One","floor":50.0,"turns":21.0},{"damage":40,"enemies":"Shield and Spear","floor":54,"turns":7},{"damage":46,"enemies":"The Heart","floor":55,"turns":3}],"seed_played":"4852605286043003139","potions_obtained":[{"floor":1.0,"key":"FocusPotion"},{"floor":2.0,"key":"SteroidPotion"},{"floor":7.0,"key":"Strength Potion"},{"floor":13.0,"key":"Ancient Potion"},{"floor":16.0,"key":"Fire Potion"},{"floor":20.0,"key":"FocusPotion"},{"floor":28.0,"key":"Dexterity Potion"},{"floor":31.0,"key":"Strength Potion"},{"floor":33.0,"key":"Block Potion"},{"floor":35.0,"key":"SmokeBomb"},{"floor":36.0,"key":"Ancient Potion"},{"floor":54,"key":"SpeedPotion"}],"is_trial":false,"path_per_floor":["M","M","$","?","?","R","M","R","T","M","E","$","M","E","R","B",null,"M","?","M","M","$","E","R","?","T","$","M","E","?","M","R","B",null,"M","M","$","M","M","M","R","M","T","M","$","R","E","T","R","B",null,"R","$","E","B"],"character_chosen":"DEFECT","items_purchased":["Gash","Conserve Battery","Capacitor","Conserve Battery","Capacitor","Defragment","Blizzard+1","FocusPotion"],"campfire_rested":2,"item_purchase_floors":[12,12,22,22,27,45,45,53],"current_hp_per_floor":[65,60,60,65,65,65,65,65,65,58,48,48,48,48,48,23,66,66,66,65,59,59,31,31,31,31,31,21,22,22,14,38,11,63,58,56,56,56,56,56,56,61,61,61,61,61,56,56,56,2,61,80,80,40,0,0],"gold":117,"neow_bonus":"TRANSFORM_CARD","is_daily":false,"chose_seed":false,"campfire_upgraded":6,"win_rate":0.0,"timestamp":1608537236,"path_taken":["M","M","$","?","?","R","M","R","T","M","E","$","?","E","R","BOSS","M","?","M","M","$","E","R","?","T","$","M","E","?","M","R","BOSS","M","?","$","M","M","M","R","?","T","M","$","R","E","?","R","BOSS","R","$","E","BOSS"],"items_purchased_type":["Card","Card","Card","Card","Card","Card","Card","Potion"],"build_version":"2020-12-13","purchased_purges":3,"victory":false,"max_hp_per_floor":[75,75,75,80,80,80,80,80,80,80,80,80,80,80,80,80,80,80,80,80,80,80,80,80,80,80,80,80,80,80,80,80,80,80,80,80,80,80,80,80,80,80,80,80,80,80,80,80,80,80,80,80,80,80,80,80],"card_choices":[{"not_picked":["Static Discharge","Beam Cell"],"picked":"Coolheaded","floor":1.0},{"not_picked":["Undo","Doom and Gloom"],"picked":"FTL","floor":2.0},{"not_picked":["Steam","Compile Driver","Multi-Cast"],"picked":"SKIP","floor":7.0},{"not_picked":["Beam Cell","Auto Shields"],"picked":"Go for the Eyes","floor":10.0},{"not_picked":["Heatsinks","Compile Driver"],"picked":"Melter","floor":11.0},{"not_picked":["Gash","Compile Driver"],"picked":"Glacier","floor":13.0},{"not_picked":["Heatsinks","Steam","Turbo"],"picked":"SKIP","floor":14.0},{"not_picked":["Rainbow","Fission"],"picked":"Echo Form","floor":16.0},{"not_picked":["Cold Snap+1","Beam Cell+1"],"picked":"Leap","floor":18.0},{"not_picked":["Ball Lightning+1","Coolheaded"],"picked":"Conserve Battery","floor":20.0},{"not_picked":["Hologram","Reprogram"],"picked":"Streamline+1","floor":21.0},{"not_picked":["Gash+1","Stack+1"],"picked":"Loop","floor":23.0},{"not_picked":["Genetic Algorithm","Coolheaded"],"picked":"Barrage+1","floor":28.0},{"not_picked":["Tempest","Sunder+1"],"picked":"Cold Snap+1","floor":29.0},{"not_picked":["Coolheaded+1","Lockon+1"],"picked":"Capacitor+1","floor":31.0},{"not_picked":["Cold Snap+1","Leap"],"picked":"Gash+1","floor":35.0},{"not_picked":["Conserve Battery","Gash+1"],"picked":"Glacier","floor":36.0},{"not_picked":["Sweeping Beam+1","Stack"],"picked":"Fission","floor":38.0},{"not_picked":["Double Energy","Ball Lightning+1"],"picked":"Cold Snap+1","floor":39.0},{"not_picked":["Cold Snap+1","Genetic Algorithm"],"picked":"Blizzard+1","floor":40.0},{"not_picked":["Rebound+1","Steam"],"picked":"Beam Cell+1","floor":44.0},{"not_picked":["Creative AI","Barrage+1"],"picked":"Consume","floor":47.0},{"not_picked":["Redo","Cold Snap+1"],"picked":"Seek","floor":54}],"player_experience":895992,"relics_obtained":[{"floor":9.0,"key":"DataDisk"},{"floor":11.0,"key":"PreservedInsect"},{"floor":14.0,"key":"Molten Egg 2"},{"floor":23.0,"key":"Bottled Tornado"},{"floor":26.0,"key":"Toy Ornithopter"},{"floor":29.0,"key":"Tiny Chest"},{"floor":47.0,"key":"Pen Nib"},{"floor":48.0,"key":"Ancient Tea Set"},{"floor":54,"key":"Bag of Preparation"}],"event_choices":[{"damage_healed":0.0,"max_hp_gain":5.0,"max_hp_loss":0.0,"gold_gain":0.0,"event_name":"Big Fish","player_choice":"Donut","floor":4.0,"gold_loss":0.0,"damage_taken":0.0},{"cards_removed":["Zap"],"damage_healed":0.0,"max_hp_gain":0.0,"max_hp_loss":0.0,"gold_gain":0.0,"event_name":"Purifier","player_choice":"Purged","floor":5.0,"gold_loss":0.0,"damage_taken":0.0},{"damage_healed":0.0,"max_hp_gain":0.0,"max_hp_loss":0.0,"gold_gain":0.0,"event_name":"The Mausoleum","player_choice":"Opened","floor":19.0,"gold_loss":0.0,"damage_taken":0.0,"relics_obtained":["Anchor"],"cards_obtained":["Writhe"]},{"damage_healed":0.0,"max_hp_gain":0.0,"max_hp_loss":0.0,"gold_gain":0.0,"event_name":"Addict","player_choice":"Stole Relic","floor":25.0,"gold_loss":0.0,"damage_taken":0.0,"relics_obtained":["MawBank"],"cards_obtained":["Shame"]},{"damage_healed":0.0,"max_hp_gain":0.0,"max_hp_loss":0.0,"gold_gain":0.0,"event_name":"Duplicator","player_choice":"Copied","floor":30.0,"gold_loss":0.0,"damage_taken":0.0,"cards_obtained":["Glacier"]}],"is_beta":false,"boss_relics":[{"not_picked":["Black Star","Runic Dome"],"picked":"Pandora\u0027s Box"},{"not_picked":["Inserter","Velvet Choker"],"picked":"Astrolabe"}],"items_purged_floors":[3,22,37],"is_endless":false,"potions_floor_spawned":[1,2,7,13,16,20,28,31,33,35,36,38,54],"killed_by":"The Heart","ascension_level":12}}