{"host":"sq65xgedotq5nei3","time":1608522256,"event":{"mods":["AchievementEnabler","BaseMod","Colored Powertips","Duelist Mod","Minty Spire (QoL Compilation)","Permanent Neow","Rare Cards Sparkle","StSLib","SuperFastMode"],"gold_per_floor":[112,130,18,28,28,28,62,62,113,113,113],"floor_reached":10,"playtime":313,"items_purged":["Strike_R"],"score":112,"play_id":"f466d0c3-4cb7-405c-a008-5059a37fdf4c","local_time":"20201221144416","is_ascension_mode":true,"campfire_choices":[{"data":"Entrench","floor":6,"key":"SMITH"},{"data":"Seeing Red","floor":8,"key":"SMITH"}],"circlet_count":0,"master_deck":["AscendersBane","Strike_R","Strike_R","Strike_R","Defend_R","Defend_R","Defend_R","Defend_R","Bash","Dropkick","Entrench+1","Metallicize","Seeing Red+1"],"relics":["Burning Blood","Toy Ornithopter","Blood Vial"],"acts_visited":["Exordium"],"potions_floor_usage":[7,10],"damage_taken":[{"damage":14,"enemies":"2 Louse","floor":1,"turns":3},{"damage":1,"enemies":"Cultist","floor":2,"turns":3},{"damage":0,"enemies":"Small Slimes","floor":4,"turns":3},{"damage":55,"enemies":"Lagavulin","floor":7,"turns":9},{"damage":60,"enemies":"Gremlin Nob","floor":10,"turns":6}],"seed_played":"-7455690152885484010","potions_obtained":[{"floor":2,"key":"Ancient Potion"},{"floor":7,"key":"Swift Potion"}],"is_trial":false,"path_per_floor":["M","M","$","M","?","R","E","R","T","E"],"character_chosen":"IRONCLAD","items_purchased":["Metallicize"],"campfire_rested":0,"item_purchase_floors":[3],"current_hp_per_floor":[60,65,65,71,71,71,22,22,22,0,0],"gold":113,"neow_bonus":"REMOVE_CARD","is_daily":false,"chose_seed":false,"campfire_upgraded":2,"win_rate":0.0,"timestamp":1608522256,"path_taken":["M","M","$","M","?","R","E","R","T","E"],"items_purchased_type":["Card"],"build_version":"2020-12-13","purchased_purges":1,"victory":false,"max_hp_per_floor":[75,75,75,75,75,75,75,75,75,75,75],"card_choices":[{"not_picked":["Anger","Headbutt"],"picked":"Dropkick","floor":1},{"not_picked":["Flame Barrier","Whirlwind"],"picked":"Entrench","floor":2},{"not_picked":["Cleave","Disarm","Combust"],"picked":"SKIP","floor":4},{"not_picked":["Heavy Blade","Havoc"],"picked":"Seeing Red","floor":7}],"player_experience":755890,"relics_obtained":[{"floor":7,"key":"Toy Ornithopter"},{"floor":9,"key":"Blood Vial"}],"event_choices":[{"damage_healed":0,"gold_gain":0,"player_choice":"0 cards matched","damage_taken":0,"max_hp_gain":0,"max_hp_loss":0,"event_name":"Match and Keep!","floor":5,"gold_loss":0,"cards_obtained":[]}],"is_beta":false,"boss_relics":[],"items_purged_floors":[3],"is_endless":false,"potions_floor_spawned":[2,7],"killed_by":"Gremlin Nob","ascension_level":14}}