{"host":"wha9hktbkslqvblg","time":1608528621,"event":{"mods":["BaseMod","Colored Map","Minty Spire (QoL Compilation)","Relic Stats","SuperFastMode","everything is the same but u backflip on backflip"],"gold_per_floor":[116,116,1,71,46,46,74,92,118,3,22,36,111,61,61,137,137,149,249,574,642,692,692,667,667,693,708,225,294,344,370,370,444,444,460,479,329,349,399,427,427,427,427],"floor_reached":42,"playtime":753,"items_purged":["Strike_R","Strike_R","Strike_R","Uppercut+1"],"score":1113,"play_id":"3460e41c-7206-47a3-b100-db849275c3fa","local_time":"20201221143021","is_ascension_mode":true,"campfire_choices":[{"data":"Uppercut","floor":6.0,"key":"SMITH"},{"data":"Fire Breathing","floor":15.0,"key":"SMITH"},{"data":"Body Slam","floor":23.0,"key":"SMITH"},{"data":"Evolve","floor":25.0,"key":"SMITH"},{"data":"Dual Wield","floor":32.0,"key":"SMITH"},{"data":"Entrench","floor":41.0,"key":"SMITH"}],"circlet_count":0,"master_deck":["AscendersBane","Defend_R","Defend_R","Defend_R","Defend_R+1","Pommel Strike","Fire Breathing+1","Body Slam+1","Evolve+1","Power Through","Shockwave","Dual Wield+1","Impervious+1","Entrench+1"],"relics":["Burning Blood","NeowsBlessing","SsserpentHead","Vajra","Centennial Puzzle","Omamori","Calling Bell","Lantern","Meat on the Bone","CaptainsWheel","MealTicket","Frozen Egg 2","Toy Ornithopter","Philosopher\u0027s Stone","War Paint"],"acts_visited":["Exordium","TheCity","TheBeyond"],"potions_floor_usage":[],"damage_taken":[{"damage":0.0,"enemies":"Jaw Worm","floor":1.0,"turns":1.0},{"damage":0.0,"enemies":"Cultist","floor":4.0,"turns":1.0},{"damage":0.0,"enemies":"3 Sentries","floor":7.0,"turns":2.0},{"damage":0.0,"enemies":"2 Louse","floor":8.0,"turns":3.0},{"damage":31.0,"enemies":"Exordium Wildlife","floor":11.0,"turns":4.0},{"damage":16.0,"enemies":"3 Louse","floor":12.0,"turns":4.0},{"damage":0.0,"enemies":"Slime Boss","floor":16.0,"turns":5.0},{"damage":13.0,"enemies":"Spheric Guardian","floor":18.0,"turns":5.0},{"damage":0.0,"enemies":"Chosen","floor":21.0,"turns":4.0},{"damage":8.0,"enemies":"Centurion and Healer","floor":27.0,"turns":5.0},{"damage":6.0,"enemies":"Sentry and Sphere","floor":29.0,"turns":4.0},{"damage":24.0,"enemies":"Slavers","floor":31.0,"turns":3.0},{"damage":10.0,"enemies":"Collector","floor":33.0,"turns":5.0},{"damage":0.0,"enemies":"3 Shapes","floor":35.0,"turns":4.0},{"damage":7.0,"enemies":"Orb Walker","floor":36.0,"turns":3.0},{"damage":32.0,"enemies":"Writhing Mass","floor":38.0,"turns":4.0},{"damage":67.0,"enemies":"Giant Head","floor":40.0,"turns":7.0},{"damage":9,"enemies":"Reptomancer","floor":42,"turns":2}],"seed_played":"-4439993068311785419","potions_obtained":[{"floor":4.0,"key":"SkillPotion"},{"floor":7.0,"key":"Swift Potion"},{"floor":8.0,"key":"Swift Potion"},{"floor":16.0,"key":"Energy Potion"},{"floor":18.0,"key":"HeartOfIron"},{"floor":21.0,"key":"EntropicBrew"},{"floor":33.0,"key":"Swift Potion"},{"floor":35.0,"key":"BloodPotion"},{"floor":40.0,"key":"Ancient Potion"}],"is_trial":false,"path_per_floor":["M","?","$","M","?","R","E","M","T","$","M","M","T","$","R","B",null,"M","?","?","M","?","R","?","R","T","M","$","M","?","E","R","B",null,"M","M","$","M","?","E","R","E"],"character_chosen":"IRONCLAD","items_purchased":["Uppercut","Fire Breathing","Body Slam","Power Through","Frozen Egg 2"],"campfire_rested":0,"item_purchase_floors":[3,10,10,28,28],"current_hp_per_floor":[74,74,74,75,75,75,75,75,75,75,50,40,40,40,40,46,68,61,61,61,67,67,67,67,67,67,65,75,75,75,57,57,58,71,75,74,75,49,49,35,35,26,26],"gold":427,"neow_bonus":"THREE_ENEMY_KILL","is_daily":false,"chose_seed":false,"campfire_upgraded":6,"win_rate":0.0,"timestamp":1608528621,"path_taken":["M","?","$","?","?","R","E","M","T","$","M","M","?","?","R","BOSS","M","?","?","?","?","R","?","R","T","M","$","?","?","E","R","BOSS","M","M","$","M","?","E","R","E"],"items_purchased_type":["Card","Card","Card","Card","Relic"],"build_version":"2020-12-13","purchased_purges":4,"victory":false,"max_hp_per_floor":[75,75,75,75,75,75,75,75,75,75,75,75,75,75,75,75,75,75,75,75,75,75,75,75,75,75,75,75,75,75,75,75,75,75,75,75,75,75,75,75,75,75,75],"relic_stats":{"SsserpentHead":600,"Centennial Puzzle":[33],"counters":[18,66],"MealTicket":11,"War Paint":["Defend_R","Impervious"],"obtain_stats":[{"Lantern":17,"NeowsBlessing":0,"Vajra":7,"Omamori":13,"Frozen Egg 2":28,"War Paint":40,"Burning Blood":0,"Calling Bell":17,"SsserpentHead":2,"Centennial Puzzle":9,"CaptainsWheel":17,"MealTicket":26,"Philosopher\u0027s Stone":34,"Toy Ornithopter":31,"Meat on the Bone":17},{"Lantern":7,"NeowsBlessing":0,"Vajra":3,"Omamori":6,"Frozen Egg 2":10,"War Paint":17,"Burning Blood":0,"Calling Bell":7,"SsserpentHead":1,"Centennial Puzzle":4,"CaptainsWheel":7,"MealTicket":9,"Philosopher\u0027s Stone":13,"Toy Ornithopter":12,"Meat on the Bone":7},{"Lantern":20,"NeowsBlessing":0,"Vajra":4,"Omamori":15,"Frozen Egg 2":34,"War Paint":64,"Burning Blood":0,"Calling Bell":20,"SsserpentHead":1,"Centennial Puzzle":7,"CaptainsWheel":20,"MealTicket":29,"Philosopher\u0027s Stone":46,"Toy Ornithopter":41,"Meat on the Bone":20}],"Burning Blood":79,"Toy Ornithopter":24,"Meat on the Bone":12},"card_choices":[{"not_picked":["Thunderclap","Sentinel"],"picked":"Anger","floor":1.0},{"not_picked":["Iron Wave","Headbutt"],"picked":"Pommel Strike","floor":4.0},{"not_picked":["Feel No Pain","Twin Strike","Armaments"],"picked":"SKIP","floor":7.0},{"not_picked":["Flex","Sword Boomerang","Perfected Strike"],"picked":"SKIP","floor":8.0},{"not_picked":["Corruption","Warcry"],"picked":"Evolve","floor":11.0},{"not_picked":["Twin Strike","Pommel Strike","Dropkick"],"picked":"SKIP","floor":12.0},{"not_picked":["Pommel Strike","True Grit","Thunderclap"],"picked":"SKIP","floor":18.0},{"not_picked":["Fire Breathing","Intimidate","Disarm+1"],"picked":"SKIP","floor":21.0},{"not_picked":["Pummel+1","Pommel Strike","Warcry"],"picked":"SKIP","floor":27.0},{"not_picked":["Rage","Clash","Power Through"],"picked":"SKIP","floor":29.0},{"not_picked":["Ghostly Armor","Limit Break"],"picked":"Dual Wield","floor":31.0},{"not_picked":["Feed","Fiend Fire"],"picked":"Impervious","floor":33.0},{"not_picked":["Heavy Blade","Shrug It Off","Combust+1"],"picked":"SKIP","floor":35.0},{"not_picked":["Rupture+1","Burning Pact"],"picked":"Entrench","floor":36.0},{"not_picked":["True Grit","Sword Boomerang","Iron Wave"],"picked":"SKIP","floor":38.0},{"not_picked":["Power Through","True Grit","Twin Strike"],"picked":"SKIP","floor":40.0}],"player_experience":878087,"relics_obtained":[{"floor":7.0,"key":"Vajra"},{"floor":9.0,"key":"Centennial Puzzle"},{"floor":13.0,"key":"Omamori"},{"floor":17.0,"key":"Lantern"},{"floor":17.0,"key":"Meat on the Bone"},{"floor":17.0,"key":"CaptainsWheel"},{"floor":26.0,"key":"MealTicket"},{"floor":31.0,"key":"Toy Ornithopter"},{"floor":40.0,"key":"War Paint"}],"event_choices":[{"damage_healed":0.0,"max_hp_gain":0.0,"max_hp_loss":0.0,"gold_gain":0.0,"event_name":"FaceTrader","player_choice":"Trade","floor":2.0,"gold_loss":0.0,"damage_taken":0.0,"relics_obtained":["SsserpentHead"]},{"cards_removed":["Strike_R"],"damage_healed":0.0,"max_hp_gain":0.0,"max_hp_loss":0.0,"gold_gain":0.0,"event_name":"The Cleric","player_choice":"Card Removal","floor":5.0,"gold_loss":75.0,"damage_taken":0.0},{"damage_healed":0.0,"max_hp_gain":0.0,"max_hp_loss":0.0,"gold_gain":50.0,"event_name":"Nest","player_choice":"Stole From Cult","floor":19.0,"gold_loss":0.0,"damage_taken":0.0},{"damage_healed":0.0,"max_hp_gain":0.0,"max_hp_loss":0.0,"gold_gain":275.0,"event_name":"Golden Shrine","player_choice":"Desecrate","floor":20.0,"gold_loss":0.0,"damage_taken":0.0,"cards_obtained":["Regret"]},{"damage_healed":0.0,"max_hp_gain":0.0,"max_hp_loss":0.0,"gold_gain":0.0,"event_name":"The Mausoleum","player_choice":"Ignored","floor":22.0,"gold_loss":0.0,"damage_taken":0.0},{"cards_removed":["Strike_R"],"damage_healed":0.0,"max_hp_gain":0.0,"max_hp_loss":0.0,"gold_gain":0.0,"event_name":"Beggar","player_choice":"Gave Gold","floor":24.0,"gold_loss":75.0,"damage_taken":0.0},{"damage_healed":0.0,"max_hp_gain":0.0,"max_hp_loss":0.0,"gold_gain":0.0,"cards_transformed":["Anger","Bash"],"event_name":"Drug Dealer","player_choice":"Became Test Subject","floor":30.0,"gold_loss":0.0,"damage_taken":0.0,"cards_obtained":["Shockwave","Dark Embrace"]},{"cards_removed":["Dark Embrace"],"damage_healed":0.0,"max_hp_gain":0.0,"max_hp_loss":0.0,"gold_gain":0.0,"event_name":"Falling","player_choice":"Removed Power","floor":39.0,"gold_loss":0.0,"damage_taken":0.0}],"is_beta":false,"boss_relics":[{"not_picked":["Empty Cage","Runic Dome"],"picked":"Calling Bell"},{"not_picked":["SacredBark","Snecko Eye"],"picked":"Philosopher\u0027s Stone"}],"items_purged_floors":[3,14,28,37],"is_endless":false,"potions_floor_spawned":[4,7,8,16,18,21,31,33,35,40],"killed_by":"Reptomancer","ascension_level":20}}