{"host":"jx3f6ezc0g3s9edc","time":1608514594,"event":{"mods":["AchievementEnabler","BaseMod","Bestiary","Colored Map","Highlight Path","Minty Spire (QoL Compilation)","StSLib"],"gold_per_floor":[112,112,112,20,34,63,83,115,160,160,173,173,183,195,195,290,290,306,306,205,216,216,216,216],"floor_reached":23,"playtime":1889,"items_purged":["Strike_B"],"score":251,"play_id":"d14899fe-fd62-4e1e-b1fc-0e50238c04e8","local_time":"20201220203634","is_ascension_mode":true,"campfire_choices":[{"data":"Beam Cell","floor":10,"key":"SMITH"},{"floor":12,"key":"REST"},{"floor":15,"key":"REST"}],"circlet_count":0,"master_deck":["Strike_B","Strike_B","Defend_B","Defend_B","Defend_B","Defend_B","Zap","Dualcast","Beam Cell+1","Gash","Capacitor","Streamline","Glacier","Coolheaded","Buffer","Cold Snap"],"relics":["Runic Dome","FaceOfCleric","Matryoshka","Toy Ornithopter","Omamori","Vajra","Velvet Choker","WarpedTongs","MutagenicStrength"],"acts_visited":["Exordium","TheCity"],"potions_floor_usage":[8,16],"damage_taken":[{"damage":3,"enemies":"Small Slimes","floor":1,"turns":4},{"damage":3,"enemies":"2 Louse","floor":5,"turns":3},{"damage":34,"enemies":"Gremlin Nob","floor":6,"turns":4},{"damage":0,"enemies":"Cultist","floor":7,"turns":4},{"damage":1,"enemies":"3 Sentries","floor":8,"turns":12},{"damage":0,"enemies":"Large Slime","floor":11,"turns":5},{"damage":12,"enemies":"Gremlin Gang","floor":13,"turns":6},{"damage":15,"enemies":"Exordium Wildlife","floor":14,"turns":5},{"damage":18,"enemies":"The Guardian","floor":16,"turns":11},{"damage":11,"enemies":"Spheric Guardian","floor":18,"turns":6},{"damage":11,"enemies":"2 Thieves","floor":21,"turns":4},{"damage":54,"enemies":"Gremlin Leader","floor":23,"turns":5}],"seed_played":"-1290286909597076403","potions_obtained":[{"floor":1,"key":"ColorlessPotion"},{"floor":5,"key":"ColorlessPotion"},{"floor":11,"key":"DuplicationPotion"},{"floor":16,"key":"Swift Potion"}],"is_trial":false,"path_per_floor":["M","?","?","$","M","E","M","E","T","R","M","R","M","M","R","B",null,"M","?","$","M","?","E"],"character_chosen":"DEFECT","items_purchased":["Gash","Capacitor","Cold Snap"],"campfire_rested":2,"item_purchase_floors":[4,4,20],"current_hp_per_floor":[72,65,65,65,63,30,31,31,31,31,32,56,45,31,55,43,73,63,63,63,53,53,0,0],"gold":216,"neow_bonus":"BOSS_RELIC","is_daily":false,"chose_seed":false,"campfire_upgraded":1,"win_rate":0.0,"timestamp":1608514594,"path_taken":["M","?","?","$","M","E","?","E","T","R","M","R","M","M","R","BOSS","M","?","$","?","?","E"],"items_purchased_type":["Card","Card","Card"],"build_version":"2020-12-13","purchased_purges":1,"victory":false,"max_hp_per_floor":[75,75,75,75,76,77,78,79,79,79,80,80,81,82,82,83,83,84,84,84,85,85,85,85],"card_choices":[{"not_picked":["Tempest","Stack"],"picked":"Beam Cell","floor":1},{"not_picked":["Reprogram","Hologram"],"picked":"Streamline","floor":5},{"not_picked":["Rebound","Stack"],"picked":"Glacier","floor":6},{"not_picked":["Compile Driver","Doom and Gloom"],"picked":"Coolheaded","floor":7},{"not_picked":["Force Field","Hologram","Conserve Battery"],"picked":"SKIP","floor":8},{"not_picked":["Reinforced Body","Beam Cell","Leap"],"picked":"SKIP","floor":11},{"not_picked":["Fission","Stack","Leap"],"picked":"SKIP","floor":13},{"not_picked":["Ball Lightning","Beam Cell","Conserve Battery"],"picked":"SKIP","floor":14},{"not_picked":["Biased Cognition","Fission"],"picked":"Buffer","floor":16},{"not_picked":["Reinforced Body","Turbo+1","Hologram"],"picked":"SKIP","floor":18},{"not_picked":["Beam Cell","Reinforced Body","Skim"],"picked":"SKIP","floor":21}],"player_experience":700474,"relics_obtained":[{"floor":6,"key":"Matryoshka"},{"floor":8,"key":"Toy Ornithopter"},{"floor":9,"key":"Omamori"},{"floor":9,"key":"Vajra"}],"event_choices":[{"cards_removed":["Strike_B"],"damage_healed":0,"gold_gain":0,"player_choice":"Card Removal","damage_taken":7,"max_hp_gain":0,"max_hp_loss":0,"event_name":"Golden Wing","floor":2,"gold_loss":0},{"damage_healed":0,"gold_gain":0,"player_choice":"Trade","damage_taken":0,"relics_obtained":["FaceOfCleric"],"max_hp_gain":0,"max_hp_loss":0,"event_name":"FaceTrader","floor":3,"gold_loss":0},{"damage_healed":0,"gold_gain":0,"player_choice":"Rummage","damage_taken":0,"relics_obtained":["WarpedTongs"],"max_hp_gain":0,"max_hp_loss":0,"event_name":"Accursed Blacksmith","floor":19,"gold_loss":0,"cards_obtained":["Pain"]},{"damage_healed":0,"gold_gain":0,"player_choice":"Inject Mutagens","damage_taken":0,"relics_obtained":["MutagenicStrength"],"max_hp_gain":0,"max_hp_loss":0,"event_name":"Drug Dealer","floor":22,"gold_loss":0}],"is_beta":false,"boss_relics":[{"not_picked":["Coffee Dripper","Cursed Key"],"picked":"Velvet Choker"}],"items_purged_floors":[20],"is_endless":false,"potions_floor_spawned":[1,5,11,16],"killed_by":"Gremlin Leader","ascension_level":5}}