{"host":"k2x36244ucab5lxq","time":1608578156,"event":{"mods":["2.2 Compatiblity","AchievementEnabler","Act Like it!","Aspiration","BaseMod","Beaked The Cultist","Bestiary","Better Altar","Better Match","Better Note","Better Sensory Stone","Better Skull","Better Third Choice","Better Vampires","BetterRewards","Block Reminder","CatGirl Mod","Clawfect","Clockwork Mod","Colored Map","Conspire","Curses Come First","Downfall","Energized Spire","Gensokyo","GungeonMod","Halation","Hermit","Hubris","Infinite Spire","Jedi Mod","JesterMod","Jorbs\u0027s Wanderer Trilogy","Marisa????????","Marked Mod","Mimic Mod","Minty Spire (QoL Compilation)","Pale of the Ancients","Random Character Button","Rare Cards Sparkle","Relic Sorter","Relic Stats","Replay The Spire","SCP261 Mod","Shop Mod","StSLib","The Administrix","The Alterego","The Blackbeard","The Bladedancer","The Construct","The Cursed","The Disciple","The Judge","The Necromancer","The Problem Sleuth","The Sage","The Servant 0.9.4","The Showman","Transform Curses","Unceasing Turn Reminder","Virulent Crown","egg","everything is the same but u backflip on backflip","slay the spire mod where everything is the same but ironclad has a cowboy hat","thorton"],"gold_per_floor":[99,99,119,133,118,134,160,180,30,64,80,114,289,289,309,406,406,331,331,69,69,69,69,101,129,129,159,259,273,109,121,133,237,237,237,257,288,288,308,336,336,336,371,371,107,107,107,107,119,119,119,152,2,2,2],"floor_reached":56,"playtime":3086,"items_purged":["Doubt","champ:Strike","Voices","stsjorbsmod:Procrastination","champ:Defend"],"score":1918,"play_id":"0a6a751f-ab27-4095-82e5-7ff8ad48a0f7","local_time":"20201221141556","is_ascension_mode":true,"campfire_choices":[{"floor":1,"key":"RECALL"},{"data":"champ:StanceDance","floor":9,"key":"SMITH"},{"data":"ReplayTheSpireMod:??????????????????????","floor":18,"key":"SMITH"},{"data":"Panache","floor":23,"key":"SMITH"},{"data":"champ:GladiatorStyle","floor":26,"key":"SMITH"},{"data":"ReplayTheSpireMod:Brewmster","floor":35,"key":"SMITH"},{"data":"champ:EnchantSword","floor":38,"key":"SMITH"},{"data":"champ:PreciseThrust","floor":42,"key":"SMITH"},{"data":"champ:EnchantCrown","floor":54,"key":"SMITH"}],"circlet_count":0,"master_deck":["champ:Strike","champ:Strike","champ:Strike","champ:Defend","champ:Defend","champ:Defend","champ:Execute","champ:Taunt+1","champ:GladiatorsShout","champ:StanceDance+1","champ:FlashCut","champ:GladiatorStyle+1","champ:SwordSigil","champ:Haymaker","ReplayTheSpireMod:??????????????????????+1","champ:CheapShot","champ:FocusedGladiator+1","Panache+1","hubris:DuctTapeCard+2","champ:EnchantSword+1","champ:BladeFlurry+1","champ:GladiatorsShout","ReplayTheSpireMod:Brewmster+1","champ:PreciseThrust+1","champ:EnchantCrown+1","champ:SwordSigil"],"relics":["champ:ChampionCrown","halation:LettersToHer","downfall:HeartBlessingRed","downfall:HeartBlessingBlue","construct:FoamFinger","Anchor","construct:ClawGrip","downfall:HeartBlessingGreen","infinitespire:FocusingShard","Cursed Key","DemoMod:GlassGuonStoneRelic","HornCleat","hubris:DuctTape","Gremlin Food","DemoMod:LamentConfigurum","Toy Ornithopter","Strange Spoon","halation:ForbiddenBikini","Juzu Bracelet","conspire:DeflatedDodgeball","Replay:Mystery Machine","Blood Vial","theSleuth:Tectrixcalibur"],"acts_visited":["Exordium","TheCity","TheBeyond","TheEnding"],"potions_floor_usage":[5,8,16,16,28,28,33,36,37,49,49,49,50,50,50,55],"damage_taken":[{"damage":2,"enemies":"Jaw Worm","floor":3,"turns":6},{"damage":11,"enemies":"Cultist","floor":4,"turns":4},{"damage":2,"enemies":"downfall:FleeingMerchant","floor":5,"turns":4},{"damage":5,"enemies":"Small Slimes","floor":6,"turns":4},{"damage":0,"enemies":"2 Fungi Beasts","floor":8,"turns":2},{"damage":36,"enemies":"Gremlin Nob","floor":10,"turns":4},{"damage":7,"enemies":"Large Slime","floor":11,"turns":5},{"damage":2,"enemies":"Lots of Slimes","floor":12,"turns":6},{"damage":0,"enemies":"Lots of Slimes","floor":15,"turns":2},{"damage":24,"enemies":"downfall:Ironclad","floor":16,"turns":9},{"damage":4,"enemies":"downfall:FleeingMerchant","floor":20,"turns":5},{"damage":0,"enemies":"Chosen","floor":24,"turns":3},{"damage":0,"enemies":"Replay:Snechameleon","floor":25,"turns":3},{"damage":2,"enemies":"conspire:SneckoGhost","floor":27,"turns":3},{"damage":0,"enemies":"downfall:LadyInBlue","floor":28,"turns":3},{"damage":0,"enemies":"Chosen","floor":29,"turns":2},{"damage":5,"enemies":"downfall:FleeingMerchant","floor":30,"turns":3},{"damage":0,"enemies":"Sentry and Sphere","floor":31,"turns":2},{"damage":0,"enemies":"Chosen and Byrds","floor":32,"turns":2},{"damage":0,"enemies":"downfall:Watcher","floor":33,"turns":3},{"damage":0,"enemies":"3 Darklings","floor":36,"turns":3},{"damage":0,"enemies":"Nemesis","floor":37,"turns":3},{"damage":0,"enemies":"Orb Walker","floor":39,"turns":3},{"damage":0,"enemies":"Reptomancer","floor":40,"turns":3},{"damage":0,"enemies":"Nemesis","floor":43,"turns":2},{"damage":0,"enemies":"Transient","floor":49,"turns":5},{"damage":0,"enemies":"downfall:Silent","floor":50,"turns":3},{"damage":1,"enemies":"downfall:CharBossMerchant","floor":52,"turns":4},{"damage":0,"enemies":"downfall:NeowBoss","floor":55,"turns":12}],"seed_played":"7813121064187858925","potions_obtained":[{"floor":4,"key":"jedi:StrikingPotion"},{"floor":6,"key":"Explosive Potion"},{"floor":11,"key":"champ:OpenerPotion"},{"floor":15,"key":"SneckoOil"},{"floor":16,"key":"Venom Potion"},{"floor":25,"key":"Ancient Potion"},{"floor":27,"key":"Energy Potion"},{"floor":28,"key":"SkillPotion"},{"floor":28,"key":"DemoMod:LeadSkinPotion"},{"floor":33,"key":"hexamod:EctoCoolerPotion"},{"floor":40,"key":"LiquidBronze"},{"floor":52,"key":"ColorlessPotion"}],"is_trial":false,"path_per_floor":["R","?","M","M","$","M","T","M","R","E","M","MIM","?","?","M","B",null,"R","AVR","$","?","?","R","MIM","E","R","E","?","M","$","M","M","B",null,"R","M","E","R","M","E","T","R","E","?","$","?","?","?","M","B",null,"E","$","R","B",null],"character_chosen":"THE_CHAMP","items_purchased":["Panache","ReplayTheSpireMod:Brewmster","champ:PreciseThrust","Strange Spoon","champ:EnchantCrown"],"campfire_rested":0,"item_purchase_floors":[20,30,30,30,45],"current_hp_per_floor":[90,90,90,84,87,87,87,87,97,66,64,67,67,43,43,19,80,80,80,86,86,76,76,81,81,81,84,84,84,89,89,89,94,99,99,100,100,100,100,100,100,100,100,100,100,100,100,100,100,100,100,99,99,99,100],"gold":2,"neow_bonus":"RANDOM_COMMON_RELIC","is_daily":false,"chose_seed":false,"campfire_upgraded":8,"win_rate":0.0,"timestamp":1608578156,"path_taken":["R","?","?","M","$","M","T","M","R","E","M","?","?","?","M","BOSS","R","AVR","$","?","?","R","MIM","E","R","E","?","M","$","M","M","BOSS","R","?","E","R","M","E","T","R","E","?","?","?","?","?","M","BOSS","E","$","R","BOSS"],"items_purchased_type":["Card","Card","Card","Relic","Card"],"build_version":"2020-12-13","purchased_purges":5,"victory":true,"max_hp_per_floor":[90,90,90,90,90,90,90,90,100,100,100,100,100,100,100,100,100,100,100,100,100,100,100,100,100,100,100,100,100,100,100,100,100,100,100,100,100,100,100,100,100,100,100,100,100,100,100,100,100,100,100,100,100,100,100],"relic_stats":{"Blood Vial":1,"Strange Spoon":[64],"counters":[29,113],"Juzu Bracelet":1,"Cursed Key":2,"obtain_stats":[{"Gremlin Food":25,"construct:ClawGrip":17,"construct:FoamFinger":10,"downfall:HeartBlessingRed":9,"hubris:DuctTape":24,"champ:ChampionCrown":0,"downfall:HeartBlessingGreen":18,"halation:ForbiddenBikini":34,"DemoMod:GlassGuonStoneRelic":4,"infinitespire:FocusingShard":19,"Juzu Bracelet":37,"Replay:Mystery Machine":41,"Cursed Key":19,"Blood Vial":43,"Strange Spoon":30,"Anchor":12,"HornCleat":22,"theSleuth:Tectrixcalibur":46,"downfall:HeartBlessingBlue":9,"DemoMod:LamentConfigurum":27,"conspire:DeflatedDodgeball":40,"halation:LettersToHer":0,"Toy Ornithopter":28},{"Gremlin Food":13,"construct:ClawGrip":10,"construct:FoamFinger":6,"downfall:HeartBlessingRed":5,"hubris:DuctTape":12,"champ:ChampionCrown":0,"downfall:HeartBlessingGreen":10,"halation:ForbiddenBikini":20,"DemoMod:GlassGuonStoneRelic":2,"infinitespire:FocusingShard":10,"Juzu Bracelet":22,"Replay:Mystery Machine":24,"Cursed Key":10,"Blood Vial":25,"Strange Spoon":17,"Anchor":8,"HornCleat":11,"theSleuth:Tectrixcalibur":25,"downfall:HeartBlessingBlue":5,"DemoMod:LamentConfigurum":14,"conspire:DeflatedDodgeball":24,"halation:LettersToHer":0,"Toy Ornithopter":15},{"Gremlin Food":57,"construct:ClawGrip":46,"construct:FoamFinger":24,"downfall:HeartBlessingRed":20,"hubris:DuctTape":54,"champ:ChampionCrown":0,"downfall:HeartBlessingGreen":46,"halation:ForbiddenBikini":75,"DemoMod:GlassGuonStoneRelic":10,"infinitespire:FocusingShard":46,"Juzu Bracelet":81,"Replay:Mystery Machine":87,"Cursed Key":46,"Blood Vial":89,"Strange Spoon":68,"Anchor":35,"HornCleat":51,"theSleuth:Tectrixcalibur":89,"downfall:HeartBlessingBlue":20,"DemoMod:LamentConfigurum":60,"conspire:DeflatedDodgeball":87,"halation:LettersToHer":0,"Toy Ornithopter":63}],"Toy Ornithopter":6},"card_choices":[{"not_picked":["champ:TornadoPunch","champ:ShieldSigil"],"picked":"champ:GladiatorsShout","floor":3},{"not_picked":["champ:HeartStrike","champ:FightOn"],"picked":"champ:StanceDance","floor":4},{"not_picked":["champ:Aggression","champ:ShieldSigil"],"picked":"champ:FlashCut","floor":5},{"not_picked":["champ:Control","champ:StanceDance","champ:ShieldSigil"],"picked":"SKIP","floor":6},{"not_picked":["champ:Encircle","champ:SwordSigil"],"picked":"champ:GladiatorStyle","floor":8},{"not_picked":["champ:FocusedDefense","champ:BladeFlurry"],"picked":"champ:SwordSigil","floor":10},{"not_picked":["champ:Riposte","champ:Encircle"],"picked":"champ:SwordSigil","floor":11},{"not_picked":["champ:GladiatorsShout","champ:ShieldSigil"],"picked":"champ:Haymaker","floor":12},{"not_picked":["infinitespire:DeathsTouch","infinitespire:NeuralNetwork"],"picked":"ReplayTheSpireMod:??????????????????????","floor":14},{"not_picked":["champ:Encircle","champ:FightOn","champ:StanceDance"],"picked":"SKIP","floor":15},{"not_picked":["champ:ShieldThrow","champ:VampiricStrike"],"picked":"champ:CheapShot","floor":16},{"not_picked":["champ:Backstep","champ:Duel"],"picked":"champ:FocusedGladiator+1","floor":20},{"not_picked":["champ:SwordSigil","champ:Circumvent"],"picked":"champ:EnchantSword","floor":25},{"not_picked":["champ:FocusedBerserking+1","champ:Circumvent","champ:GladiatorsShout"],"picked":"SKIP","floor":27},{"not_picked":["champ:TornadoPunch","champ:Haymaker"],"picked":"champ:BladeFlurry+1","floor":28},{"not_picked":["champ:BladeFlurry+1","champ:Backstep"],"picked":"champ:GladiatorsShout","floor":29},{"not_picked":["champ:DefensiveStyle","champ:DefensiveShout+1","champ:StanceDance"],"picked":"SKIP","floor":30},{"not_picked":["champ:BerserkerStyle+1","champ:ShieldSlam","champ:FocusedGladiator"],"picked":"SKIP","floor":31},{"not_picked":["champ:GladiatorStyle+1","champ:ShieldSigil","champ:ShieldWall"],"picked":"SKIP","floor":32},{"not_picked":["champ:GutPunch+1","champ:DeathBlow","champ:BladeFlurry+1"],"picked":"SKIP","floor":36},{"not_picked":["champ:Circumvent","champ:RecklessLeap","champ:FlashCut+1"],"picked":"SKIP","floor":37},{"not_picked":["champ:BringItOn+1","champ:CrookedStrike","champ:DefensiveShout"],"picked":"SKIP","floor":39},{"not_picked":["champ:ShieldSlam","champ:ViciousMockery","champ:RageSigil"],"picked":"SKIP","floor":40},{"not_picked":["champ:ShieldSigil+1","champ:FocusedBerserking+1","champ:PerfectedStrike+1"],"picked":"SKIP","floor":43},{"not_picked":["champ:GutPunch","champ:PerfectedStrike+1","champ:HeartStrike"],"picked":"SKIP","floor":49},{"not_picked":["champ:StanceDance","champ:IgnorePain","champ:Haymaker+1"],"picked":"SKIP","floor":52}],"player_experience":558668,"relics_obtained":[{"floor":7,"key":"halation:LettersToHer"},{"floor":10,"key":"construct:FoamFinger"},{"floor":12,"key":"Anchor"},{"floor":12,"key":"halation:LettersToHer"},{"floor":24,"key":"halation:LettersToHer"},{"floor":24,"key":"hubris:DuctTape"},{"floor":25,"key":"Gremlin Food"},{"floor":27,"key":"DemoMod:LamentConfigurum"},{"floor":28,"key":"Toy Ornithopter"},{"floor":37,"key":"Juzu Bracelet"},{"floor":40,"key":"conspire:DeflatedDodgeball"},{"floor":41,"key":"halation:LettersToHer"},{"floor":41,"key":"Replay:Mystery Machine"},{"floor":43,"key":"Blood Vial"}],"event_choices":[{"damage_healed":0,"gold_gain":0,"player_choice":"Upgraded","damage_taken":0,"max_hp_gain":0,"max_hp_loss":0,"event_name":"Upgrade Shrine","floor":2,"gold_loss":0,"cards_upgraded":["champ:Taunt"]},{"damage_healed":0,"gold_gain":0,"player_choice":"HornCleat","damage_taken":0,"relics_obtained":["HornCleat"],"max_hp_gain":0,"max_hp_loss":0,"event_name":"blackbeard:ShipwreckEvent","floor":22,"gold_loss":0},{"damage_healed":0,"gold_gain":0,"player_choice":"Copied","damage_taken":0,"max_hp_gain":0,"max_hp_loss":0,"event_name":"Duplicator","floor":47,"gold_loss":0,"cards_obtained":["champ:SwordSigil"]}],"is_beta":false,"boss_relics":[{"not_picked":["Kintsugi","energizedSpire:EnergizedDie"],"picked":"construct:ClawGrip"},{"not_picked":["infinitespire:Cupcake","SacredBark"],"picked":"halation:ForbiddenBikini"}],"items_purged_floors":[19,20,30,45,53],"is_endless":false,"potions_floor_spawned":[4,6,11,15,16,25,27,29,32,33,40,52],"ascension_level":5}}