{"host":"p4yrwepmrl4g8pul","time":1608539537,"event":{"mods":["Act Like it!","BaseMod","BetterRewards","Colored Map","Custom Start","Gensokyo","Marisa£®ÏF”Í°°ƒß¿Ì…≥£©","Minty Spire (QoL Compilation)","Quick Restart","Rare Cards Sparkle","Reimu£®≤©¿ˆ¡È√Œ£©","Remilia£®¿Ÿ√◊¿Ú—«£©","Remove Card Discount Mod","Shop Mod","StSLib","The Jungle"],"gold_per_floor":[119,1,176,176,194,194,219,219,270,299,317,328,328,71,71,172,172,182,182,198,214,139,139,156,168,468,499,511,324,358,356,356,460,460,473,487,500,518,536,567,577,575,625,637,4,4,16,36,36,36],"floor_reached":51,"playtime":3011,"items_purged":["QueenOfMidnight","ScarletMeister","KillingBlow","BloodyHallows","BatForm","BloodyCatastrophe","CeilingFear","BloodRain","DemonKingCradle","TricksterDevil","CurseOfVladTepes","TransientEternity","EquivalentExchange","ChaoticDestiny","BloodySeventeenLaser","HellCatastrophe","HeartBreak","Shading:ReiMu","Determination:ReiMu","RunawayExorcism:ReiMu","Dreaming:ReiMu","OctopathSalyBorderN:ReiMu","CeremonyResonance:ReiMu","HakureiPhantom:ReiMu","DependentForm:ReiMu","KamiRite:ReiMu","BlastKick2:ReiMu","YinYang:ReiMu","CardOfSanctity:ReiMu","CasketOfStar","StarDustReverie","MaximisePower","Authority:ReiMu","KyokaiOfKami:ReiMu","CleanRite:ReiMu","TreasureHunter","AbsoluteMagnitude","SuperNova","JA","BlazingStar","BigCrunch","EscapeVelocity","SatelliteIllusion","MillisecondPulsars","DevaForm","FinalSpark","Brilliance","BinaryStars","Devotion","ManaRampage","Vault","Blasphemy","ConjureBlade","Echo Form","Corpse Explosion","Ragnarok","SpiritShield","Omniscience","Immolate","Establishment","Alpha","DeusExMachina","Judgement","MasterReality","Scrawl","Wish","ScarletCoffin","Free:ReiMu","Buffer","Seek","All For One","Reboot","Fission","Core Surge","Multi-Cast","Thunder Strike","Biased Cognition","Electrodynamics","Meteor Strike","Amplify","Rainbow","Creative AI","Die Die Die","Envenom","Doppelganger","Burst","Wraith Form v2","Tools of the Trade","After Image","A Thousand Cuts","Venomology","Malaise","Phantasmal Killer","Night Terror","Unload+1","Storm of Steel","Fiend Fire","Berserk","Impervious","Juggernaut","Brutality","Demon Form","Grand Finale","Glass Knife","Feed","Bludgeon","Limit Break","Corruption","Barricade","Reaper","Doubt","Offering","Double Tap","Machine Learning","CollectingQuirk+1","Die Die Die","UltimateShortwave","Genetic Algorithm+1","LessonLearned+1"],"score":956,"play_id":"26a0c858-b715-43db-8176-739835f68ba1","local_time":"20201221163217","daily_mods":["Shiny","Diverse","DeadlyEvents"],"is_ascension_mode":false,"campfire_choices":[{"data":"ForecastOfChange","floor":6.0,"key":"SMITH"},{"data":"Exhume","floor":8.0,"key":"SMITH"},{"floor":13.0,"key":"REST"},{"data":"PrayRite:ReiMu","floor":15.0,"key":"SMITH"},{"data":"Genetic Algorithm","floor":23.0,"key":"SMITH"},{"data":"Evaluate","floor":32.0,"key":"SMITH"},{"data":"Madness","floor":49,"key":"SMITH"}],"circlet_count":0,"master_deck":["ForecastOfChange+1","PrayRite:ReiMu+1","SubcavityFantasy:ReiMu+1","Hyperbeam+1","Adrenaline+1","Bullet Time+1","Exhume+1","Evaluate+1","Evaluate+1","Madness+1"],"relics":["MiniHakkero","CrazyTorch:ReiMu","Oddly Smooth Stone","Art of War","Mastiff:ReiMu","Black Star","Old Coin","Incense Burner","MawBank","TentaclePot:ReiMu","AmplifyWand","Blood Vial","The Courier","Calipers","Dream Catcher","TheAbacus","Letter Opener","InkBottle","Centennial Puzzle"],"acts_visited":["Exordium","TheCity","TheBeyond"],"potions_floor_usage":[50],"damage_taken":[{"damage":11.0,"enemies":"Jaw Worm","floor":1.0,"turns":2.0},{"damage":12.0,"enemies":"2 Louse","floor":5.0,"turns":3.0},{"damage":12.0,"enemies":"Lagavulin","floor":7.0,"turns":5.0},{"damage":9.0,"enemies":"3 Sentries","floor":10.0,"turns":7.0},{"damage":6.0,"enemies":"Small Slimes","floor":11.0,"turns":2.0},{"damage":0.0,"enemies":"Blue Slaver","floor":12.0,"turns":1.0},{"damage":13.0,"enemies":"The Guardian","floor":16.0,"turns":4.0},{"damage":0.0,"enemies":"Spheric Guardian","floor":18.0,"turns":1.0},{"damage":0.0,"enemies":"Chosen","floor":20.0,"turns":1.0},{"damage":0.0,"enemies":"3 Cultists","floor":21.0,"turns":3.0},{"damage":0.0,"enemies":"Sentry and Sphere","floor":24.0,"turns":2.0},{"damage":0.0,"enemies":"Cultist and Chosen","floor":25.0,"turns":1.0},{"damage":0.0,"enemies":"Book of Stabbing","floor":27.0,"turns":2.0},{"damage":0.0,"enemies":"Gremlin Leader","floor":30.0,"turns":2.0},{"damage":0.0,"enemies":"Champ","floor":33.0,"turns":3.0},{"damage":0.0,"enemies":"Orb Walker","floor":35.0,"turns":2.0},{"damage":0,"enemies":"3 Darklings","floor":36,"turns":1},{"damage":0,"enemies":"Maw","floor":37,"turns":3},{"damage":0,"enemies":"Sphere and 2 Shapes","floor":38,"turns":1},{"damage":0,"enemies":"4 Shapes","floor":39,"turns":1},{"damage":0,"enemies":"Giant Head","floor":40,"turns":3},{"damage":0,"enemies":"Maw","floor":41,"turns":3},{"damage":0,"enemies":"Sphere and 2 Shapes","floor":44,"turns":1},{"damage":0,"enemies":"Transient","floor":47,"turns":5},{"damage":0,"enemies":"Maw","floor":48,"turns":5},{"damage":0,"enemies":"Donu and Deca","floor":50,"turns":3}],"seed_played":"-2306478033321935488","potions_obtained":[{"floor":5.0,"key":"DistilledChaos"},{"floor":11.0,"key":"Energy Potion"},{"floor":16.0,"key":"FearPotion"},{"floor":21.0,"key":"ColorlessPotion"},{"floor":25.0,"key":"ShroomBrew"},{"floor":36,"key":"Block Potion"}],"is_trial":true,"path_per_floor":["M","$","?","?","M","R","E","R","T","E","M","M","R","$","R","B",null,"M","?","M","M","$","R","M","M","T","E","?","$","E","$","R","B",null,"M","M","M","M","M","E","M","$","T","M","$","?","M","M","R","B",null],"character_chosen":"MARISA","items_purchased":["Mastiff:ReiMu","Genetic Algorithm","Evaluate","TentaclePot:ReiMu","TheAbacus","Letter Opener","InkBottle","Centennial Puzzle"],"campfire_rested":1,"item_purchase_floors":[14,22,29,29,45,45,45,45],"current_hp_per_floor":[64,64,64,64,54,54,42,42,42,33,27,27,49,49,49,36,75,75,75,75,75,75,75,75,75,75,75,75,75,75,75,75,75,75,75,75,75,75,75,75,75,75,75,75,75,75,75,75,75,75],"gold":36,"neow_bonus":"","is_daily":false,"chose_seed":false,"campfire_upgraded":6,"win_rate":0.0,"timestamp":1608539537,"path_taken":["M","$","?","?","M","R","E","R","T","?","M","M","R","$","R","BOSS","M","?","M","M","$","R","M","M","T","E","?","?","?","$","R","BOSS","M","M","?","M","?","E","?","$","T","M","$","?","M","M","R","BOSS"],"items_purchased_type":["Relic","Card","Card","Relic","Relic","Relic","Relic","Relic"],"build_version":"2020-12-13","purchased_purges":119,"victory":true,"max_hp_per_floor":[75,75,75,75,75,75,75,75,75,75,75,75,75,75,75,75,75,75,75,75,75,75,75,75,75,75,75,75,75,75,75,75,75,75,75,75,75,75,75,75,75,75,75,75,75,75,75,75,75,75],"card_choices":[{"not_picked":["Compile Driver","SubcavityInstant:ReiMu","Eviscerate"],"picked":"SKIP","floor":1.0},{"not_picked":["OrbThrow:ReiMu","Reckless Charge","Well Laid Plans"],"picked":"SKIP","floor":5.0},{"not_picked":["Bane","BloodHunter","WonderfulDomain:ReiMu"],"picked":"SKIP","floor":7.0},{"not_picked":["SpringWay:ReiMu","OrbThrow:ReiMu"],"picked":"Die Die Die","floor":10.0},{"not_picked":["Reprogram","Flex","Heavy Blade"],"picked":"SKIP","floor":11.0},{"not_picked":["EternalNight","Compile Driver","Skewer"],"picked":"SKIP","floor":12.0},{"not_picked":["IllusionStar","WitchOfGreed+1","Halt"],"picked":"SKIP","floor":18.0},{"not_picked":["PiercingWail","SubcavityInstant:ReiMu","Flex"],"picked":"SKIP","floor":20.0},{"not_picked":["FearNoEvil","FoulBorder2:ReiMu","RedRainbow"],"picked":"SKIP","floor":21.0},{"not_picked":["WitchLeyline+1","PathToVictory","RainPray2:ReiMu"],"picked":"SKIP","floor":24.0},{"not_picked":["Tempest","WitchOfGreed","Streamline"],"picked":"SKIP","floor":25.0},{"not_picked":["Consume","Choke+1"],"picked":"Evaluate","floor":27.0},{"not_picked":["Iron Wave","Burning Pact","CeilingFear"],"picked":"SKIP","floor":30.0},{"not_picked":["DarkMatter+1","FantasyMoon:ReiMu+1","Deflect+1"],"picked":"SKIP","floor":35.0},{"not_picked":["Flying Knee+1","VampireFantasy+1","MillenniumVampire+1"],"picked":"SKIP","floor":36},{"not_picked":["Metallicize","Bloodletting","Seeing Red+1"],"picked":"SKIP","floor":37},{"not_picked":["FlurryOfBlows+1","Quick Slash+1","Ultimatum+1"],"picked":"SKIP","floor":38},{"not_picked":["Core Surge","MentalFortress","Infinite Blades"],"picked":"SKIP","floor":39},{"not_picked":["Thunderclap+1","Dreaming:ReiMu","Hello World+1"],"picked":"SKIP","floor":40},{"not_picked":["SashWhip","FlurryOfBlows","Pommel Strike"],"picked":"SKIP","floor":41},{"not_picked":["Sanctity+1","Wild Strike","Self Repair"],"picked":"SKIP","floor":44},{"not_picked":["Secret Weapon","Forethought"],"picked":"Madness","floor":46},{"not_picked":["Fire Breathing+1","BowlingBash+1","ThirdEye+1"],"picked":"SKIP","floor":47},{"not_picked":["Twin Strike+1","WitchLeyline","ClearTheMind+1"],"picked":"SKIP","floor":48}],"player_experience":719137,"relics_obtained":[{"floor":7.0,"key":"CrazyTorch:ReiMu"},{"floor":9.0,"key":"Oddly Smooth Stone"},{"floor":10.0,"key":"Art of War"},{"floor":26.0,"key":"Old Coin"},{"floor":27.0,"key":"Incense Burner"},{"floor":27.0,"key":"MawBank"},{"floor":30.0,"key":"AmplifyWand"},{"floor":30.0,"key":"Blood Vial"},{"floor":40,"key":"The Courier"},{"floor":40,"key":"Calipers"},{"floor":43,"key":"Dream Catcher"}],"event_choices":[{"damage_healed":0.0,"max_hp_gain":0.0,"max_hp_loss":0.0,"gold_gain":175.0,"event_name":"Liars Game","player_choice":"AGREE","floor":3.0,"gold_loss":0.0,"damage_taken":0.0,"cards_obtained":["Doubt"]},{"damage_healed":0.0,"max_hp_gain":0.0,"max_hp_loss":0.0,"gold_gain":0.0,"event_name":"Match and Keep!","player_choice":"0 cards matched","floor":4.0,"gold_loss":0.0,"damage_taken":0.0,"cards_obtained":[]},{"damage_healed":0.0,"max_hp_gain":0.0,"max_hp_loss":0.0,"gold_gain":0.0,"event_name":"Ghosts","player_choice":"Ignored","floor":19.0,"gold_loss":0.0,"damage_taken":0.0},{"damage_healed":0.0,"max_hp_gain":0.0,"max_hp_loss":0.0,"gold_gain":0.0,"event_name":"Cursed Tome","player_choice":"Ignored","floor":28.0,"gold_loss":0.0,"damage_taken":0.0},{"damage_healed":0,"gold_gain":0,"player_choice":"Memory 1","damage_taken":0,"max_hp_gain":0,"max_hp_loss":0,"event_name":"SensoryStone","floor":46,"gold_loss":0}],"is_beta":false,"boss_relics":[{"not_picked":["BewitchedHakkero","Fusion Hammer"],"picked":"Black Star"},{"not_picked":["Tiny House","Velvet Choker","Coffee Dripper"]}],"items_purged_floors":[2,2,2,2,2,2,2,2,2,2,2,2,2,2,2,2,2,2,2,2,2,2,2,2,2,2,2,2,2,2,2,2,2,2,2,2,2,2,2,2,2,2,2,2,2,2,2,2,2,2,2,2,2,2,2,2,2,2,2,14,14,14,14,14,14,14,14,14,14,14,14,14,14,14,14,14,14,14,14,14,14,14,14,14,14,14,14,14,14,14,14,14,14,14,14,14,14,14,14,14,14,14,14,14,14,14,14,14,14,14,14,14,14,14,14,22,22,31,42],"is_endless":false,"potions_floor_spawned":[5,11,16,21,25,27,36,41,44,47,48],"ascension_level":0}}