{"host":"ov7kp8bjf83ind03","time":1608510849,"event":{"mods":["AchievementEnabler","BaseMod","Better Note","Colored Map","Colored Powertips","Downfall","Minty Spire (QoL Compilation)","Permanent Neow","Rare Cards Sparkle","Relic Sorter","Relic Stats","StSLib","everything is the same but u backflip on backflip"],"gold_per_floor":[0,31,66,132,174,202,225,225,225,225],"floor_reached":9,"playtime":644,"items_purged":[],"score":78,"play_id":"ec6a3454-07eb-4b27-af29-143dc0b3a452","local_time":"20201220193409","is_ascension_mode":true,"campfire_choices":[{"data":"HandOfGreed","floor":1,"key":"SMITH"},{"data":"champ:StrikeOfGenius","floor":8,"key":"SMITH"}],"circlet_count":0,"master_deck":["champ:Strike","champ:Strike","champ:Strike","champ:Strike","champ:Defend","champ:Defend","champ:Defend","champ:Defend","champ:Execute","champ:Taunt","HandOfGreed+1","champ:ShieldSigil","champ:ViciousMockery","champ:DefensiveStyle","champ:SwordSigil","champ:StrikeOfGenius+1"],"relics":["champ:ChampionCrown","Potion Belt","Omamori","MealTicket"],"acts_visited":["Exordium"],"potions_floor_usage":[6],"damage_taken":[{"damage":42,"enemies":"Lagavulin","floor":2,"turns":8},{"damage":9,"enemies":"Cultist","floor":3,"turns":3},{"damage":11,"enemies":"Small Slimes","floor":4,"turns":4},{"damage":5,"enemies":"2 Louse","floor":5,"turns":3},{"damage":30,"enemies":"Gremlin Nob","floor":6,"turns":3},{"damage":27,"enemies":"Lagavulin","floor":9,"turns":5}],"seed_played":"4704059389670633127","potions_obtained":[{"floor":3,"key":"Energy Potion"},{"floor":5,"key":"ColorlessPotion"}],"is_trial":false,"path_per_floor":["R","E","M","M","M","E","T","R","E"],"character_chosen":"THE_CHAMP","items_purchased":[],"campfire_rested":0,"item_purchase_floors":[],"current_hp_per_floor":[90,58,57,46,46,24,24,24,0,0],"gold":225,"neow_bonus":"RANDOM_COLORLESS_2","is_daily":false,"chose_seed":false,"campfire_upgraded":2,"win_rate":0.0,"timestamp":1608510849,"path_taken":["R","E","M","M","M","E","T","R","E"],"items_purchased_type":[],"build_version":"2020-12-13","purchased_purges":0,"victory":false,"max_hp_per_floor":[90,90,90,90,90,90,90,90,90,90],"relic_stats":{"counters":[6,26],"MealTicket":0,"obtain_stats":[{"Potion Belt":2,"champ:ChampionCrown":0,"MealTicket":7,"Omamori":6},{"Potion Belt":1,"champ:ChampionCrown":0,"MealTicket":5,"Omamori":5},{"Potion Belt":8,"champ:ChampionCrown":0,"MealTicket":21,"Omamori":21}]},"card_choices":[{"not_picked":["Secret Technique","Mayhem"],"picked":"HandOfGreed","floor":0},{"not_picked":["champ:BringItOn","champ:FlashCut"],"picked":"champ:ShieldSigil","floor":2},{"not_picked":["champ:BladeFlurry","champ:FlashCut"],"picked":"champ:ViciousMockery","floor":3},{"not_picked":["champ:GutPunch","champ:CalledShot"],"picked":"champ:DefensiveStyle","floor":4},{"not_picked":["champ:DeathBlow","champ:AdrenalArmor"],"picked":"champ:SwordSigil","floor":5},{"not_picked":["champ:Aggression","champ:Shatter"],"picked":"champ:StrikeOfGenius","floor":6}],"player_experience":185325,"relics_obtained":[{"floor":2,"key":"Potion Belt"},{"floor":6,"key":"Omamori"},{"floor":7,"key":"MealTicket"}],"event_choices":[],"is_beta":false,"boss_relics":[],"items_purged_floors":[],"is_endless":false,"potions_floor_spawned":[3,5],"killed_by":"Lagavulin","ascension_level":2}}