{"host":"aioitfzuz1h9wkvz","time":1608533311,"event":{"mods":["AchievementEnabler","BaseMod","Colored Map","Minty Spire (QoL Compilation)","Quick Restart","Relic Stats","Spicy Shops","StSLib"],"gold_per_floor":[111,129,129,54,71,102,102,102,126,126,126,126],"floor_reached":11,"playtime":444,"items_purged":["Fire Breathing"],"score":85,"play_id":"82b4d58b-efff-4335-a451-833d78de56bf","local_time":"20201221164831","is_ascension_mode":true,"campfire_choices":[{"floor":8,"key":"REST"},{"data":"Cleave","floor":10,"key":"SMITH"}],"circlet_count":0,"master_deck":["Strike_R","Strike_R","Strike_R","Strike_R","Strike_R","Defend_R+1","Defend_R","Defend_R","Defend_R","Cleave+1","Shrug It Off+1","Metallicize","Flex+1"],"relics":["Burning Blood","Oddly Smooth Stone","Tiny Chest"],"acts_visited":["Exordium"],"potions_floor_usage":[],"damage_taken":[{"damage":14,"enemies":"Jaw Worm","floor":1,"turns":5},{"damage":6,"enemies":"Cultist","floor":2,"turns":3},{"damage":10,"enemies":"Small Slimes","floor":5,"turns":4},{"damage":31,"enemies":"3 Sentries","floor":6,"turns":11},{"damage":26,"enemies":"Lagavulin","floor":11,"turns":5}],"seed_played":"-7342959022007505103","potions_obtained":[],"is_trial":false,"path_per_floor":["M","M","?","$","M","E","?","R","T","R","E"],"character_chosen":"IRONCLAD","items_purchased":[],"campfire_rested":1,"item_purchase_floors":[],"current_hp_per_floor":[72,72,72,72,68,43,27,51,51,51,25,25],"gold":126,"neow_bonus":"TRANSFORM_CARD","is_daily":false,"chose_seed":false,"campfire_upgraded":1,"win_rate":0.0,"timestamp":1608533311,"path_taken":["M","M","?","$","?","E","?","R","T","R","E"],"items_purchased_type":[],"build_version":"2020-12-13","purchased_purges":1,"victory":false,"max_hp_per_floor":[80,80,80,80,80,80,80,80,80,80,80,80],"relic_stats":{"counters":[5,28],"Tiny Chest":0,"obtain_stats":[{"Oddly Smooth Stone":6,"Tiny Chest":9,"Burning Blood":0},{"Oddly Smooth Stone":4,"Tiny Chest":4,"Burning Blood":0},{"Oddly Smooth Stone":23,"Tiny Chest":23,"Burning Blood":0}],"Burning Blood":24},"card_choices":[{"not_picked":["Perfected Strike","Flex"],"picked":"Cleave","floor":1},{"not_picked":["Combust","Warcry"],"picked":"Shrug It Off","floor":2},{"not_picked":["Havoc","Headbutt"],"picked":"Metallicize","floor":5},{"not_picked":["Exhume","Power Through"],"picked":"Flex","floor":6}],"player_experience":688207,"relics_obtained":[{"floor":6,"key":"Oddly Smooth Stone"},{"floor":9,"key":"Tiny Chest"}],"event_choices":[{"damage_healed":0,"gold_gain":0,"player_choice":"Upgraded","damage_taken":0,"max_hp_gain":0,"max_hp_loss":0,"event_name":"Upgrade Shrine","floor":3,"gold_loss":0,"cards_upgraded":["Shrug It Off"]},{"damage_healed":0,"gold_gain":0,"player_choice":"Entered Light","damage_taken":16,"max_hp_gain":0,"max_hp_loss":0,"event_name":"Shining Light","floor":7,"gold_loss":0,"cards_upgraded":["Flex","Defend_R"]}],"is_beta":false,"boss_relics":[],"items_purged_floors":[4],"is_endless":false,"potions_floor_spawned":[],"killed_by":"Lagavulin","ascension_level":4}}