{"host":"df9o10zwd5ba1nc2","time":1608519464,"event":{"mods":["Aspiration","Bard","BaseMod","Beaked The Cultist","Better Altar","Better Match","Better Note","Better Sensory Stone","Better Skull","Better Third Choice","BetterRewards","CCEM","Clawfect","Colored Map","Conspire","Downfall","GifTheSpireLib","Googly Eyes","Halation","Hermit","Highlight Path","Hubris","Hunter ??","Infinite Spire","Jedi Mod","Jorbs\u0027s Wanderer Trilogy","Mad Scientist","Marisa????????","Minty Spire (QoL Compilation)","Permanent Neow","Replay The Spire","Shade Mod","Shop Mod","Spicy Shops","StSLib","Stuff the Spire","The Administrix","The Animator","The Blackbeard","The Construct","The Cursed","The Disciple","The Gatherer","The Hierophant","The Mystic","The Necromancer","The Problem Sleuth","The Servant 0.9.4","The Spell Scribe","The Witch","Unceasing Turn Reminder","everything is the same but u backflip on backflip","slay the spire mod where everything is the same but ironclad has a cowboy hat"],"gold_per_floor":[199,199,124,124,140,140,140,4,14,49,62,62,82,96,113,208,208,58,77,88,88,88,118,190,215,254,254,276,276,276,276,276],"floor_reached":30,"playtime":2234,"items_purged":[],"score":320,"play_id":"7f69789b-5067-41d0-914e-686e386e6e09","local_time":"20201220215744","is_ascension_mode":false,"campfire_choices":[{"floor":1,"key":"RECALL"},{"data":"Slimebound:Split","floor":3,"key":"SMITH"},{"data":"Slimebound:CorrosiveSpit","floor":18,"key":"SMITH"}],"circlet_count":0,"master_deck":["Slimebound:Strike_Slimebound","Slimebound:Strike_Slimebound","Slimebound:Tackle","Slimebound:Defend_Slimebound","Slimebound:Defend_Slimebound","Slimebound:Split+1","Slimebound:CorrosiveSpit+1","Malaise+1","Cloak And Dagger","Slimebound:DisruptingSlam+1","Slimebound:FinishingTackle+1","Slimebound:GrowthPunch+1","Slimebound:Equalize+1","Slimebound:GoopSpray","Slimebound:LeechEnergy+1","Slimebound:LivingWall","Slimebound:GoopSpray","Slimebound:Schlurp","Slimebound:SlimeSpikes","Slimebound:LeechLife+1","Slimebound:SlimeBrawl","Slimebound:RollThrough+1","hubris:Fate","Slimebound:SplitLeeching+1","Slimebound:LeechingTouch+1","Slimebound:DivideAndConquer","StuffTheSpire:Deluminance","StuffTheSpire:Deluminance","StuffTheSpire:Deluminance","StuffTheSpire:Deluminance","StuffTheSpire:Deluminance","Slimebound:SlimeSpikes+1"],"relics":["Slimebound:AbsorbEndCombat","downfall:HeartBlessingRed","downfall:ShatteredFragment","Molten Egg 2","Mercury Hourglass","downfall:HeartBlessingGreen","downfall:HeartBlessingBlue","Guide Book","Blue Doll","infinitespire:Midas Blood","conspire:BottledYoYo","StuffTheSpire:BlackoutCurse","halation:PinkSoulGem"],"acts_visited":["Exordium","TheCity"],"potions_floor_usage":[10,16],"damage_taken":[{"damage":15,"enemies":"Jaw Worm","floor":5,"turns":4},{"damage":9,"enemies":"downfall:FleeingMerchant","floor":8,"turns":4},{"damage":9,"enemies":"2 Louse","floor":9,"turns":2},{"damage":26,"enemies":"Lagavulin","floor":10,"turns":6},{"damage":3,"enemies":"conspire:RoseBush","floor":11,"turns":2},{"damage":4,"enemies":"Exordium Thugs","floor":13,"turns":3},{"damage":8,"enemies":"Lots of Slimes","floor":14,"turns":3},{"damage":3,"enemies":"3 Louse","floor":15,"turns":2},{"damage":58,"enemies":"downfall:Defect","floor":16,"turns":7},{"damage":9,"enemies":"3 Byrds","floor":19,"turns":4},{"damage":9,"enemies":"Chosen","floor":20,"turns":5},{"damage":33,"enemies":"Replay:Snechameleon","floor":23,"turns":6},{"damage":22,"enemies":"Centurion and Healer","floor":25,"turns":5},{"damage":21,"enemies":"conspire:SneckoGhost","floor":26,"turns":5},{"damage":23,"enemies":"Snake Plant","floor":28,"turns":4},{"damage":0,"enemies":"Snecko","floor":30,"turns":1}],"seed_played":"4615425264244623677","potions_obtained":[{"floor":9,"key":"Slimebound:SlimedPotion"},{"floor":10,"key":"Fruit Juice"},{"floor":11,"key":"PowerPotion"},{"floor":14,"key":"Dexterity Potion"},{"floor":23,"key":"construct:ShiftPotion"},{"floor":25,"key":"jedi:hoardpotion"}],"is_trial":false,"path_per_floor":["R","?","R","T","M","?","T","$","M","E","M","?","M","M","M","B",null,"R","M","M","?","AVR","E","T","M","E","?","M","?","M"],"character_chosen":"SLIMEBOUND","items_purchased":["Slimebound:GrowthPunch+1","Slimebound:Equalize+1"],"campfire_rested":0,"item_purchase_floors":[8,8],"current_hp_per_floor":[60,60,60,60,60,42,42,49,56,53,58,58,58,50,55,35,65,75,75,75,75,75,57,57,63,66,66,59,59,59,59,59],"gold":276,"neow_bonus":"HUNDRED_GOLD","is_daily":false,"chose_seed":false,"campfire_upgraded":2,"win_rate":0.0,"timestamp":1608519464,"path_taken":["R","?","R","?","M","?","T","?","M","E","M","?","?","M","M","BOSS","R","M","M","?","AVR","E","T","M","E","?","M","?","M"],"items_purchased_type":["Card","Card"],"build_version":"2020-12-13","purchased_purges":0,"victory":false,"max_hp_per_floor":[60,60,60,60,60,60,60,60,60,65,65,65,65,65,65,65,65,75,75,75,75,75,75,75,75,75,75,75,75,75,75,75],"card_choices":[{"not_picked":["Slimebound:ComboTackle","Slimebound:SlimeSpikes"],"picked":"Slimebound:DisruptingSlam","floor":5},{"not_picked":["Slimebound:LeadByExample","Slimebound:LeechEnergy+1"],"picked":"Slimebound:FinishingTackle+1","floor":8},{"not_picked":["Slimebound:ViciousTackle+1","Slimebound:SlimeSpikes"],"picked":"Slimebound:GoopSpray","floor":9},{"not_picked":["Slimebound:Repurpose","Slimebound:ComboTackle+1"],"picked":"Slimebound:LeechEnergy+1","floor":10},{"not_picked":["Slimebound:LeechingTouch+1","Slimebound:SplitLeeching"],"picked":"Slimebound:LivingWall","floor":11},{"not_picked":["Slimebound:GoopTackle+1","Slimebound:SpikyOuterGoop"],"picked":"Slimebound:GoopSpray","floor":13},{"not_picked":["Slimebound:DivideAndConquer","Slimebound:ViciousTackle+1"],"picked":"Slimebound:Schlurp","floor":14},{"not_picked":["Slimebound:DivideAndConquer","Slimebound:PressTheAttack+1"],"picked":"Slimebound:SlimeSpikes","floor":15},{"not_picked":["Slimebound:SlimeSlap+1","Slimebound:Overexert"],"picked":"Slimebound:LeechLife+1","floor":16},{"not_picked":["Slimebound:FirmFortitude","Slimebound:SplitBruiser"],"picked":"Slimebound:SlimeBrawl","floor":19},{"not_picked":["Slimebound:ServeAndProtect+1","Slimebound:LeechEnergy+1"],"picked":"Slimebound:RollThrough+1","floor":20},{"not_picked":["Slimebound:GrowthPunch+1","Slimebound:LeechEnergy+1"],"picked":"Slimebound:SplitLeeching+1","floor":23},{"not_picked":["Slimebound:SlimeSpikes","Slimebound:ComboTackle+1"],"picked":"Slimebound:LeechingTouch+1","floor":25},{"not_picked":["Slimebound:FlameTackle+1","Slimebound:ComboTackle+1"],"picked":"Slimebound:DivideAndConquer","floor":26},{"not_picked":["Slimebound:ViciousTackle+1","Slimebound:ServeAndProtect"],"picked":"Slimebound:SlimeSpikes+1","floor":28}],"player_experience":44844,"relics_obtained":[{"floor":7,"key":"Molten Egg 2"},{"floor":10,"key":"Mercury Hourglass"},{"floor":23,"key":"Blue Doll"},{"floor":24,"key":"infinitespire:Midas Blood"},{"floor":26,"key":"conspire:BottledYoYo"}],"event_choices":[{"cards_removed":["Strike_G"],"damage_healed":0,"gold_gain":0,"player_choice":"Purged","damage_taken":0,"max_hp_gain":0,"max_hp_loss":0,"event_name":"Purifier","floor":12,"gold_loss":0},{"damage_healed":0,"gold_gain":0,"player_choice":"Ignored","damage_taken":0,"max_hp_gain":0,"max_hp_loss":0,"event_name":"betterNote:BetterNote","floor":21,"gold_loss":0,"cards_obtained":["Regret"]}],"is_beta":false,"boss_relics":[{"not_picked":["CCEMRelics:GreenEgg","Kintsugi","StuffTheSpire:Kangaroo"]}],"items_purged_floors":[],"is_endless":false,"potions_floor_spawned":[9,10,11,14,15,23,25],"killed_by":"Snecko","ascension_level":0}}