{"host":"5jn3rki867005t18","time":1608546510,"event":{"mods":["2.2 Compatiblity","AchievementEnabler","BaseMod","Colored Map","DeckTracker","Minty Spire (QoL Compilation)","Permanent Neow","Rare Cards Sparkle","StSLib","SuperFastMode"],"gold_per_floor":[110,110,128,138,148,178,178,213,240,240,240],"floor_reached":10,"playtime":321,"items_purged":[],"score":78,"play_id":"0f11970f-074e-4c06-ae31-5e8dfa4114ef","local_time":"20201221192830","is_ascension_mode":false,"campfire_choices":[{"data":"Twin Strike","floor":7,"key":"SMITH"}],"circlet_count":0,"master_deck":["Strike_R","Strike_R","Strike_R","Strike_R","Defend_R","Defend_R","Defend_R","Defend_R","Bash","Warcry","Twin Strike+1","Spot Weakness","Shrug It Off","Uppercut","Wild Strike"],"relics":["Burning Blood","TungstenRod","Regal Pillow","Pen Nib"],"acts_visited":["Exordium"],"potions_floor_usage":[],"damage_taken":[{"damage":5,"enemies":"Cultist","floor":1,"turns":4},{"damage":7,"enemies":"Small Slimes","floor":3,"turns":5},{"damage":7,"enemies":"2 Louse","floor":4,"turns":2},{"damage":11,"enemies":"2 Fungi Beasts","floor":5,"turns":4},{"damage":45,"enemies":"Lagavulin","floor":6,"turns":8},{"damage":41,"enemies":"Gremlin Nob","floor":8,"turns":5},{"damage":11,"enemies":"3 Sentries","floor":10,"turns":2}],"seed_played":"3129769733466708135","potions_obtained":[{"floor":5,"key":"Weak Potion"},{"floor":6,"key":"Dexterity Potion"},{"floor":8,"key":"Regen Potion"}],"is_trial":false,"path_per_floor":["M","?","M","M","M","E","R","E","T","E"],"character_chosen":"IRONCLAD","items_purchased":[],"campfire_rested":0,"item_purchase_floors":[],"current_hp_per_floor":[88,88,87,86,81,42,42,7,7,0,0],"gold":240,"neow_bonus":"TEN_PERCENT_HP_BONUS","is_daily":false,"chose_seed":false,"campfire_upgraded":1,"win_rate":0.0,"timestamp":1608546510,"path_taken":["M","?","M","M","M","E","R","E","T","E"],"items_purchased_type":[],"build_version":"2020-12-13","purchased_purges":0,"victory":false,"max_hp_per_floor":[88,88,88,88,88,88,88,88,88,88,88],"card_choices":[{"not_picked":["Anger","Armaments"],"picked":"Warcry","floor":1},{"not_picked":["Dark Embrace","Dual Wield"],"picked":"Twin Strike","floor":3},{"not_picked":["Dark Embrace","Whirlwind"],"picked":"Spot Weakness","floor":4},{"not_picked":["Sentinel","Dropkick"],"picked":"Shrug It Off","floor":5},{"not_picked":["True Grit","Entrench"],"picked":"Uppercut","floor":6},{"not_picked":["Anger","True Grit"],"picked":"Wild Strike","floor":8}],"player_experience":34391,"relics_obtained":[{"floor":6,"key":"TungstenRod"},{"floor":8,"key":"Regal Pillow"},{"floor":9,"key":"Pen Nib"}],"event_choices":[{"cards_removed":["Strike_R"],"damage_healed":0,"gold_gain":0,"player_choice":"Offered Basic","damage_taken":0,"max_hp_gain":0,"max_hp_loss":0,"event_name":"Bonfire Elementals","floor":2,"gold_loss":0}],"is_beta":false,"boss_relics":[],"items_purged_floors":[],"is_endless":false,"potions_floor_spawned":[5,6,8],"killed_by":"3 Sentries","ascension_level":0}}