{"host":"kntpungskobv1jqb","time":1608559968,"event":{"mods":["BaseMod","Minty Spire (QoL Compilation)","Replay The Spire","StSLib","SuperFastMode"],"gold_per_floor":[118,118,17,29,29,56,70,70,70,87,104,46,46,66,66,143,193,213,213,153,78,78,78],"floor_reached":22,"playtime":935,"items_purged":[],"score":355,"play_id":"adad51ab-2051-4f5c-8efd-fc13faf1d1ac","local_time":"20201221221248","is_ascension_mode":true,"campfire_choices":[{"data":"Entrench","floor":8,"key":"SMITH"},{"floor":15,"key":"REST"}],"circlet_count":0,"master_deck":["AscendersBane","Strike_R","Strike_R","Strike_R","Defend_R","Defend_R","Defend_R","Defend_R","ReplayTheSpireMod:Stacked","Pommel Strike","Entrench+1","Survey Options","Ghostly Armor","Twin Strike","Flex","Survivor","Neutralize","Exhume","Entrench","Armaments+1","Flame Barrier+1","Shrug It Off","Hemogenesis","Spot Weakness","Rage+1","ReplayTheSpireMod:Strike From Hell"],"relics":["Burning Blood","Question Card","White Beast Statue","Replay:Grab Bag","Ooze Armor","Philosopher\u0027s Stone","Tiny House"],"acts_visited":["Exordium","TheCity"],"potions_floor_usage":[10,11,16,22],"damage_taken":[{"damage":17,"enemies":"Small Slimes","floor":1,"turns":6},{"damage":0,"enemies":"Cultist","floor":4,"turns":3},{"damage":45,"enemies":"3 Sentries","floor":6,"turns":17},{"damage":0,"enemies":"2 Louse","floor":7,"turns":3},{"damage":0,"enemies":"Exordium Wildlife","floor":10,"turns":4},{"damage":3,"enemies":"Looter","floor":11,"turns":4},{"damage":7,"enemies":"Lots of Slimes","floor":14,"turns":5},{"damage":31,"enemies":"The Guardian","floor":16,"turns":11},{"damage":28,"enemies":"Spheric Guardian","floor":18,"turns":6},{"damage":10,"enemies":"2 Thieves","floor":20,"turns":4},{"damage":53,"enemies":"Centurion and Healer","floor":22,"turns":9}],"seed_played":"3117853872927809","potions_obtained":[{"floor":4,"key":"DuplicationPotion"},{"floor":6,"key":"Adrenaline Potion"},{"floor":10,"key":"LiquidMemories"},{"floor":11,"key":"Block Potion"},{"floor":14,"key":"Doom Potion"},{"floor":16,"key":"SteroidPotion"},{"floor":17,"key":"Adrenaline Potion"},{"floor":18,"key":"Energy Potion"},{"floor":20,"key":"Ancient Potion"}],"is_trial":false,"path_per_floor":["M","?","$","M","?","E","M","R","T","M","M","$","?","M","R","B",null,"M","$","M","?","M"],"character_chosen":"IRONCLAD","items_purchased":["Ghostly Armor","Twin Strike","Flame Barrier+1"],"campfire_rested":1,"item_purchase_floors":[3,3,12],"current_hp_per_floor":[57,57,57,63,63,24,30,30,30,36,39,39,39,38,60,35,70,53,53,49,49,0,0],"gold":78,"neow_bonus":"THREE_CARDS","is_daily":false,"chose_seed":false,"campfire_upgraded":1,"win_rate":0.0,"timestamp":1608559968,"path_taken":["M","?","$","?","?","E","M","R","T","M","M","?","?","M","R","BOSS","M","$","?","?","M"],"items_purchased_type":["Card","Card","Card"],"build_version":"2020-12-13","purchased_purges":0,"victory":false,"max_hp_per_floor":[75,75,75,75,75,75,75,75,75,75,75,75,75,75,75,75,80,80,80,80,80,80,80],"card_choices":[{"not_picked":["True Grit","Body Slam"],"picked":"ReplayTheSpireMod:Stacked","floor":0},{"not_picked":["Warcry","Clash"],"picked":"Pommel Strike","floor":1},{"not_picked":["Wild Strike","Thunderclap"],"picked":"Flex","floor":4},{"not_picked":["Pummel","Run Through"],"picked":"Exhume","floor":6},{"not_picked":["Battle Trance","Heavy Blade","Metallicize"],"picked":"Entrench","floor":7},{"not_picked":["Clash","Shockwave","Thunderclap"],"picked":"Armaments","floor":10},{"not_picked":["Carnage","Clothesline","Clash","Headbutt"],"picked":"SKIP","floor":11},{"not_picked":["Fire Breathing","Thunderclap","Twin Strike"],"picked":"Shrug It Off","floor":14},{"not_picked":["Limit Break","Double Tap","Replay:Many Hands"],"picked":"Hemogenesis","floor":16},{"not_picked":["Iron Wave","Anger","Twin Strike"],"picked":"Spot Weakness","floor":17},{"not_picked":["Clash","Dropkick+1","Heavy Blade"],"picked":"Rage+1","floor":18},{"not_picked":["Second Wind+1","Twin Strike","True Grit+1"],"picked":"ReplayTheSpireMod:Strike From Hell","floor":20}],"player_experience":465177,"relics_obtained":[{"floor":6,"key":"Question Card"},{"floor":9,"key":"White Beast Statue"}],"event_choices":[{"damage_healed":0,"gold_gain":0,"player_choice":"2 cards matched","damage_taken":0,"max_hp_gain":0,"max_hp_loss":0,"event_name":"Match and Keep!","floor":2,"gold_loss":0,"cards_obtained":["Entrench","Survey Options"]},{"cards_removed":["Strike_R"],"damage_healed":0,"gold_gain":0,"player_choice":"Purged","damage_taken":0,"max_hp_gain":0,"max_hp_loss":0,"event_name":"Purifier","floor":13,"gold_loss":0},{"cards_removed":["Strike_R"],"damage_healed":0,"gold_gain":0,"player_choice":"Gave Gold","damage_taken":0,"max_hp_gain":0,"max_hp_loss":0,"event_name":"Beggar","floor":21,"gold_loss":75}],"is_beta":false,"boss_relics":[{"not_picked":["Black Star","Replay:Drink Me"],"picked":"Replay:Grab Bag"},{"not_picked":["Fusion Hammer","Runic Dome"],"picked":"Ooze Armor"},{"not_picked":["Busted Crown","Cursed Key"],"picked":"Philosopher\u0027s Stone"},{"not_picked":["Snecko Eye","Mark of Pain"],"picked":"Tiny House"}],"items_purged_floors":[],"is_endless":false,"potions_floor_spawned":[4,6,10,11,14,16,18,20],"killed_by":"Centurion and Healer","ascension_level":14}}