{"host":"baymyijz6sxaqj5s","time":1608534163,"event":{"mods":["AchievementEnabler","BaseMod","Colored Map","Colored Powertips","DeckTracker","KOR Keyword Fix","Keyboard Shortcuts","Minty Spire (QoL Compilation)","StSLib","SuperFastMode"],"gold_per_floor":[109,109,11,23,43,57,92,92,115,135,150,164,184,196,196,301,301,312,312,330,230,248,267,267,267],"floor_reached":24,"playtime":1289,"items_purged":["Strike_R","Strike_R"],"score":206,"play_id":"79c35f79-8ef6-489f-8f2f-e560998cc6bf","local_time":"20201221160243","is_ascension_mode":false,"campfire_choices":[{"data":"Heavy Blade","floor":8,"key":"SMITH"},{"data":"Body Slam","floor":15,"key":"SMITH"}],"circlet_count":0,"master_deck":["Strike_R","Defend_R","Defend_R","Defend_R","Defend_R","Bash","Twin Strike","Limit Break","Heavy Blade+1","Thunderclap","Pommel Strike","Spot Weakness","Headbutt","Armaments","Body Slam+1","Seeing Red","Impervious","Shrug It Off+1","Dual Wield"],"relics":["Burning Blood","Centennial Puzzle","Anchor"],"acts_visited":["Exordium","TheCity"],"potions_floor_usage":[7,7,18,22,22,23,23,23],"damage_taken":[{"damage":4,"enemies":"2 Louse","floor":1,"turns":3},{"damage":1,"enemies":"Cultist","floor":4,"turns":4},{"damage":2,"enemies":"Small Slimes","floor":5,"turns":3},{"damage":7,"enemies":"3 Louse","floor":6,"turns":5},{"damage":26,"enemies":"3 Sentries","floor":7,"turns":5},{"damage":8,"enemies":"Lots of Slimes","floor":10,"turns":5},{"damage":0,"enemies":"Looter","floor":11,"turns":3},{"damage":13,"enemies":"Large Slime","floor":12,"turns":5},{"damage":6,"enemies":"Exordium Wildlife","floor":13,"turns":3},{"damage":8,"enemies":"2 Fungi Beasts","floor":14,"turns":4},{"damage":33,"enemies":"Hexaghost","floor":16,"turns":9},{"damage":16,"enemies":"2 Thieves","floor":18,"turns":4},{"damage":30,"enemies":"Spheric Guardian","floor":20,"turns":6},{"damage":10,"enemies":"Snake Plant","floor":22,"turns":4},{"damage":49,"enemies":"Sentry and Sphere","floor":23,"turns":8},{"damage":9,"enemies":"Cultist and Chosen","floor":24,"turns":4}],"seed_played":"-8178267264081440624","potions_obtained":[{"floor":4,"key":"ElixirPotion"},{"floor":5,"key":"EssenceOfSteel"},{"floor":6,"key":"LiquidBronze"},{"floor":13,"key":"CultistPotion"},{"floor":16,"key":"EssenceOfSteel"},{"floor":20,"key":"EntropicBrew"},{"floor":23,"key":"LiquidMemories"}],"is_trial":false,"path_per_floor":["M","?","$","M","M","M","E","R","T","M","M","M","M","M","R","B",null,"M","?","M","$","M","M","M"],"character_chosen":"IRONCLAD","items_purchased":["Heavy Blade"],"campfire_rested":0,"item_purchase_floors":[3],"current_hp_per_floor":[88,88,88,88,88,87,67,67,67,65,71,64,64,62,62,35,88,78,78,54,54,50,7,0,0],"gold":267,"neow_bonus":"TEN_PERCENT_HP_BONUS","is_daily":false,"chose_seed":false,"campfire_upgraded":2,"win_rate":0.0,"timestamp":1608534163,"path_taken":["M","?","?","M","M","M","E","R","T","M","?","M","M","M","R","BOSS","M","?","?","$","M","M","M"],"items_purchased_type":["Card"],"build_version":"2020-12-13","purchased_purges":2,"victory":false,"max_hp_per_floor":[88,88,88,88,88,88,88,88,88,88,88,88,88,88,88,88,88,88,88,88,88,88,88,88,88],"card_choices":[{"not_picked":["Cleave","Metallicize"],"picked":"Twin Strike","floor":1},{"not_picked":["Flex","Clash"],"picked":"Thunderclap","floor":4},{"not_picked":["Hemokinesis","True Grit"],"picked":"Pommel Strike","floor":5},{"not_picked":["Headbutt","Anger"],"picked":"Spot Weakness","floor":6},{"not_picked":["Wild Strike","Evolve"],"picked":"Headbutt","floor":7},{"not_picked":["Havoc","Hemokinesis","Rampage"],"picked":"SKIP","floor":10},{"not_picked":["Feed","Pummel"],"picked":"Armaments","floor":11},{"not_picked":["Clothesline","Flex","Battle Trance"],"picked":"SKIP","floor":12},{"not_picked":["Cleave","Warcry"],"picked":"Body Slam","floor":13},{"not_picked":["Spot Weakness","Flex"],"picked":"Seeing Red","floor":14},{"not_picked":["Reaper","Immolate"],"picked":"Impervious","floor":16},{"not_picked":["Thunderclap+1","Iron Wave+1"],"picked":"Shrug It Off+1","floor":18},{"not_picked":["Shrug It Off","Headbutt"],"picked":"Dual Wield","floor":20},{"not_picked":["Pommel Strike+1","Anger","Armaments"],"picked":"SKIP","floor":22},{"not_picked":["Shockwave+1","Evolve+1","Uppercut+1"],"picked":"SKIP","floor":23}],"player_experience":157776,"relics_obtained":[{"floor":7,"key":"Centennial Puzzle"},{"floor":9,"key":"Anchor"}],"event_choices":[{"damage_healed":0,"gold_gain":0,"cards_transformed":["Strike_R"],"player_choice":"Transformed","damage_taken":0,"max_hp_gain":0,"max_hp_loss":0,"event_name":"Transmorgrifier","floor":2,"gold_loss":0,"cards_obtained":["Limit Break"]},{"cards_removed":["Strike_R"],"damage_healed":0,"gold_gain":0,"player_choice":"Offered Basic","damage_taken":0,"max_hp_gain":0,"max_hp_loss":0,"event_name":"Bonfire Elementals","floor":19,"gold_loss":0}],"is_beta":false,"boss_relics":[{"not_picked":["Velvet Choker","Runic Dome","Runic Pyramid"]}],"items_purged_floors":[3,21],"is_endless":false,"potions_floor_spawned":[4,5,6,13,16,20,23],"killed_by":"Cultist and Chosen","ascension_level":0}}