{"host":"jgyoyy5iuhtvyvtg","time":1608539134,"event":{"mods":["2.2 Compatiblity","BaseMod","Challenge The Spire","Colored Map","Conspire","Downfall","Hermit","Highlight Path","Infinite Spire","Lobotomy","LobotomyExtend","Minty Spire (QoL Compilation)","Quick Restart","Replay The Spire","Spikes Relics","StSLib","The Construct","The Disciple","The Jungle","Yuri Mod"],"gold_per_floor":[109,182,82,82,94,94,122,136,160,160,175,10,10,27,27,123,123,137,157,38,38,38],"floor_reached":21,"playtime":792,"items_purged":["hermit:Strike_Hermit"],"score":265,"play_id":"11105030-3cfb-46e1-9cc9-2491d3740cba","local_time":"20201221002534","is_ascension_mode":true,"campfire_choices":[{"data":"hermit:Cheat","floor":6.0,"key":"SMITH"},{"data":"hermit:Grudge","floor":10.0,"key":"SMITH"},{"data":"hermit:SprayPray","floor":15.0,"key":"SMITH"}],"circlet_count":0,"master_deck":["hermit:Strike_Hermit","hermit:Strike_Hermit","hermit:Strike_Hermit","hermit:Defend_Hermit","hermit:Defend_Hermit","hermit:Defend_Hermit","hermit:Defend_Hermit","hermit:Snapshot","hermit:Covet","hermit:Cheat+1","Ghostly+1","hermit:Grudge+1","hermit:Misfire+1","hermit:Malice","hermit:SprayPray+1","hermit:Purgatory","hermit:Feint","hermit:ShadowCloak","Bandage Up"],"relics":["hermit:Momento","LetterFromLob","infinitespire:ShieldingShard","Replay:Wax Seal","infinitespire:PuzzleCube","Black Star"],"acts_visited":["Exordium","Exordium"],"potions_floor_usage":[18],"damage_taken":[{"damage":1.0,"enemies":"Cultist","floor":1.0,"turns":4.0},{"damage":1.0,"enemies":"2 Louse","floor":5.0,"turns":3.0},{"damage":0.0,"enemies":"Lagavulin","floor":7.0,"turns":1.0},{"damage":0.0,"enemies":"Jaw Worm","floor":8.0,"turns":3.0},{"damage":13.0,"enemies":"Red Slaver","floor":11.0,"turns":5.0},{"damage":2.0,"enemies":"Lots of Slimes","floor":14.0,"turns":2.0},{"damage":43.0,"enemies":"Fading Forest","floor":16.0,"turns":11.0},{"damage":54,"enemies":"theJungle:5_Spyders","floor":18,"turns":13},{"damage":2,"enemies":"theJungle:Flameango_and_Byrd","floor":19,"turns":4},{"damage":29,"enemies":"theJungle:SlimyTreeVines","floor":21,"turns":7}],"seed_played":"-5241150542157236292","potions_obtained":[{"floor":1.0,"key":"infinitespire:BlackPotion"},{"floor":7.0,"key":"Energy Potion"},{"floor":11.0,"key":"Guardian:BlockOnCardUsePotion"}],"is_trial":false,"path_per_floor":["M","T","?","?","M","R","E","M","T","R","M","$","?","M","R","B",null,"M","M","$","M"],"character_chosen":"HERMIT","items_purchased":["hermit:Misfire","hermit:Malice","hermit:ShadowCloak","Bandage Up"],"campfire_rested":0,"item_purchase_floors":[12,12,20,20],"current_hp_per_floor":[74,74,74,74,73,73,73,73,73,73,60,60,60,58,58,33,70,16,14,14,0,0],"gold":38,"neow_bonus":"TEN_PERCENT_HP_BONUS","is_daily":false,"chose_seed":false,"campfire_upgraded":3,"win_rate":0.0,"timestamp":1608539134,"path_taken":["M","?","?","?","M","R","E","M","T","R","?","$","?","?","R","BOSS","M","M","?","M"],"items_purchased_type":["Card","Card","Card","Card"],"build_version":"2020-12-13","purchased_purges":1,"victory":false,"max_hp_per_floor":[82,82,82,82,82,82,82,82,82,82,82,82,82,82,82,82,82,82,82,82,82,82],"card_choices":[{"not_picked":["hermit:Vantage","hermit:Roulette"],"picked":"hermit:Cheat","floor":1.0},{"not_picked":["hermit:Maintenance","hermit:Ricochet","hermit:Glare"],"picked":"SKIP","floor":5.0},{"not_picked":["hermit:Vantage","hermit:LuckOfTheDraw","hermit:Coalescence"],"picked":"SKIP","floor":7.0},{"not_picked":["hermit:SprayPray","hermit:Manifest"],"picked":"hermit:Grudge","floor":8.0},{"not_picked":["hermit:Combo","hermit:Maintenance","hermit:Showdown"],"picked":"SKIP","floor":11.0},{"not_picked":["hermit:Roulette","hermit:LoneWolf"],"picked":"hermit:SprayPray","floor":14.0},{"not_picked":["hermit:OverwhelmingPower","hermit:Gambit"],"picked":"hermit:Purgatory","floor":16.0},{"not_picked":["hermit:BodyArmor","hermit:Desperado"],"picked":"hermit:Feint","floor":18},{"not_picked":["hermit:GhostlyPresence","hermit:CursedWeapon","hermit:Coalescence+1"],"picked":"SKIP","floor":19}],"player_experience":3174629,"relics_obtained":[{"floor":1.0,"key":"LetterFromLob"},{"floor":2.0,"key":"infinitespire:ShieldingShard"},{"floor":7.0,"key":"Replay:Wax Seal"},{"floor":9.0,"key":"infinitespire:PuzzleCube"}],"event_choices":[{"damage_healed":0.0,"max_hp_gain":0.0,"max_hp_loss":0.0,"gold_gain":0.0,"event_name":"conspire:LoneGhost","player_choice":"Argue","floor":3.0,"gold_loss":0.0,"damage_taken":0.0},{"damage_healed":0.0,"max_hp_gain":0.0,"max_hp_loss":0.0,"gold_gain":0.0,"event_name":"Living Wall","player_choice":"Grow","floor":4.0,"gold_loss":0.0,"damage_taken":0.0,"cards_upgraded":["Ghostly"]},{"damage_healed":0.0,"max_hp_gain":0.0,"max_hp_loss":0.0,"gold_gain":0.0,"event_name":"Upgrade Shrine","player_choice":"Upgraded","floor":13.0,"gold_loss":0.0,"damage_taken":0.0,"cards_upgraded":["hermit:Misfire"]}],"is_beta":false,"boss_relics":[{"not_picked":["Fusion Hammer","Runic Dome"],"picked":"Black Star"}],"items_purged_floors":[12],"is_endless":false,"potions_floor_spawned":[1,7,11],"killed_by":"theJungle:SlimyTreeVines","ascension_level":6}}