{"host":"f0gpob8hq9vgebej","time":1608539414,"event":{"mods":["AchievementEnabler","BaseMod","Googly Eyes","Minty Spire (QoL Compilation)","Quick Restart","SuperFastMode"],"gold_per_floor":[115,127,202,218,188,188,200,210,210,210,61,77,77,95,95,200,200,219,119,145,158,178,178,178,195,263,282,86,86,86,97,97,198,198,216,231,5,24,38,70,70,84,84,84,118,134,134,148,148,148],"floor_reached":51,"playtime":1417,"items_purged":["Strike_G","Defend_G","Defend_G"],"score":1221,"play_id":"3d70947e-9735-4daa-80a6-81d016a3cb7e","local_time":"20201221173014","is_ascension_mode":true,"campfire_choices":[{"data":"After Image","floor":6.0,"key":"SMITH"},{"data":"Accuracy","floor":13.0,"key":"SMITH"},{"data":"Blade Dance","floor":15.0,"key":"SMITH"},{"floor":23.0,"key":"REST"},{"data":"Envenom","floor":29,"key":"SMITH"},{"floor":32,"key":"REST"},{"data":"Accuracy","floor":41,"key":"SMITH"},{"floor":44,"key":"REST"},{"floor":49,"key":"REST"}],"circlet_count":0,"master_deck":["AscendersBane","Strike_G","Strike_G","Strike_G","Defend_G","Defend_G","Defend_G","Survivor","Neutralize","After Image+1","Escape Plan","Blade Dance+1","All Out Attack","Backflip","Blade Dance","Escape Plan","Doppelganger","Accuracy+1","Acrobatics+1","Envenom+1","Backflip+1","Prepared","Malaise","Accuracy+1","Escape Plan","PiercingWail","Venomology","Bandage Up"],"relics":["Ring of the Snake","Pear","SacredBark","Red Mask","Shuriken","HoveringKite","Snake Skull","Centennial Puzzle","Gremlin Horn","Ornamental Fan"],"acts_visited":["Exordium","TheCity","TheBeyond"],"potions_floor_usage":[33,40,46,50,50],"damage_taken":[{"damage":0.0,"enemies":"2 Louse","floor":1.0,"turns":3.0},{"damage":3.0,"enemies":"Cultist","floor":2.0,"turns":4.0},{"damage":1.0,"enemies":"Small Slimes","floor":4.0,"turns":4.0},{"damage":9.0,"enemies":"Exordium Thugs","floor":5.0,"turns":5.0},{"damage":7.0,"enemies":"Blue Slaver","floor":7.0,"turns":4.0},{"damage":6.0,"enemies":"Large Slime","floor":8.0,"turns":6.0},{"damage":1.0,"enemies":"Lots of Slimes","floor":12.0,"turns":2.0},{"damage":3.0,"enemies":"3 Louse","floor":14.0,"turns":2.0},{"damage":0.0,"enemies":"Slime Boss","floor":16.0,"turns":8.0},{"damage":0.0,"enemies":"3 Byrds","floor":18.0,"turns":4.0},{"damage":20.0,"enemies":"Masked Bandits","floor":20.0,"turns":4.0},{"damage":1.0,"enemies":"2 Thieves","floor":21.0,"turns":3.0},{"damage":29.0,"enemies":"Snake Plant","floor":22.0,"turns":6.0},{"damage":17.0,"enemies":"Centurion and Healer","floor":25.0,"turns":7.0},{"damage":30,"enemies":"Sentry and Sphere","floor":27,"turns":6},{"damage":9,"enemies":"Snake Plant","floor":31,"turns":6},{"damage":9,"enemies":"Collector","floor":33,"turns":7},{"damage":3,"enemies":"3 Shapes","floor":35,"turns":6},{"damage":28,"enemies":"3 Darklings","floor":36,"turns":5},{"damage":10,"enemies":"Writhing Mass","floor":38,"turns":6},{"damage":6,"enemies":"Maw","floor":39,"turns":6},{"damage":13,"enemies":"Reptomancer","floor":40,"turns":6},{"damage":48,"enemies":"4 Shapes","floor":42,"turns":6},{"damage":4,"enemies":"Giant Head","floor":45,"turns":6},{"damage":9,"enemies":"Sphere and 2 Shapes","floor":46,"turns":4},{"damage":23,"enemies":"Spire Growth","floor":48,"turns":5},{"damage":35,"enemies":"Awakened One","floor":50,"turns":8}],"seed_played":"6271289727835242398","potions_obtained":[{"floor":1.0,"key":"SpeedPotion"},{"floor":5.0,"key":"DistilledChaos"},{"floor":7.0,"key":"Swift Potion"},{"floor":16.0,"key":"FairyPotion"},{"floor":21.0,"key":"Regen Potion"},{"floor":22.0,"key":"Fruit Juice"},{"floor":31,"key":"Weak Potion"},{"floor":35,"key":"AttackPotion"},{"floor":38,"key":"ColorlessPotion"},{"floor":39,"key":"FairyPotion"},{"floor":45,"key":"GamblersBrew"},{"floor":46,"key":"CunningPotion"}],"is_trial":false,"path_per_floor":["M","M","?","M","M","R","M","M","T","?","$","M","R","M","R","B",null,"M","$","?","M","M","R","?","M","T","M","$","R","?","M","R","B",null,"M","M","$","M","M","E","R","M","T","R","E","M","?","M","R","B",null],"character_chosen":"THE_SILENT","items_purchased":["Accuracy","DuplicationPotion","Snake Skull","Accuracy"],"campfire_rested":4,"item_purchase_floors":[11,28,37,37],"current_hp_per_floor":[63,60,54,53,44,44,37,31,41,41,41,40,40,37,37,37,64,64,64,44,43,24,48,48,31,31,1,1,1,1,41,65,56,76,73,45,45,35,29,16,16,36,36,60,56,47,47,28,52,21],"gold":148,"neow_bonus":"THREE_RARE_CARDS","is_daily":false,"chose_seed":false,"campfire_upgraded":5,"win_rate":0.0,"timestamp":1608539414,"path_taken":["M","M","?","M","M","R","?","M","T","?","?","M","R","M","R","BOSS","M","$","?","M","M","R","?","?","T","M","$","R","?","M","R","BOSS","M","M","$","M","M","E","R","M","T","R","E","M","?","M","R","BOSS"],"items_purchased_type":["Card","Potion","Relic","Card"],"build_version":"2020-12-13","purchased_purges":3,"victory":true,"max_hp_per_floor":[63,63,63,63,63,63,63,63,73,73,73,73,73,73,73,73,73,73,73,73,73,83,83,83,83,83,83,83,83,83,83,83,83,83,83,83,83,83,83,83,83,83,83,83,83,83,83,83,83,83],"card_choices":[{"not_picked":["Adrenaline","Storm of Steel"],"picked":"After Image","floor":0.0},{"not_picked":["Quick Slash","Sucker Punch"],"picked":"Escape Plan","floor":1.0},{"not_picked":["Sucker Punch","Backflip"],"picked":"Blade Dance","floor":2.0},{"not_picked":["Doppelganger","Deflect"],"picked":"All Out Attack","floor":4.0},{"not_picked":["Flechettes","Finisher"],"picked":"Backflip","floor":5.0},{"not_picked":["Riddle With Holes","Flying Knee"],"picked":"Blade Dance","floor":7.0},{"not_picked":["Deflect","Cloak And Dagger"],"picked":"Escape Plan","floor":8.0},{"not_picked":["Cloak And Dagger","Sucker Punch","Terror"],"picked":"SKIP","floor":12.0},{"not_picked":["Bullet Time","Outmaneuver","Terror"],"picked":"SKIP","floor":14.0},{"not_picked":["Deadly Poison","Bouncing Flask","Sucker Punch"],"picked":"SKIP","floor":18.0},{"not_picked":["Setup","Dagger Throw","Deadly Poison"],"picked":"SKIP","floor":21.0},{"not_picked":["Cloak And Dagger","PiercingWail"],"picked":"Acrobatics+1","floor":22.0},{"not_picked":["Skewer","Bane"],"picked":"Backflip+1","floor":25.0},{"not_picked":["Dodge and Roll","Bouncing Flask","Backflip"],"picked":"SKIP","floor":27},{"not_picked":["PiercingWail","Poisoned Stab"],"picked":"Prepared","floor":31},{"not_picked":["Unload","Tools of the Trade"],"picked":"Malaise","floor":33},{"not_picked":["Outmaneuver+1","Predator+1","Dodge and Roll"],"picked":"SKIP","floor":35},{"not_picked":["Cloak And Dagger+1","Deadly Poison","Flying Knee+1"],"picked":"SKIP","floor":36},{"not_picked":["Die Die Die","Eviscerate","Dagger Spray"],"picked":"SKIP","floor":38},{"not_picked":["Heel Hook+1","Terror"],"picked":"Escape Plan","floor":39},{"not_picked":["Masterful Stab","Slice"],"picked":"PiercingWail","floor":40},{"not_picked":["Flying Knee","Accuracy","Slice"],"picked":"SKIP","floor":42},{"not_picked":["Poisoned Stab","PiercingWail"],"picked":"Venomology","floor":45},{"not_picked":["Terror","Endless Agony+1","Outmaneuver"],"picked":"SKIP","floor":46},{"not_picked":["Transmutation","Trip"],"picked":"Bandage Up","floor":47},{"not_picked":["Quick Slash+1","Sucker Punch+1","Outmaneuver"],"picked":"SKIP","floor":48}],"player_experience":182495,"relics_obtained":[{"floor":9.0,"key":"Pear"},{"floor":20.0,"key":"Red Mask"},{"floor":26.0,"key":"Shuriken"},{"floor":40,"key":"Centennial Puzzle"},{"floor":43,"key":"Gremlin Horn"},{"floor":45,"key":"Ornamental Fan"}],"event_choices":[{"damage_healed":0.0,"max_hp_gain":0.0,"max_hp_loss":0.0,"gold_gain":75.0,"event_name":"FaceTrader","player_choice":"Touch","floor":3.0,"gold_loss":0.0,"damage_taken":6.0},{"damage_healed":0.0,"max_hp_gain":0.0,"max_hp_loss":0.0,"gold_gain":0.0,"cards_transformed":["Strike_G"],"event_name":"Transmorgrifier","player_choice":"Transformed","floor":10.0,"gold_loss":0.0,"damage_taken":0.0,"cards_obtained":["Doppelganger"]},{"damage_healed":0.0,"max_hp_gain":0.0,"max_hp_loss":0.0,"gold_gain":0.0,"event_name":"Masked Bandits","player_choice":"Fought Bandits","floor":20.0,"gold_loss":0.0,"damage_taken":0.0},{"damage_healed":0.0,"max_hp_gain":0.0,"max_hp_loss":0.0,"gold_gain":0.0,"event_name":"Match and Keep!","player_choice":"1 cards matched","floor":24.0,"gold_loss":0.0,"damage_taken":0.0,"cards_obtained":["Envenom"]},{"damage_healed":0,"gold_gain":0,"player_choice":"Ignored","damage_taken":0,"max_hp_gain":0,"max_hp_loss":0,"event_name":"Cursed Tome","floor":30,"gold_loss":0},{"damage_healed":0,"gold_gain":0,"player_choice":"Memory 1","damage_taken":0,"max_hp_gain":0,"max_hp_loss":0,"event_name":"SensoryStone","floor":47,"gold_loss":0}],"is_beta":false,"boss_relics":[{"not_picked":["Sozu","Cursed Key"],"picked":"SacredBark"},{"not_picked":["Calling Bell","Runic Pyramid"],"picked":"HoveringKite"}],"items_purged_floors":[11,19,28],"is_endless":false,"potions_floor_spawned":[1,5,7,16,21,22,31,35,38,39,45,46],"ascension_level":12}}