{"host":"0rg7s82m7tu5l1cb","time":1608565649,"event":{"mods":["BaseMod","Downfall","Hermit","Minty Spire (QoL Compilation)","Replay The Spire","StSLib"],"gold_per_floor":[113,113,288,300,320,320,349,47,100,100,112,147,163,183,270,366,366,382,394,484,497,508,508,127,145,145,145,145,145,156,181,193,193,193,193,193],"floor_reached":35,"playtime":3097,"items_purged":[],"score":271,"play_id":"591cc2cc-0eb8-44e9-9af0-f624bbf5c4ea","local_time":"20201221124729","is_ascension_mode":false,"campfire_choices":[{"data":"hermit:Showdown","floor":6,"key":"SMITH"},{"floor":10,"key":"REST"},{"floor":23,"key":"REST"},{"floor":34,"key":"REST"}],"circlet_count":0,"master_deck":["hermit:Strike_Hermit","hermit:Strike_Hermit","hermit:Strike_Hermit","hermit:Strike_Hermit","hermit:Defend_Hermit","hermit:Defend_Hermit","hermit:Defend_Hermit","hermit:Defend_Hermit","hermit:Snapshot+1","hermit:Covet","hermit:Misfire","Regret","Doubt","hermit:BigShot","hermit:Showdown+1","hermit:Quickdraw","hermit:ItchyTrigger","hermit:TakeAim","hermit:Combo","hermit:Coalescence","hermit:Headshot","hermit:GoldenBullet","hermit:CalledShot+1","hermit:CursedWeapon","hermit:Gambit","hermit:WideOpen","hermit:TrackingShot"],"relics":["hermit:Momento","Centennial Puzzle","Replay:Accelerometer","Tiny Chest","Toolbox","Anchor","Eternal Feather","Honey Jar","Membership Card","Chameleon Ring","Replay:Baseball","Pear","Orichalcum"],"acts_visited":["Exordium","TheCity"],"potions_floor_usage":[7,12,18,19,22,22,22,32,32],"damage_taken":[{"damage":6,"enemies":"Small Slimes","floor":1,"turns":3},{"damage":0,"enemies":"2 Louse","floor":4,"turns":2},{"damage":0,"enemies":"Cultist","floor":5,"turns":3},{"damage":22,"enemies":"Replay:BlueRogue","floor":7,"turns":4},{"damage":3,"enemies":"Exordium Thugs","floor":11,"turns":4},{"damage":8,"enemies":"Lagavulin","floor":12,"turns":3},{"damage":0,"enemies":"Looter","floor":13,"turns":2},{"damage":8,"enemies":"3 Louse","floor":14,"turns":3},{"damage":66,"enemies":"Fading Forest","floor":16,"turns":12},{"damage":5,"enemies":"Spheric Guardian","floor":18,"turns":3},{"damage":0,"enemies":"Shell Parasite","floor":19,"turns":3},{"damage":46,"enemies":"Sentry and Sphere","floor":21,"turns":6},{"damage":7,"enemies":"Centurion and Healer","floor":22,"turns":6},{"damage":27,"enemies":"Snake Plant","floor":25,"turns":4},{"damage":9,"enemies":"Snecko","floor":30,"turns":5},{"damage":10,"enemies":"3 Cultists","floor":32,"turns":5},{"damage":49,"enemies":"Champ","floor":35,"turns":5}],"seed_played":"3580075427436707028","potions_obtained":[{"floor":5,"key":"Swift Potion"},{"floor":11,"key":"Explosive Potion"},{"floor":12,"key":"hermit:BlackBile"},{"floor":13,"key":"Venom Potion"},{"floor":16,"key":"AttackPotion"},{"floor":18,"key":"AttackPotion"},{"floor":21,"key":"Weak Potion"},{"floor":22,"key":"Block Potion"},{"floor":30,"key":"hermit:Tonic"},{"floor":33,"key":"SneckoOil"},{"floor":33,"key":"Elixir"},{"floor":33,"key":"SmokeBomb"}],"is_trial":false,"path_per_floor":["M","?","?","M","M","R","E","$","T","R","M","E","M","M","R","B",null,"M","M","?","M","M","R","$","M","T","PTL","PTL","?","M","T","M","?","R","B"],"character_chosen":"HERMIT","items_purchased":["Tiny Chest","Toolbox","Membership Card","Chameleon Ring","Replay:Baseball","hermit:CursedWeapon"],"campfire_rested":3,"item_purchase_floors":[8,8,24,24,24,24],"current_hp_per_floor":[69,69,69,69,69,69,47,47,47,69,66,58,58,50,59,3,75,70,70,58,12,5,39,39,12,22,22,22,22,13,13,3,3,43,0,0],"gold":193,"neow_bonus":"RANDOM_EVENT","is_daily":false,"chose_seed":false,"campfire_upgraded":1,"win_rate":0.0,"timestamp":1608565649,"path_taken":["M","?","?","M","M","R","E","$","T","R","M","E","M","M","R","BOSS","M","M","?","?","M","R","$","M","T","PTL","PTL","?","M","?","M","?","R","BOSS"],"items_purchased_type":["Relic","Relic","Relic","Relic","Relic","Card"],"build_version":"2020-12-13","purchased_purges":0,"victory":false,"max_hp_per_floor":[75,75,75,75,75,75,75,75,75,75,75,75,75,75,75,75,75,75,75,75,75,75,75,75,75,85,85,85,85,85,85,85,85,85,85,85],"card_choices":[{"not_picked":["hermit:BodyArmor","hermit:Cheat"],"picked":"hermit:Misfire","floor":1},{"not_picked":["hermit:EyeOfTheStorm","hermit:FullyLoaded"],"picked":"hermit:BigShot","floor":4},{"not_picked":["hermit:BodyArmor","hermit:Scavenge"],"picked":"hermit:Showdown","floor":5},{"not_picked":["hermit:Misfire","hermit:Spite","hermit:Gestalt"],"picked":"SKIP","floor":7},{"not_picked":["hermit:Misfire","hermit:FullyLoaded"],"picked":"hermit:Quickdraw","floor":11},{"not_picked":["hermit:Desperado","hermit:Roulette"],"picked":"hermit:ItchyTrigger","floor":12},{"not_picked":["hermit:Showdown","hermit:Vantage"],"picked":"hermit:TakeAim","floor":13},{"not_picked":["hermit:LuckOfTheDraw","hermit:Determination"],"picked":"hermit:Combo","floor":14},{"not_picked":["hermit:Manifest","hermit:Maintenance","hermit:SprayPray"],"picked":"hermit:Coalescence","floor":18},{"not_picked":["hermit:SprayPray","hermit:FullyLoaded","hermit:Spite"],"picked":"hermit:Headshot","floor":19},{"not_picked":["hermit:Combo","hermit:Midnight","hermit:Vantage"],"picked":"hermit:GoldenBullet","floor":21},{"not_picked":["hermit:Coalescence+1","hermit:Combo","hermit:Dive+1"],"picked":"hermit:CalledShot+1","floor":22},{"not_picked":["hermit:TakeCover","hermit:Manifest","hermit:Misfire"],"picked":"hermit:Gambit","floor":25},{"not_picked":["hermit:ItchyTrigger","hermit:SprayPray","hermit:Combo"],"picked":"hermit:WideOpen","floor":30},{"not_picked":["hermit:BigShot","hermit:TakeCover","hermit:WideOpen+1"],"picked":"hermit:TrackingShot","floor":32}],"player_experience":89324,"relics_obtained":[{"floor":7,"key":"Replay:Accelerometer"},{"floor":9,"key":"Anchor"},{"floor":12,"key":"Eternal Feather"},{"floor":26,"key":"Pear"},{"floor":31,"key":"Orichalcum"}],"event_choices":[{"damage_healed":0,"gold_gain":0,"player_choice":"Grow","damage_taken":0,"max_hp_gain":0,"max_hp_loss":0,"event_name":"Living Wall","floor":0,"gold_loss":0,"cards_upgraded":["hermit:Snapshot"]},{"damage_healed":0,"gold_gain":0,"player_choice":"Box","damage_taken":0,"relics_obtained":["Centennial Puzzle"],"max_hp_gain":0,"max_hp_loss":0,"event_name":"Big Fish","floor":2,"gold_loss":0,"cards_obtained":["Regret"]},{"damage_healed":0,"gold_gain":175,"player_choice":"AGREE","damage_taken":0,"max_hp_gain":0,"max_hp_loss":0,"event_name":"Liars Game","floor":3,"gold_loss":0,"cards_obtained":["Doubt"]},{"damage_healed":0,"gold_gain":90,"player_choice":"GOLD ","damage_taken":12,"max_hp_gain":0,"max_hp_loss":0,"event_name":"Knowing Skull","floor":20,"potions_obtained":[],"gold_loss":0,"cards_obtained":[]},{"damage_healed":0,"gold_gain":0,"player_choice":"Ignored","damage_taken":0,"max_hp_gain":0,"max_hp_loss":0,"event_name":"Vampires","floor":29,"gold_loss":0},{"damage_healed":0,"gold_gain":0,"player_choice":"Got Potions","damage_taken":0,"max_hp_gain":0,"max_hp_loss":0,"event_name":"Lab","floor":33,"gold_loss":0}],"is_beta":false,"boss_relics":[{"not_picked":["Velvet Choker","ReplayTheSpireMod:DimensionalGlitch"],"picked":"Honey Jar"}],"items_purged_floors":[],"is_endless":false,"potions_floor_spawned":[5,11,12,13,16,18,21,22,30],"killed_by":"Champ","ascension_level":0}}