{"host":"j0a1jfichhxu8b8p","time":1608556542,"event":{"mods":["BaseMod","Colored Map","DeckTracker","Keyboard Shortcuts","Minty Spire (QoL Compilation)","Permanent Neow","StSLib","everything is the same but u backflip on backflip"],"gold_per_floor":[362,362,66,66,66,66,80,101,101,124,138,138,108,132,132,251,251,275,275,275,190,214,214,239,239,239,260,3,3,3,16,16,135,135,149,2,2,335,335,335,335,335,335,335,345,16,16,34,34,34,34],"floor_reached":50,"playtime":1927,"items_purged":["Strike_G"],"score":671,"play_id":"f7f0a6cc-685d-4a7a-a46a-46bb34509922","local_time":"20201221221542","is_ascension_mode":true,"campfire_choices":[{"floor":6.0,"key":"DIG"},{"floor":12.0,"key":"DIG"},{"floor":15.0,"key":"DIG"},{"floor":23,"key":"DIG"},{"data":"A Thousand Cuts","floor":25,"key":"SMITH"},{"floor":29,"key":"REST"},{"floor":32,"key":"DIG"},{"floor":40,"key":"DIG"},{"floor":42,"key":"DIG"},{"floor":44,"key":"DIG"},{"floor":47,"key":"DIG"},{"floor":49,"key":"DIG"}],"circlet_count":0,"master_deck":["Strike_G","Defend_G","Defend_G","Defend_G","Defend_G","Defend_G","Survivor","Neutralize","Cloak And Dagger","Cloak And Dagger","Cloak And Dagger","Terror+1","Storm of Steel+1","A Thousand Cuts+1","Night Terror+1","Unload","Doppelganger+1","Blur+1","Deadly Poison+1","PiercingWail+1","Phantasmal Killer+1","Prepared+1","Master of Strategy+1","Secret Technique+1","Escape Plan+1","Corpse Explosion+1","Crippling Poison+1"],"relics":["Ring of the Snake","Shovel","Pen Nib","Toxic Egg 2","Lizard Tail","Orichalcum","Philosopher\u0027s Stone","The Specimen","Pantograph","Matryoshka","Shuriken","Nloth\u0027s Gift","StoneCalendar","Sozu","Membership Card","Molten Egg 2","Paper Crane","Art of War","InkBottle","Dream Catcher","Lee\u0027s Waffle","FossilizedHelix","Snake Skull","Oddly Smooth Stone"],"acts_visited":["Exordium","TheCity","TheBeyond"],"potions_floor_usage":[16,27,27,33,33,33,33,35,50],"damage_taken":[{"damage":3.0,"enemies":"Jaw Worm","floor":1.0,"turns":7.0},{"damage":1.0,"enemies":"Small Slimes","floor":7.0,"turns":3.0},{"damage":0.0,"enemies":"Cultist","floor":8.0,"turns":3.0},{"damage":0.0,"enemies":"Large Slime","floor":10.0,"turns":8.0},{"damage":0.0,"enemies":"2 Fungi Beasts","floor":11.0,"turns":4.0},{"damage":0.0,"enemies":"Blue Slaver","floor":14.0,"turns":3.0},{"damage":22,"enemies":"Slime Boss","floor":16,"turns":11},{"damage":8,"enemies":"Shell Parasite","floor":18,"turns":6},{"damage":18,"enemies":"Spheric Guardian","floor":22,"turns":4},{"damage":3,"enemies":"Chosen and Byrds","floor":24,"turns":5},{"damage":21,"enemies":"Snake Plant","floor":27,"turns":5},{"damage":9,"enemies":"Shelled Parasite and Fungi","floor":31,"turns":3},{"damage":36,"enemies":"Automaton","floor":33,"turns":10},{"damage":11,"enemies":"3 Darklings","floor":35,"turns":4},{"damage":0,"enemies":"Orb Walker","floor":45,"turns":3},{"damage":0,"enemies":"Maw","floor":48,"turns":6},{"damage":131,"enemies":"Time Eater","floor":50,"turns":14}],"seed_played":"-3270532706637914537","potions_obtained":[{"floor":10.0,"key":"Fire Potion"},{"floor":13.0,"key":"PowerPotion"},{"floor":13.0,"key":"EntropicBrew"},{"floor":24,"key":"DistilledChaos"},{"floor":31,"key":"Fire Potion"},{"floor":33,"key":"Fire Potion"}],"is_trial":false,"path_per_floor":["M","?","$","?","$","R","M","M","T","M","M","R","?","M","R","B",null,"M","T","?","?","M","R","M","R","T","M","$","R","?","M","R","B",null,"M","$","?","?","?","R","?","R","T","R","M","$","R","M","R","B"],"character_chosen":"THE_SILENT","items_purchased":["Shovel","Shuriken","Membership Card","Lee\u0027s Waffle","FossilizedHelix","Corpse Explosion+1"],"campfire_rested":1,"item_purchase_floors":[3,28,36,46,46,46],"current_hp_per_floor":[60,45,45,50,50,50,49,49,49,49,49,49,49,49,49,27,58,50,50,50,50,32,32,29,29,29,8,8,28,28,19,19,8,53,42,42,37,37,37,37,37,37,37,37,37,75,75,75,75,0,0],"gold":34,"neow_bonus":"TWO_FIFTY_GOLD","is_daily":false,"chose_seed":false,"campfire_upgraded":1,"win_rate":0.0,"timestamp":1608556542,"path_taken":["M","?","$","?","?","R","M","M","T","M","?","R","?","M","R","BOSS","M","?","?","?","?","R","M","R","T","M","$","R","?","?","R","BOSS","M","$","?","?","?","R","?","R","T","R","M","$","R","M","R","BOSS"],"items_purchased_type":["Relic","Relic","Relic","Relic","Relic","Card"],"build_version":"2020-12-13","purchased_purges":1,"victory":false,"max_hp_per_floor":[63,63,63,68,68,68,68,68,68,68,68,68,68,68,68,68,68,68,68,68,68,68,68,68,68,68,68,68,68,68,68,68,68,68,68,68,68,68,68,68,68,68,68,68,68,75,75,75,75,75,75],"card_choices":[{"not_picked":["Prepared","Quick Slash"],"picked":"Cloak And Dagger","floor":1.0},{"not_picked":["Acrobatics","Prepared"],"picked":"Cloak And Dagger","floor":7.0},{"not_picked":["Dagger Throw","Bane"],"picked":"Cloak And Dagger","floor":8.0},{"not_picked":["Quick Slash","Deflect+1","Underhanded Strike"],"picked":"SKIP","floor":10.0},{"not_picked":["Concentrate+1","Dash"],"picked":"Terror+1","floor":11.0},{"not_picked":["Bane","Dagger Throw"],"picked":"Storm of Steel+1","floor":14.0},{"not_picked":["Wraith Form v2","Corpse Explosion+1"],"picked":"A Thousand Cuts","floor":16},{"not_picked":["Dagger Spray","Flying Knee","Dagger Throw"],"picked":"SKIP","floor":18},{"not_picked":["Dagger Throw","Bane"],"picked":"Doppelganger+1","floor":22},{"not_picked":["Eviscerate","Dash"],"picked":"Blur+1","floor":24},{"not_picked":["Dagger Spray","Poisoned Stab"],"picked":"Deadly Poison+1","floor":27},{"not_picked":["Dagger Throw","Corpse Explosion+1"],"picked":"PiercingWail+1","floor":31},{"not_picked":["Tools of the Trade","Bullet Time+1"],"picked":"Phantasmal Killer+1","floor":33},{"not_picked":["Sucker Punch+1","Poisoned Stab+1"],"picked":"Prepared+1","floor":35},{"not_picked":["Deep Breath+1","Metamorphosis+1"],"picked":"Master of Strategy+1","floor":37},{"not_picked":["Transmutation+1","Mind Blast"],"picked":"Secret Technique+1","floor":37},{"not_picked":["Sucker Punch+1","Underhanded Strike+1"],"picked":"Escape Plan+1","floor":45},{"not_picked":["Deflect+1","Sucker Punch+1"],"picked":"Crippling Poison+1","floor":48}],"player_experience":334192,"relics_obtained":[{"floor":6.0,"key":"Pen Nib"},{"floor":9.0,"key":"Toxic Egg 2"},{"floor":12.0,"key":"Lizard Tail"},{"floor":15.0,"key":"Orichalcum"},{"floor":19,"key":"The Specimen"},{"floor":23,"key":"Pantograph"},{"floor":26,"key":"Matryoshka"},{"floor":32,"key":"StoneCalendar"},{"floor":40,"key":"Molten Egg 2"},{"floor":42,"key":"Paper Crane"},{"floor":43,"key":"Art of War"},{"floor":43,"key":"InkBottle"},{"floor":44,"key":"Dream Catcher"},{"floor":47,"key":"Snake Skull"},{"floor":49,"key":"Oddly Smooth Stone"}],"event_choices":[{"damage_healed":0.0,"max_hp_gain":0.0,"max_hp_loss":0.0,"gold_gain":0.0,"event_name":"Golden Idol","player_choice":"Take Damage","floor":2.0,"gold_loss":0.0,"damage_taken":15.0,"relics_obtained":["Golden Idol"]},{"damage_healed":0.0,"max_hp_gain":5.0,"max_hp_loss":0.0,"gold_gain":0.0,"event_name":"Big Fish","player_choice":"Donut","floor":4.0,"gold_loss":0.0,"damage_taken":0.0},{"damage_healed":0.0,"max_hp_gain":0.0,"max_hp_loss":0.0,"gold_gain":0.0,"event_name":"The Woman in Blue","player_choice":"Bought 2 Potions","floor":13.0,"gold_loss":0.0,"damage_taken":0.0},{"damage_healed":0,"gold_gain":0,"cards_transformed":["Strike_G","Strike_G"],"player_choice":"Became Test Subject","damage_taken":0,"max_hp_gain":0,"max_hp_loss":0,"event_name":"Drug Dealer","floor":20,"gold_loss":0,"cards_obtained":["Night Terror","Unload"]},{"damage_healed":0,"gold_gain":0,"player_choice":"Obtained Relic","damage_taken":0,"relics_obtained":["Peace Pipe"],"max_hp_gain":0,"max_hp_loss":0,"event_name":"Addict","floor":21,"gold_loss":85},{"damage_healed":0,"gold_gain":0,"player_choice":"Traded Relic","damage_taken":0,"relics_obtained":["Nloth\u0027s Gift"],"max_hp_gain":0,"max_hp_loss":0,"event_name":"N\u0027loth","floor":30,"relics_lost":["Peace Pipe"],"gold_loss":0},{"damage_healed":0,"gold_gain":0,"player_choice":"Memory 2","damage_taken":5,"max_hp_gain":0,"max_hp_loss":0,"event_name":"SensoryStone","floor":37,"gold_loss":0},{"damage_healed":0,"gold_gain":333,"player_choice":"Gave Idol","damage_taken":0,"max_hp_gain":0,"max_hp_loss":0,"event_name":"The Moai Head","floor":38,"relics_lost":["Golden Idol"],"gold_loss":0},{"cards_removed":["Strike_G"],"damage_healed":0,"gold_gain":0,"player_choice":"Removed Attack","damage_taken":0,"max_hp_gain":0,"max_hp_loss":0,"event_name":"Falling","floor":39,"gold_loss":0},{"damage_healed":0,"gold_gain":0,"player_choice":"Got Potions","damage_taken":0,"max_hp_gain":0,"max_hp_loss":0,"event_name":"Lab","floor":41,"gold_loss":0}],"is_beta":false,"boss_relics":[{"not_picked":["Runic Dome","Black Star"],"picked":"Philosopher\u0027s Stone"},{"not_picked":["Velvet Choker","Busted Crown"],"picked":"Sozu"}],"items_purged_floors":[46],"is_endless":false,"potions_floor_spawned":[10,24,31,33,45],"killed_by":"Time Eater","ascension_level":9}}