{"host":"jgyoyy5iuhtvyvtg","time":1608538307,"event":{"mods":["2.2 Compatiblity","BaseMod","Challenge The Spire","Colored Map","Conspire","Downfall","Hermit","Highlight Path","Infinite Spire","Lobotomy","LobotomyExtend","Minty Spire (QoL Compilation)","Quick Restart","Replay The Spire","Spikes Relics","StSLib","The Construct","The Disciple","The Jungle","Yuri Mod"],"gold_per_floor":[114,124,204,220,234,234,6,6,6,6,6,33,33,33,33,133,133,160,160,435,468,468,468,493,493,516,532,560,560,572,585,585,585,585],"floor_reached":33,"playtime":851,"items_purged":[],"score":345,"play_id":"c6a4277f-fb62-4514-aeb0-603e944cba01","local_time":"20201221001147","is_ascension_mode":true,"campfire_choices":[{"data":"hermit:Horror","floor":6,"key":"SMITH"},{"data":"hermit:Maintenance","floor":8,"key":"SMITH"},{"data":"hermit:Shortfuse","floor":11,"key":"SMITH"},{"data":"hermit:Quickdraw","floor":15,"key":"SMITH"},{"data":"hermit:FromBeyond","floor":23,"key":"SMITH"},{"data":"hermit:DeadOrAlive","floor":25,"key":"SMITH"},{"floor":29,"key":"REST"},{"floor":32,"key":"REST"}],"circlet_count":0,"master_deck":["hermit:Strike_Hermit","hermit:Strike_Hermit","hermit:Strike_Hermit","hermit:Strike_Hermit","hermit:Defend_Hermit","hermit:Defend_Hermit","hermit:Defend_Hermit","hermit:Defend_Hermit","hermit:Snapshot","hermit:Covet","hermit:Gambit","hermit:Horror+1","hermit:Shortfuse+1","hermit:LowProfile","hermit:FromBeyond+1","hermit:Maintenance+1","hermit:Quickdraw+1","hermit:DeadOrAlive+1","Regret","hermit:Horror","hermit:WideOpen","hermit:TakeCover"],"relics":["hermit:Momento","LetterFromLob","PreservedInsect","Bronze Scales","conspire:DeflatedDodgeball","Ancient Tea Set","hermit:BartenderGlass","infinitespire:Lucky Rock","Happy Flower"],"acts_visited":["Exordium","Exordium"],"potions_floor_usage":[16,18,18,18,21,21,24,24,24,27,27,28,28,28,28,28,28,30,30,31,31,33,33,33,33,33,33],"damage_taken":[{"damage":0,"enemies":"2 Louse","floor":1,"turns":2},{"damage":0,"enemies":"conspire:RoseBush","floor":2,"turns":4},{"damage":2,"enemies":"Jaw Worm","floor":4,"turns":2},{"damage":7,"enemies":"Red Slaver","floor":5,"turns":4},{"damage":5,"enemies":"Lagavulin","floor":12,"turns":4},{"damage":3,"enemies":"Hexaghost","floor":16,"turns":10},{"damage":0,"enemies":"Shell Parasite","floor":18,"turns":3},{"damage":17,"enemies":"theJungle:Flameango_and_Byrd","floor":21,"turns":5},{"damage":15,"enemies":"theJungle:Cassacara","floor":24,"turns":4},{"damage":16,"enemies":"theJungle:Lyon","floor":27,"turns":3},{"damage":18,"enemies":"theJungle:2_Flameangoes","floor":28,"turns":5},{"damage":4,"enemies":"theJungle:2_Snecko_Cultists","floor":30,"turns":3},{"damage":6,"enemies":"theJungle:Lyon","floor":31,"turns":4},{"damage":43,"enemies":"theJungle:TotemBoss","floor":33,"turns":4}],"seed_played":"5248554005496399025","potions_obtained":[{"floor":1,"key":"Adrenaline Potion"},{"floor":2,"key":"Strength Potion"},{"floor":4,"key":"Block Potion"},{"floor":22,"key":"EntropicBrew"},{"floor":22,"key":"champ:CounterPotion"},{"floor":27,"key":"Fruit Juice"},{"floor":30,"key":"Energy Potion"}],"is_trial":false,"path_per_floor":["M","M","?","M","M","R","$","R","T","E","R","E","?","?","R","B",null,"M","?","?","M","?","R","E","R","T","M","M","R","M","M","R","B"],"character_chosen":"HERMIT","items_purchased":["hermit:Maintenance","PreservedInsect"],"campfire_rested":2,"item_purchase_floors":[7,7],"current_hp_per_floor":[68,68,68,66,59,59,59,59,59,59,59,54,42,42,42,39,66,66,66,66,49,49,49,34,34,34,18,5,29,25,19,43,0,0],"gold":585,"neow_bonus":"ONE_RANDOM_RARE_CARD","is_daily":false,"chose_seed":false,"campfire_upgraded":6,"win_rate":0.0,"timestamp":1608538307,"path_taken":["M","M","?","M","M","R","$","R","T","E","R","E","?","?","R","BOSS","M","?","?","?","?","R","E","R","T","M","M","R","?","M","R","BOSS"],"items_purchased_type":["Card","Relic"],"build_version":"2020-12-13","purchased_purges":0,"victory":false,"max_hp_per_floor":[75,75,75,75,75,75,75,75,75,75,75,75,75,75,75,75,75,75,75,75,75,75,75,75,75,75,75,80,80,80,80,80,80,80],"card_choices":[{"not_picked":["hermit:Cheat","hermit:Ricochet"],"picked":"hermit:Horror","floor":1},{"not_picked":["hermit:Vantage","hermit:NoHoldsBarred"],"picked":"hermit:Shortfuse","floor":2},{"not_picked":["hermit:Vantage","hermit:TrackingShot"],"picked":"hermit:LowProfile","floor":4},{"not_picked":["hermit:Deadeye","hermit:Enervate"],"picked":"hermit:FromBeyond","floor":5},{"not_picked":["hermit:Midnight","hermit:Desperado"],"picked":"hermit:Quickdraw","floor":12},{"not_picked":["hermit:Dissolve","hermit:FromBeyond"],"picked":"hermit:DeadOrAlive","floor":16},{"not_picked":["hermit:Manifest","hermit:Snipe+1","hermit:EternalForm"],"picked":"SKIP","floor":18},{"not_picked":["hermit:Glare","hermit:Roulette"],"picked":"hermit:Horror","floor":21},{"not_picked":["hermit:GhostlyPresence","hermit:Spite","hermit:Roulette"],"picked":"SKIP","floor":24},{"not_picked":["hermit:LoneWolf","hermit:TrackingShot","hermit:ItchyTrigger"],"picked":"SKIP","floor":27},{"not_picked":["hermit:NoHoldsBarred","hermit:TakeAim"],"picked":"hermit:WideOpen","floor":28},{"not_picked":["hermit:HighCaliber","hermit:Manifest"],"picked":"hermit:TakeCover","floor":30},{"not_picked":["hermit:CursedWeapon+1","hermit:Vantage","hermit:Desperado"],"picked":"SKIP","floor":31}],"player_experience":3174629,"relics_obtained":[{"floor":1,"key":"LetterFromLob"},{"floor":9,"key":"Bronze Scales"},{"floor":12,"key":"conspire:DeflatedDodgeball"},{"floor":24,"key":"infinitespire:Lucky Rock"},{"floor":26,"key":"Happy Flower"}],"event_choices":[{"damage_healed":0,"gold_gain":0,"player_choice":"Success","damage_taken":12,"relics_obtained":["Ancient Tea Set"],"max_hp_gain":0,"max_hp_loss":0,"event_name":"Scrap Ooze","floor":13,"gold_loss":0},{"damage_healed":0,"gold_gain":275,"player_choice":"Desecrate","damage_taken":0,"max_hp_gain":0,"max_hp_loss":0,"event_name":"Golden Shrine","floor":20,"gold_loss":0,"cards_obtained":["Regret"]},{"damage_healed":0,"gold_gain":0,"player_choice":"Got Potions","damage_taken":0,"max_hp_gain":0,"max_hp_loss":0,"event_name":"Lab","floor":22,"gold_loss":0}],"is_beta":false,"boss_relics":[{"not_picked":["Replay:Wanted Poster","construct:ClawGrip"],"picked":"hermit:BartenderGlass"}],"items_purged_floors":[],"is_endless":false,"potions_floor_spawned":[1,2,4,12,27,30],"killed_by":"theJungle:TotemBoss","ascension_level":6}}