{"host":"sa7ebub27cgn5wai","time":1608560584,"event":{"mods":["BaseMod","Colored Map","Minty Spire (QoL Compilation)","SuperFastMode"],"gold_per_floor":[115,115,40,40,52,52,69,69,94,127,145,165,165,180,180,180,180],"floor_reached":16,"playtime":466,"items_purged":["Strike_R"],"score":102,"play_id":"bae9e4cd-0056-4339-bfe9-3676694bb11d","local_time":"20201221232304","is_ascension_mode":false,"campfire_choices":[{"data":"Corruption","floor":6,"key":"SMITH"},{"data":"Feel No Pain","floor":8,"key":"SMITH"},{"data":"Armaments","floor":13,"key":"SMITH"},{"data":"Feel No Pain","floor":15,"key":"SMITH"}],"circlet_count":0,"master_deck":["Strike_R","Strike_R","Strike_R","Strike_R","Defend_R","Defend_R","Defend_R","Defend_R","Bash","Corruption+1","Feel No Pain+1","Rampage+1","Feel No Pain+1","Headbutt+1","Power Through","Armaments+1","Second Wind"],"relics":["Burning Blood","Molten Egg 2","Art of War","Happy Flower"],"acts_visited":["Exordium"],"potions_floor_usage":[16,16],"damage_taken":[{"damage":7,"enemies":"2 Louse","floor":1,"turns":2},{"damage":10,"enemies":"Jaw Worm","floor":5,"turns":4},{"damage":1,"enemies":"Cultist","floor":7,"turns":3},{"damage":22,"enemies":"3 Sentries","floor":10,"turns":11},{"damage":11,"enemies":"Looter","floor":11,"turns":4},{"damage":13,"enemies":"Red Slaver","floor":12,"turns":2},{"damage":1,"enemies":"2 Fungi Beasts","floor":14,"turns":5},{"damage":33,"enemies":"The Guardian","floor":16,"turns":15}],"seed_played":"632148531304982582","potions_obtained":[{"floor":7,"key":"FearPotion"},{"floor":10,"key":"BlessingOfTheForge"},{"floor":11,"key":"EssenceOfSteel"}],"is_trial":false,"path_per_floor":["M","?","$","?","M","R","M","R","T","E","M","M","R","M","R","B"],"character_chosen":"IRONCLAD","items_purchased":[],"campfire_rested":0,"item_purchase_floors":[],"current_hp_per_floor":[79,54,54,54,50,50,55,55,55,39,34,27,27,32,32,0,0],"gold":180,"neow_bonus":"ONE_RANDOM_RARE_CARD","is_daily":false,"chose_seed":false,"campfire_upgraded":4,"win_rate":0.0,"timestamp":1608560584,"path_taken":["M","?","$","?","M","R","M","R","T","E","M","M","R","M","R","BOSS"],"items_purchased_type":[],"build_version":"2020-12-13","purchased_purges":1,"victory":false,"max_hp_per_floor":[80,80,80,80,80,80,80,80,80,80,80,80,80,80,80,80,80],"card_choices":[{"not_picked":["Warcry","Uppercut"],"picked":"Feel No Pain","floor":1},{"not_picked":["Dual Wield","Anger+1"],"picked":"Rampage+1","floor":5},{"not_picked":["Carnage+1","Havoc"],"picked":"Feel No Pain","floor":7},{"not_picked":["Bloodletting","Burning Pact"],"picked":"Headbutt+1","floor":10},{"not_picked":["Rupture","Anger+1"],"picked":"Power Through","floor":11},{"not_picked":["Twin Strike+1","Warcry"],"picked":"Armaments","floor":12},{"not_picked":["Anger+1","Iron Wave+1"],"picked":"Second Wind","floor":14}],"player_experience":255070,"relics_obtained":[{"floor":9,"key":"Art of War"},{"floor":10,"key":"Happy Flower"}],"event_choices":[{"damage_healed":0,"gold_gain":0,"player_choice":"Success","damage_taken":25,"relics_obtained":["Molten Egg 2"],"max_hp_gain":0,"max_hp_loss":0,"event_name":"Scrap Ooze","floor":2,"gold_loss":0},{"damage_healed":0,"gold_gain":0,"player_choice":"Ignored","damage_taken":0,"max_hp_gain":0,"max_hp_loss":0,"event_name":"Liars Game","floor":4,"gold_loss":0}],"is_beta":false,"boss_relics":[],"items_purged_floors":[3],"is_endless":false,"potions_floor_spawned":[7,10,11,14],"killed_by":"The Guardian","ascension_level":0}}