{"host":"q9g66e6wfop9li80","time":1608576842,"event":{"mods":["Act Like it!","Aspiration","BaseMod","Colored Powertips","Downfall","FoggyMod","Gensokyo","Highlight Path","Minty Spire (QoL Compilation)","MostiFishMod","Pale of the Ancients","Quick Restart","Relic Stats","Replay The Spire","RumiaBox-露米娅的神秘盒子","Ryuuou龙王","Spicy Shops","StSLib","TestMod","Uncapped","Waifu the Spire","noobMod","【功能Mod】聪明的最终Boss","【遗物卡牌】REMEMod","篝火指南"],"gold_per_floor":[112,112,112,127,127,156,0,75,98,98,23,62,62,97,97,268,268,296,296,18,93,119,162,162,208,208,208,208,11,49,49,49,198,198,219,219,243,518,19,19,77,77,156,156,556,556,107,107,107,513,513,513,65,135,217],"floor_reached":56,"playtime":2665,"items_purged":["Bash","Bite+1"],"score":2348,"play_id":"12048aa6-abee-40a1-9c80-2ddb15d04bbd","local_time":"20201222025402","is_ascension_mode":true,"campfire_choices":[{"floor":10.0,"key":"RECALL"},{"data":"REME_ACTH","floor":15.0,"key":"SMITH"},{"data":"Flex","floor":28.0,"key":"SMITH"},{"data":"MostiFishMod:UltimateDefense","floor":32.0,"key":"SMITH"},{"data":"MostiFishMod:UltimateDefense+1","floor":40,"key":"SMITH"},{"data":"MostiFishMod:UltimateDefense+2","floor":42,"key":"SMITH"},{"data":"MostiFishMod:UltimateDefense+3","floor":44,"key":"SMITH"},{"data":"MostiFishMod:UltimateDefense+4","floor":49,"key":"SMITH"},{"data":"MostiFishMod:UltimateDefense+5","floor":52,"key":"SMITH"}],"circlet_count":0,"master_deck":["Defend_R+1","Intimidate","Fiend Fire","Heavy Blade","REME_ACTH+1","MostiFishMod:UltimateDefense+6","Bite+1","Bite+1","Bite+1","Bite+1","Flex+1","Seeing Red+1","Burst","ReplayTheSpireMod:Necrosis","Blur"],"relics":["Burning Blood","testmod-TestBox","ice","REME_ComplimentaryCards","testmod-CrystalShield","PatriotShield","NeowsBlessing","Question Card","ReplayTheSpireMod:Ring of Collecting","Ring of Misfortune","Bag of Marbles","Replay:Bandana","Ring of Fury","ReplayTheSpireMod:Spearhead","Dead Branch","Replay:Rubber Ducky","ImportantClient","testmod-Fanaticism","Vajra","aspiration:Nostalgia","Sizzling Blood","GodSword5","ReplayTheSpireMod:Ring of Exchange","Bottled Lightning","MoreBug","Ring of Hypnosis","Replay:Bottled Eggs","ImprovedEquipment","Omamori","Transparent","testmod-MagicalMallet","REME_PuzzleBoxRelic","GodSword3","Happy Flower","Ring of Peace","Pantograph","Ring of Searing","ChaoDraw","Pen Nib","Nunchaku","Frozen Egg 2","Simple Rune","Replay:Baseball","testmod-AssaultLearning","Strawberry"],"acts_visited":["Exordium","TheCity","TheBeyond","TheEnding"],"potions_floor_usage":[],"damage_taken":[{"damage":0.0,"enemies":"Cultist","floor":1.0,"turns":1.0},{"damage":0.0,"enemies":"Small Slimes","floor":4.0,"turns":1.0},{"damage":0.0,"enemies":"Gremlin Nob","floor":6.0,"turns":1.0},{"damage":0.0,"enemies":"Replay:BlueRogue","floor":12.0,"turns":2.0},{"damage":0.0,"enemies":"Gremlin Nob","floor":14.0,"turns":1.0},{"damage":10.0,"enemies":"Fading Forest","floor":16.0,"turns":1.0},{"damage":0.0,"enemies":"Chosen","floor":18.0,"turns":1.0},{"damage":0.0,"enemies":"Spheric Guardian","floor":22.0,"turns":1.0},{"damage":0.0,"enemies":"Book of Stabbing","floor":23.0,"turns":1.0},{"damage":0.0,"enemies":"Slavers","floor":25.0,"turns":2.0},{"damage":0.0,"enemies":"Book of Stabbing","floor":30.0,"turns":1.0},{"damage":4.0,"enemies":"Champ","floor":33.0,"turns":1.0},{"damage":6,"enemies":"3 Shapes","floor":35,"turns":1},{"damage":6,"enemies":"Orb Walker","floor":37,"turns":1},{"damage":0,"enemies":"Transient","floor":41,"turns":1},{"damage":86,"enemies":"Donu and Deca","floor":50,"turns":8},{"damage":0,"enemies":"Shield and Spear","floor":54,"turns":1},{"damage":12,"enemies":"The Heart","floor":55,"turns":3}],"seed_played":"-8394452532565256894","potions_obtained":[{"floor":4.0,"key":"Milkshake"},{"floor":12.0,"key":"EssenceOfSteel"},{"floor":14.0,"key":"ColorlessPotion"},{"floor":36,"key":"Fire Potion"}],"is_trial":false,"path_per_floor":["M","T","?","M","?","E","$","?","T","R","$","E","?","E","R","B",null,"M","?","$","?","M","E","T","E","T","?","R","$","E","?","R","B",null,"M","?","M","?","$","R","M","R","T","R","?","T","$","?","R","B",null,"R","$","E","B",null],"character_chosen":"IRONCLAD","items_purchased":["Replay:Bandana","Vajra","Flex","aspiration:Nostalgia","ImprovedEquipment","testmod-MagicalMallet","REME_PuzzleBoxRelic","GodSword3","Happy Flower","Pen Nib","Nunchaku","Frozen Egg 2","Simple Rune","Replay:Baseball","testmod-AssaultLearning"],"campfire_rested":0,"item_purchase_floors":[7,20,20,20,29,39,39,39,39,47,47,47,53,53,53],"current_hp_per_floor":[78,78,78,80,80,80,80,69,69,69,69,75,90,90,90,86,89,90,62,66,60,66,66,66,66,66,66,66,66,66,66,66,66,66,66,66,66,66,66,66,66,66,66,66,66,66,66,66,66,66,66,66,66,73,75],"gold":217,"neow_bonus":"THREE_ENEMY_KILL","is_daily":false,"chose_seed":false,"campfire_upgraded":8,"win_rate":0.0,"timestamp":1608576842,"path_taken":["M","?","?","?","?","E","?","?","T","R","$","E","?","E","R","BOSS","M","?","$","?","?","E","?","E","T","?","R","?","E","?","R","BOSS","M","?","?","?","$","R","?","R","T","R","?","?","$","?","R","BOSS","R","$","E","BOSS"],"items_purchased_type":["Relic","Relic","Card","Relic","Relic","Relic","Relic","Relic","Relic","Relic","Relic","Relic","Relic","Relic","Relic"],"build_version":"2020-12-13","purchased_purges":2,"victory":true,"max_hp_per_floor":[80,80,80,80,80,80,80,80,80,80,80,80,90,90,90,90,90,90,62,66,66,66,66,66,66,66,66,66,66,66,66,66,66,66,66,66,66,66,66,66,66,66,66,66,66,66,66,66,66,66,66,66,66,73,75],"relic_stats":{"Nunchaku":[12],"Happy Flower":[4],"counters":[18,29],"Dead Branch":[291],"Pantograph":0,"Pen Nib":[12],"Question Card":16,"obtain_stats":[{"ReplayTheSpireMod:Ring of Exchange":24,"PatriotShield":0,"DaveBox":0,"Vajra":20,"ice":0,"Sizzling Blood":20,"Burning Blood":0,"Replay:Rubber Ducky":14,"Ring of Searing":46,"testmod-Fanaticism":17,"testmod-CrystalShield":0,"Replay:Bandana":7,"Nunchaku":47,"Ring of Peace":43,"Pantograph":43,"Strawberry":54,"Replay:Bottled Eggs":26,"ImportantClient":16,"MoreBug":25,"testmod-TestBox":0,"NeowsBlessing":0,"Ring of Hypnosis":26,"Happy Flower":39,"aspiration:Nostalgia":20,"Dead Branch":12,"ImprovedEquipment":29,"Pen Nib":47,"Omamori":30,"Frozen Egg 2":47,"Question Card":1,"ChaoDraw":46,"ReplayTheSpireMod:Spearhead":9,"Replay:Baseball":53,"Transparent":34,"ReplayTheSpireMod:Ring of Collecting":5,"Ring of Misfortune":5,"testmod-AssaultLearning":53,"Ring of Fury":9,"testmod-MagicalMallet":39,"Simple Rune":53,"Bag of Marbles":6,"GodSword5":23,"Bottled Lightning":24,"REME_PuzzleBoxRelic":39,"GodSword3":39,"REME_ComplimentaryCards":0},{"ReplayTheSpireMod:Ring of Exchange":9,"PatriotShield":0,"DaveBox":0,"Vajra":7,"ice":0,"Sizzling Blood":7,"Burning Blood":0,"Replay:Rubber Ducky":5,"Ring of Searing":15,"testmod-Fanaticism":6,"testmod-CrystalShield":0,"Replay:Bandana":3,"Nunchaku":15,"Ring of Peace":15,"Pantograph":15,"Strawberry":17,"Replay:Bottled Eggs":10,"ImportantClient":6,"MoreBug":10,"testmod-TestBox":0,"NeowsBlessing":0,"Ring of Hypnosis":10,"Happy Flower":14,"aspiration:Nostalgia":7,"Dead Branch":4,"ImprovedEquipment":10,"Pen Nib":15,"Omamori":11,"Frozen Egg 2":15,"Question Card":1,"ChaoDraw":15,"ReplayTheSpireMod:Spearhead":3,"Replay:Baseball":16,"Transparent":12,"ReplayTheSpireMod:Ring of Collecting":2,"Ring of Misfortune":2,"testmod-AssaultLearning":16,"Ring of Fury":3,"testmod-MagicalMallet":14,"Simple Rune":16,"Bag of Marbles":3,"GodSword5":9,"Bottled Lightning":9,"REME_PuzzleBoxRelic":14,"GodSword3":14,"REME_ComplimentaryCards":0},{"ReplayTheSpireMod:Ring of Exchange":10,"PatriotShield":0,"DaveBox":0,"Vajra":8,"ice":0,"Sizzling Blood":8,"Burning Blood":0,"Replay:Rubber Ducky":6,"Ring of Searing":17,"testmod-Fanaticism":7,"testmod-CrystalShield":0,"Replay:Bandana":3,"Nunchaku":17,"Ring of Peace":17,"Pantograph":17,"Strawberry":26,"Replay:Bottled Eggs":12,"ImportantClient":7,"MoreBug":12,"testmod-TestBox":0,"NeowsBlessing":0,"Ring of Hypnosis":12,"Happy Flower":16,"aspiration:Nostalgia":8,"Dead Branch":5,"ImprovedEquipment":12,"Pen Nib":17,"Omamori":13,"Frozen Egg 2":17,"Question Card":1,"ChaoDraw":17,"ReplayTheSpireMod:Spearhead":3,"Replay:Baseball":25,"Transparent":14,"ReplayTheSpireMod:Ring of Collecting":2,"Ring of Misfortune":2,"testmod-AssaultLearning":25,"Ring of Fury":3,"testmod-MagicalMallet":16,"Simple Rune":25,"Bag of Marbles":3,"GodSword5":10,"Bottled Lightning":10,"REME_PuzzleBoxRelic":16,"GodSword3":16,"REME_ComplimentaryCards":0}],"Burning Blood":23},"card_choices":[{"not_picked":["Sword Boomerang","Pommel Strike"],"picked":"Intimidate","floor":1.0},{"not_picked":["Clash","Bloodletting","Feel No Pain"],"picked":"Heavy Blade","floor":4.0},{"not_picked":["Carnage","True Grit","Heavy Blade"],"picked":"REME_ACTH","floor":6.0},{"not_picked":["ReplayTheSpireMod:Strike From Hell","Havoc","Flame Barrier"],"picked":"MostiFishMod:HellRitual","floor":12.0},{"not_picked":["Body Slam","Sword Boomerang","Wild Strike","Warcry"],"picked":"SKIP","floor":14.0},{"not_picked":["MostiFishMod:WingOfPhoenix","Double Tap","Demonic Infusion"],"picked":"MostiFishMod:UltimateDefense","floor":16.0},{"not_picked":["Pummel","Sever Soul","MostiFishMod:BrandingRite","Pommel Strike"],"picked":"SKIP","floor":18.0},{"not_picked":["Run Through","Warcry","Sword Boomerang","Perfected Strike"],"picked":"SKIP","floor":22.0},{"not_picked":["Searing Blow+1","ReplayTheSpireMod:Strike From Hell","REME_Fury","True Grit"],"picked":"SKIP","floor":23.0},{"not_picked":["Anger","Warcry+1","REME_SingleHolding","Disarm"],"picked":"SKIP","floor":25.0},{"not_picked":["ReplayTheSpireMod:Limb From Limb","Run Through","ReplayReversal+1"],"picked":"Seeing Red+1","floor":30.0},{"not_picked":["ReplayTheSpireMod:Strike From Hell+1","Second Wind+1","Reckless Charge+1","Armaments"],"picked":"SKIP","floor":35},{"not_picked":["Pommel Strike","Twin Strike+1","Wild Strike+1","Iron Wave"],"picked":"SKIP","floor":37},{"not_picked":["Headbutt","Hemokinesis","Shrug It Off","Flame Barrier"],"picked":"SKIP","floor":41},{"not_picked":["MostiFishMod:UniRed","Perfected Strike","Disarm+1","Shockwave"],"picked":"SKIP","floor":54}],"player_experience":154254,"relics_obtained":[{"floor":1.0,"key":"Question Card"},{"floor":5.0,"key":"ReplayTheSpireMod:Ring of Collecting"},{"floor":5.0,"key":"Ring of Misfortune"},{"floor":6.0,"key":"Bag of Marbles"},{"floor":9.0,"key":"Ring of Fury"},{"floor":9.0,"key":"ReplayTheSpireMod:Spearhead"},{"floor":12.0,"key":"Dead Branch"},{"floor":14.0,"key":"Replay:Rubber Ducky"},{"floor":16.0,"key":"ImportantClient"},{"floor":23.0,"key":"GodSword5"},{"floor":24.0,"key":"ReplayTheSpireMod:Ring of Exchange"},{"floor":24.0,"key":"Bottled Lightning"},{"floor":25.0,"key":"MoreBug"},{"floor":26.0,"key":"Ring of Hypnosis"},{"floor":26.0,"key":"Replay:Bottled Eggs"},{"floor":30.0,"key":"Omamori"},{"floor":43,"key":"Ring of Peace"},{"floor":43,"key":"Pantograph"},{"floor":46,"key":"Ring of Searing"},{"floor":46,"key":"ChaoDraw"},{"floor":54,"key":"Strawberry"}],"event_choices":[{"damage_healed":0.0,"max_hp_gain":0.0,"max_hp_loss":0.0,"gold_gain":0.0,"event_name":"Match and Keep!","player_choice":"1 cards matched","floor":3.0,"gold_loss":0.0,"damage_taken":0.0,"cards_obtained":["Fiend Fire"]},{"damage_healed":0.0,"max_hp_gain":0.0,"max_hp_loss":0.0,"gold_gain":75.0,"event_name":"World of Goop","player_choice":"Gather Gold","floor":8.0,"gold_loss":0.0,"damage_taken":11.0},{"cards_removed":["MostiFishMod:HellRitual"],"damage_healed":5.0,"max_hp_gain":10.0,"max_hp_loss":0.0,"gold_gain":0.0,"event_name":"Bonfire Elementals","player_choice":"Offered Rare","floor":13.0,"gold_loss":0.0,"damage_taken":0.0},{"damage_healed":0.0,"max_hp_gain":0.0,"max_hp_loss":28.0,"gold_gain":0.0,"event_name":"Vampires","player_choice":"Became a vampire","floor":19.0,"gold_loss":0.0,"damage_taken":0.0,"cards_obtained":["Bite","Bite","Bite","Bite","Bite"]},{"damage_healed":0.0,"max_hp_gain":0.0,"max_hp_loss":0.0,"gold_gain":75.0,"event_name":"FaceTrader","player_choice":"Touch","floor":21.0,"gold_loss":0.0,"damage_taken":6.0},{"damage_healed":0,"gold_gain":0,"player_choice":"Got Potions","damage_taken":0,"max_hp_gain":0,"max_hp_loss":0,"event_name":"Lab","floor":36,"gold_loss":0},{"damage_healed":0,"gold_gain":275,"player_choice":"Desecrate","damage_taken":0,"max_hp_gain":0,"max_hp_loss":0,"event_name":"Golden Shrine","floor":38,"gold_loss":0,"cards_obtained":["Regret"]},{"damage_healed":0,"gold_gain":400,"player_choice":"Sell","damage_taken":0,"max_hp_gain":0,"max_hp_loss":0,"event_name":"恩洛斯的盘子","floor":45,"relics_lost":["DaveBox"],"gold_loss":0}],"is_beta":false,"boss_relics":[{"not_picked":["testmod-DeterminationOfClimber","testmod-HarvestTotem"],"picked":"testmod-Fanaticism"},{"not_picked":["Strange Spoon","TakeMeEscape"],"picked":"Transparent"}],"items_purged_floors":[11,53],"is_endless":false,"potions_floor_spawned":[4,12,14,18,23,33,35,54],"ascension_level":9}}