{"host":"0luxfixkkfk9wck3","time":1608543463,"event":{"mods":["BaseMod","Downfall","Highlight Path","Minty Spire (QoL Compilation)","StSLib"],"gold_per_floor":[99,249,276,276,276,276,276,8,8,333,333,344,97,107,120,217,217,142,242,254,254,310,7,58,74,74,104,118,133,146,246,260,359,359,209,209,220,269,269,269,269,282,282,311,60,80,98,108,128,128,128,160,17,17,17],"floor_reached":56,"playtime":6839,"items_purged":["Slimebound:Icky","sneckomod:Strike","sneckomod:Strike"],"score":1300,"play_id":"a711ef58-a2cf-4aa7-a34a-802852ca9f8e","local_time":"20201221033743","is_ascension_mode":false,"campfire_choices":[{"floor":1,"key":"RECALL"},{"data":"sneckomod:QuickBite","floor":9,"key":"SMITH"},{"data":"sneckomod:UnlimitedRolls","floor":18,"key":"SMITH"},{"data":"sneckomod:SoulExchange","floor":26,"key":"SMITH"},{"data":"sneckomod:Nope","floor":35,"key":"SMITH"},{"data":"Discovery","floor":43,"key":"SMITH"},{"floor":54,"key":"REST"}],"circlet_count":0,"master_deck":["sneckomod:Strike","sneckomod:Defend","sneckomod:Defend","sneckomod:Defend+1","sneckomod:TailWhip","sneckomod:SnekBite","sneckomod:Unknown","sneckomod:Unknown","sneckomod:Unknown0Cost","sneckomod:Unknown0Cost","sneckomod:UnknownClassTHE_CHAMP_GRAY","sneckomod:QuickBite+1","sneckomod:UnlimitedRolls+1","sneckomod:IronFang","sneckomod:UnknownExhaust","sneckomod:UnknownRareSkill","sneckomod:UnknownVulnerable","sneckomod:UnknownRareSkill","sneckomod:SoulExchange+1","sneckomod:CheapStock","sneckomod:UnknownVulnerable","Discovery+1","sneckomod:Nope+1","sneckomod:SerpentIdol+1","sneckomod:TrashToTreasure+1","sneckomod:SerpentIdol+1","sneckomod:DangerNoodle","sneckomod:WideSting+1","sneckomod:Unknown3Cost","expansioncontent:Flail","sneckomod:UnknownClassHEXA_GHOST_PURPLE+1","Panache","sneckomod:UnknownRareSkill","sneckomod:UnknownX+1","sneckomod:UnknownRareAttack","sneckomod:CheapStock+1"],"relics":["sneckomod:SneckoSoul","downfall:HeartsMalice","HornCleat","Centennial Puzzle","Shuriken","Old Coin","sneckomod:LoadedDie","Snecko Eye","downfall:HeartBlessingRed","downfall:GremlinSack","Toy Ornithopter","War Paint","Mercury Hourglass","Runic Dome","downfall:HeartBlessingGreen","downfall:HeartBlessingBlue","CaptainsWheel","InkBottle","Blue Candle","Bag of Marbles","Bronze Scales","Pen Nib"],"acts_visited":["Exordium","TheCity","TheBeyond","TheEnding"],"potions_floor_usage":[10,19,19,33,50,50],"damage_taken":[{"damage":0,"enemies":"Gremlin Nob","floor":3,"turns":1},{"damage":0,"enemies":"2 Louse","floor":4,"turns":1},{"damage":0,"enemies":"Jaw Worm","floor":6,"turns":1},{"damage":0,"enemies":"downfall:FleeingMerchant","floor":8,"turns":4},{"damage":5,"enemies":"3 Sentries","floor":10,"turns":6},{"damage":0,"enemies":"Cultist","floor":11,"turns":1},{"damage":13,"enemies":"Large Slime","floor":12,"turns":6},{"damage":0,"enemies":"downfall:FleeingMerchant","floor":13,"turns":4},{"damage":0,"enemies":"Exordium Thugs","floor":14,"turns":5},{"damage":0,"enemies":"Large Slime","floor":15,"turns":3},{"damage":26,"enemies":"downfall:Ironclad","floor":16,"turns":6},{"damage":4,"enemies":"downfall:Ironclad","floor":19,"turns":3},{"damage":6,"enemies":"Chosen","floor":20,"turns":3},{"damage":14,"enemies":"Gremlin Leader","floor":22,"turns":5},{"damage":0,"enemies":"downfall:FleeingMerchant","floor":23,"turns":4},{"damage":0,"enemies":"Spheric Guardian","floor":25,"turns":2},{"damage":11,"enemies":"Book of Stabbing","floor":27,"turns":4},{"damage":6,"enemies":"Chosen and Byrds","floor":28,"turns":2},{"damage":6,"enemies":"Centurion and Healer","floor":29,"turns":2},{"damage":13,"enemies":"Snake Plant","floor":30,"turns":2},{"damage":0,"enemies":"Snecko","floor":32,"turns":4},{"damage":21,"enemies":"downfall:Watcher","floor":33,"turns":6},{"damage":0,"enemies":"3 Darklings","floor":37,"turns":3},{"damage":10,"enemies":"2 Orb Walkers","floor":38,"turns":3},{"damage":0,"enemies":"Orb Walker","floor":42,"turns":2},{"damage":0,"enemies":"Giant Head","floor":44,"turns":7},{"damage":0,"enemies":"downfall:FleeingMerchant","floor":45,"turns":3},{"damage":6,"enemies":"Jaw Worm Horde","floor":46,"turns":2},{"damage":6,"enemies":"4 Shapes","floor":47,"turns":2},{"damage":22,"enemies":"Writhing Mass","floor":48,"turns":3},{"damage":0,"enemies":"Spire Growth","floor":49,"turns":3},{"damage":61,"enemies":"downfall:Silent","floor":50,"turns":9},{"damage":49,"enemies":"downfall:CharBossMerchant","floor":52,"turns":6},{"damage":38,"enemies":"downfall:NeowBoss","floor":55,"turns":12}],"seed_played":"-38115662107618696","potions_obtained":[{"floor":3,"key":"SteroidPotion"},{"floor":10,"key":"sneckomod:DiceRollPotion"},{"floor":14,"key":"Block Potion"},{"floor":15,"key":"sneckomod:MuddlingPotion"},{"floor":16,"key":"Fire Potion"},{"floor":19,"key":"Slimebound:ThreeZeroPotion"},{"floor":27,"key":"SkillPotion"},{"floor":30,"key":"sneckomod:OffclassReductionPotion"},{"floor":37,"key":"ColorlessPotion"}],"is_trial":false,"path_per_floor":["R","?","E","M","?","M","T","$","R","E","M","M","$","M","M","B",null,"R","?","M","?","E","$","T","M","R","E","M","M","M","?","M","B",null,"R","?","M","?","?","?","T","M","R","E","$","M","M","M","M","B",null,"E","$","R","B",null],"character_chosen":"THE_SNECKO","items_purchased":["Shuriken","sneckomod:LoadedDie","sneckomod:TrashToTreasure","War Paint","Panache","sneckomod:UnknownRareSkill","Bag of Marbles","Pen Nib"],"campfire_rested":1,"item_purchase_floors":[8,13,23,23,45,45,45,53],"current_hp_per_floor":[90,90,91,92,92,93,93,93,93,91,91,81,82,83,83,58,100,100,97,91,91,87,87,87,87,87,83,77,71,58,58,58,43,99,109,109,109,99,99,99,99,100,100,100,101,96,90,68,69,20,113,68,68,101,63],"gold":17,"neow_bonus":"THREE_ENEMY_KILL","is_daily":false,"chose_seed":false,"campfire_upgraded":5,"win_rate":0.0,"timestamp":1608543463,"path_taken":["R","?","E","M","?","M","T","$","R","E","M","M","?","M","M","BOSS","R","?","?","?","E","?","T","M","R","E","M","M","M","?","M","BOSS","R","?","M","?","?","?","T","M","R","E","$","M","?","M","M","BOSS","E","$","R","BOSS"],"items_purchased_type":["Relic","Relic","Card","Relic","Card","Card","Relic","Relic"],"build_version":"2020-12-13","purchased_purges":3,"victory":true,"max_hp_per_floor":[90,90,91,92,92,93,93,93,93,96,96,97,98,99,99,100,100,100,101,101,98,98,98,98,98,98,98,98,98,98,98,98,99,99,109,109,109,109,109,109,109,110,110,110,111,112,112,112,113,113,113,113,113,113,113],"card_choices":[{"not_picked":["sneckomod:ImprovisedGuard","sneckomod:DiceBlock"],"picked":"sneckomod:Unknown0Cost","floor":3},{"not_picked":["sneckomod:UnknownVulnerable","sneckomod:DiceCrush"],"picked":"sneckomod:Unknown0Cost","floor":4},{"not_picked":["sneckomod:SlitherStrike","sneckomod:UnknownWeak"],"picked":"sneckomod:UnknownClassTHE_CHAMP_GRAY","floor":6},{"not_picked":["sneckomod:Unknown2Cost","sneckomod:SoulDraw"],"picked":"sneckomod:QuickBite","floor":8},{"not_picked":["sneckomod:ImprovisedGuard","sneckomod:Unknown1Cost"],"picked":"sneckomod:UnlimitedRolls","floor":10},{"not_picked":["sneckomod:UnknownBlock","sneckomod:UnknownCommonSkill"],"picked":"sneckomod:IronFang","floor":11},{"not_picked":["sneckomod:DiceBlock","sneckomod:UnknownStrike"],"picked":"sneckomod:UnknownExhaust","floor":12},{"not_picked":["sneckomod:IronFang","sneckomod:Nope"],"picked":"sneckomod:UnknownRareSkill","floor":13},{"not_picked":["sneckomod:UnknownBlock","sneckomod:DefensiveFlair"],"picked":"sneckomod:UnknownVulnerable","floor":14},{"not_picked":["sneckomod:DiceBlock","sneckomod:RainOfDice","sneckomod:IronFang"],"picked":"SKIP","floor":15},{"not_picked":["sneckomod:DangerNoodle","sneckomod:MorePower"],"picked":"sneckomod:UnknownRareSkill","floor":16},{"not_picked":["sneckomod:UnknownVulnerable","sneckomod:UnknownCommonSkill"],"picked":"sneckomod:Nope","floor":19},{"not_picked":["sneckomod:DiceCrush+1","sneckomod:QuickBite","sneckomod:SoulRoll"],"picked":"SKIP","floor":20},{"not_picked":["sneckomod:MasterEye","sneckomod:UnknownClassSLIMEBOUND","sneckomod:DiceBlock"],"picked":"SKIP","floor":22},{"not_picked":["sneckomod:Unknown1Cost+1","sneckomod:UnknownBlock"],"picked":"sneckomod:SerpentIdol+1","floor":23},{"not_picked":["sneckomod:UnknownClassBLUE+1","sneckomod:UnknownClassGUARDIAN"],"picked":"sneckomod:SerpentIdol+1","floor":25},{"not_picked":["sneckomod:UnknownClassSLIMEBOUND+1","sneckomod:QuickMove"],"picked":"sneckomod:DangerNoodle","floor":27},{"not_picked":["sneckomod:SoulRoll+1","sneckomod:UnknownClassTHE_CHAMP_GRAY","sneckomod:SoulDraw"],"picked":"SKIP","floor":28},{"not_picked":["sneckomod:UnknownUncommonAttack+1","sneckomod:UnknownCommonAttack"],"picked":"sneckomod:WideSting+1","floor":29},{"not_picked":["sneckomod:UnknownCommonSkill","sneckomod:SoulRoll+1","sneckomod:UnknownBlock"],"picked":"SKIP","floor":30},{"not_picked":["sneckomod:UnknownClassGREEN","sneckomod:UnknownWeak","sneckomod:QuickMove+1"],"picked":"SKIP","floor":32},{"not_picked":["sneckomod:MorePower","sneckomod:UnlimitedRolls"],"picked":"sneckomod:Unknown3Cost","floor":33},{"not_picked":["sneckomod:DiceBlock+1","sneckomod:UnknownBlock+1","sneckomod:DiceCrush"],"picked":"SKIP","floor":37},{"not_picked":["expansioncontent:Torchfire","expansioncontent:HyperBeam"],"picked":"expansioncontent:Flail","floor":39},{"not_picked":["sneckomod:QuickBite","sneckomod:SerpentIdol+1"],"picked":"sneckomod:UnknownClassHEXA_GHOST_PURPLE+1","floor":42},{"not_picked":["sneckomod:UnknownVulnerable+1","sneckomod:DiceBoulder+1","sneckomod:UnknownClassGUARDIAN"],"picked":"SKIP","floor":44},{"not_picked":["sneckomod:UnknownVulnerable+1","sneckomod:Nope+1","sneckomod:UnknownCommonAttack+1"],"picked":"SKIP","floor":45},{"not_picked":["sneckomod:UnknownBlock","sneckomod:ImprovisedAttack+1"],"picked":"sneckomod:UnknownX+1","floor":46},{"not_picked":["sneckomod:QuickBite+1","sneckomod:Unknown1Cost+1","sneckomod:UnknownStrike"],"picked":"SKIP","floor":47},{"not_picked":["sneckomod:UnknownBlock+1","sneckomod:UnknownUncommonPower","sneckomod:UnknownClassPURPLE+1"],"picked":"SKIP","floor":48},{"not_picked":["sneckomod:UnknownStrike+1","sneckomod:DiceBoulder+1"],"picked":"sneckomod:UnknownRareAttack","floor":49},{"not_picked":["sneckomod:ImprovisedAttack+1","sneckomod:SerpentIdol+1"],"picked":"sneckomod:CheapStock+1","floor":52}],"player_experience":10479873,"relics_obtained":[{"floor":3,"key":"HornCleat"},{"floor":7,"key":"Centennial Puzzle"},{"floor":10,"key":"Old Coin"},{"floor":19,"key":"downfall:GremlinSack"},{"floor":22,"key":"Toy Ornithopter"},{"floor":27,"key":"Mercury Hourglass"},{"floor":38,"key":"CaptainsWheel"},{"floor":41,"key":"InkBottle"},{"floor":44,"key":"Blue Candle"},{"floor":52,"key":"Bronze Scales"}],"event_choices":[{"cards_removed":["Parasite"],"damage_healed":0,"gold_gain":0,"player_choice":"Purged","damage_taken":0,"max_hp_gain":0,"max_hp_loss":0,"event_name":"Purifier","floor":21,"gold_loss":0},{"cards_removed":["Guardian:GatlingBeam"],"damage_healed":0,"gold_gain":0,"player_choice":"Removed Attack","damage_taken":0,"max_hp_gain":0,"max_hp_loss":0,"event_name":"Falling","floor":36,"gold_loss":0},{"damage_healed":0,"gold_gain":0,"player_choice":"Fight","damage_taken":0,"max_hp_gain":0,"max_hp_loss":0,"event_name":"Mysterious Sphere","floor":38,"gold_loss":0},{"damage_healed":0,"gold_gain":0,"player_choice":"Got Potions","damage_taken":0,"max_hp_gain":0,"max_hp_loss":0,"event_name":"Lab","floor":40,"gold_loss":0}],"is_beta":false,"boss_relics":[{"not_picked":["Runic Pyramid","Philosopher\u0027s Stone"],"picked":"Snecko Eye"},{"not_picked":["Black Star","Tiny House"],"picked":"Runic Dome"}],"items_purged_floors":[13,23,45],"is_endless":false,"potions_floor_spawned":[3,10,14,15,16,19,27,28,30,37,44,46],"ascension_level":0}}