{"host":"4qkvkh7pd9qr2mca","time":1608558410,"event":{"mods":["AchievementEnabler","BaseMod","Colored Map","Colored Powertips","Highlight Path","Minty Spire (QoL Compilation)","Permanent Neow","Quick Restart","StSLib","SuperFastMode"],"gold_per_floor":[19,19,32,57,70,70,109,109,185,185,228,263,314,49,49,138,138,159,159,84,109,109,109],"floor_reached":22,"playtime":770,"items_purged":["Strike_G"],"score":408,"play_id":"8070cd98-9169-4fea-b14d-f06312c9679d","local_time":"20201221144650","is_ascension_mode":true,"campfire_choices":[{"data":"Noxious Fumes","floor":6.0,"key":"SMITH"},{"data":"Well Laid Plans","floor":8.0,"key":"SMITH"},{"data":"Neutralize","floor":10.0,"key":"SMITH"},{"data":"Die Die Die","floor":15,"key":"SMITH"}],"circlet_count":0,"master_deck":["AscendersBane","Strike_G","Strike_G","Strike_G","Defend_G","Defend_G","Defend_G","Defend_G","Defend_G","Survivor","Neutralize+1","Die Die Die+1","Crippling Poison","Slice","Noxious Fumes+1","Well Laid Plans+1","Bouncing Flask","Backflip","Night Terror","CurseOfTheBell","Noxious Fumes"],"relics":["Ring of the Snake","Golden Idol","FossilizedHelix","Singing Bowl","MawBank","Du-Vu Doll","Mummified Hand","Calling Bell","Happy Flower","Kunai","Ginger"],"acts_visited":["Exordium","TheCity"],"potions_floor_usage":[11,12],"damage_taken":[{"damage":0.0,"enemies":"Small Slimes","floor":1.0,"turns":2.0},{"damage":0.0,"enemies":"Cultist","floor":3.0,"turns":4.0},{"damage":4.0,"enemies":"Jaw Worm","floor":4.0,"turns":4.0},{"damage":0.0,"enemies":"Lots of Slimes","floor":5.0,"turns":1.0},{"damage":12.0,"enemies":"Lagavulin","floor":7.0,"turns":7.0},{"damage":2,"enemies":"3 Sentries","floor":11,"turns":5},{"damage":0,"enemies":"2 Fungi Beasts","floor":12,"turns":3},{"damage":8,"enemies":"Lagavulin","floor":13,"turns":6},{"damage":18,"enemies":"Slime Boss","floor":16,"turns":9},{"damage":32,"enemies":"3 Byrds","floor":18,"turns":6},{"damage":13,"enemies":"Shell Parasite","floor":21,"turns":4},{"damage":14,"enemies":"Shelled Parasite and Fungi","floor":22,"turns":2}],"seed_played":"-2603867437109284337","potions_obtained":[{"floor":3.0,"key":"Poison Potion"},{"floor":4.0,"key":"CunningPotion"},{"floor":7.0,"key":"Fire Potion"}],"is_trial":false,"path_per_floor":["M","?","M","M","M","R","E","R","T","R","E","M","E","$","R","B",null,"M","?","$","M","M"],"character_chosen":"THE_SILENT","items_purchased":["Mummified Hand"],"campfire_rested":0,"item_purchase_floors":[14],"current_hp_per_floor":[59,59,59,55,55,55,43,43,43,43,41,41,35,35,35,17,51,21,21,21,8,0,0],"gold":109,"neow_bonus":"THREE_RARE_CARDS","is_daily":false,"chose_seed":false,"campfire_upgraded":4,"win_rate":0.0,"timestamp":1608558410,"path_taken":["M","?","M","M","M","R","E","R","T","R","E","M","E","$","R","BOSS","M","?","$","M","?"],"items_purchased_type":["Relic"],"build_version":"2020-12-13","purchased_purges":1,"victory":false,"max_hp_per_floor":[66,60,60,60,60,60,60,60,60,60,60,60,62,62,62,62,62,64,64,64,64,64,64],"card_choices":[{"not_picked":["Bullet Time","Night Terror"],"picked":"Die Die Die","floor":0.0},{"not_picked":["Outmaneuver","Leg Sweep"],"picked":"Crippling Poison","floor":1.0},{"not_picked":["Caltrops","Riddle With Holes","Dodge and Roll"],"picked":"SKIP","floor":3.0},{"not_picked":["Backflip","Skewer"],"picked":"Slice","floor":4.0},{"not_picked":["Outmaneuver","Slice"],"picked":"Noxious Fumes","floor":5.0},{"not_picked":["Blade Dance","A Thousand Cuts"],"picked":"Well Laid Plans","floor":7.0},{"not_picked":["Cloak And Dagger","Backflip"],"picked":"Bouncing Flask","floor":11},{"not_picked":["Quick Slash","Poisoned Stab"],"picked":"Backflip","floor":12},{"not_picked":["Predator","Unload","Prepared"],"picked":"Singing Bowl","floor":13},{"not_picked":["Doppelganger","Glass Knife"],"picked":"Night Terror","floor":16},{"not_picked":["Underhanded Strike","Choke","Deadly Poison"],"picked":"Singing Bowl","floor":18},{"not_picked":["Outmaneuver","Underhanded Strike"],"picked":"Noxious Fumes","floor":21}],"player_experience":473304,"relics_obtained":[{"floor":7.0,"key":"FossilizedHelix"},{"floor":9.0,"key":"Singing Bowl"},{"floor":11,"key":"MawBank"},{"floor":13,"key":"Du-Vu Doll"},{"floor":17,"key":"Happy Flower"},{"floor":17,"key":"Kunai"},{"floor":17,"key":"Ginger"}],"event_choices":[{"damage_healed":0.0,"max_hp_gain":0.0,"max_hp_loss":6.0,"gold_gain":0.0,"event_name":"Golden Idol","player_choice":"Lose Max HP","floor":2.0,"gold_loss":0.0,"damage_taken":0.0,"relics_obtained":["Golden Idol"]},{"cards_removed":["Strike_G"],"damage_healed":0,"gold_gain":0,"player_choice":"Purged","damage_taken":0,"max_hp_gain":0,"max_hp_loss":0,"event_name":"Purifier","floor":19,"gold_loss":0}],"is_beta":false,"boss_relics":[{"not_picked":["Empty Cage","Black Star"],"picked":"Calling Bell"}],"items_purged_floors":[20],"is_endless":false,"potions_floor_spawned":[3,4,7],"killed_by":"Shelled Parasite and Fungi","ascension_level":20}}