{"host":"4vhnentjshwu7xz9","time":1608576630,"event":{"mods":["BaseMod","Minty Spire (QoL Compilation)","Permanent Neow","Relic Stats","StSLib","everything is the same but u backflip on backflip"],"gold_per_floor":[19,32,32,32,48,75,75,106,154,154,180,199,224,224,224,324,324,335,410,423,423,423],"floor_reached":21,"playtime":1004,"items_purged":[],"score":315,"play_id":"7053dc1c-bcca-456f-82d7-2f03ef897fd4","local_time":"20201221195030","is_ascension_mode":true,"campfire_choices":[{"data":"Whirlwind","floor":7,"key":"SMITH"},{"data":"Disarm","floor":10,"key":"SMITH"},{"data":"Demon Form","floor":15,"key":"SMITH"}],"circlet_count":0,"master_deck":["Strike_R","Strike_R","Strike_R","Strike_R","Defend_R","Defend_R","Defend_R","Defend_R","Bash+1","Disarm+1","Whirlwind+1","Rampage","Bloodletting","Demon Form+1","Feed","Sword Boomerang"],"relics":["Burning Blood","Mango","Sundial","Boot","PreservedInsect","Lantern","Vajra","SlaversCollar"],"acts_visited":["Exordium","TheCity"],"potions_floor_usage":[6,8,11],"damage_taken":[{"damage":8,"enemies":"Jaw Worm","floor":1,"turns":6},{"damage":0,"enemies":"Small Slimes","floor":2,"turns":3},{"damage":0,"enemies":"Cultist","floor":5,"turns":4},{"damage":45,"enemies":"Lagavulin","floor":6,"turns":7},{"damage":16,"enemies":"Gremlin Nob","floor":8,"turns":3},{"damage":27,"enemies":"Lagavulin","floor":11,"turns":6},{"damage":0,"enemies":"Lots of Slimes","floor":12,"turns":1},{"damage":13,"enemies":"Gremlin Nob","floor":13,"turns":3},{"damage":19,"enemies":"The Guardian","floor":16,"turns":8},{"damage":22,"enemies":"Shell Parasite","floor":18,"turns":4},{"damage":48,"enemies":"2 Thieves","floor":20,"turns":4},{"damage":21,"enemies":"Snecko","floor":21,"turns":3}],"seed_played":"-2781564386201330373","potions_obtained":[{"floor":1,"key":"Explosive Potion"},{"floor":5,"key":"FearPotion"},{"floor":6,"key":"Energy Potion"},{"floor":18,"key":"Dexterity Potion"}],"is_trial":false,"path_per_floor":["M","M","?","?","M","E","R","E","T","R","E","M","E","?","R","B",null,"M","?","M","M"],"character_chosen":"IRONCLAD","items_purchased":[],"campfire_rested":0,"item_purchase_floors":[],"current_hp_per_floor":[84,90,90,83,89,50,50,40,40,40,19,25,18,49,49,36,80,64,55,16,0,0],"gold":423,"neow_bonus":"ONE_RARE_RELIC","is_daily":false,"chose_seed":false,"campfire_upgraded":3,"win_rate":0.0,"timestamp":1608576630,"path_taken":["M","M","?","?","M","E","R","E","T","R","E","M","E","?","R","BOSS","M","?","M","?"],"items_purchased_type":[],"build_version":"2020-12-13","purchased_purges":0,"victory":false,"max_hp_per_floor":[94,94,94,94,94,94,94,94,94,94,94,94,94,94,94,94,94,94,94,97,97,97],"relic_stats":{"counters":[12,52],"Sundial":[6],"PreservedInsect":52,"Boot":[8],"obtain_stats":[{"SlaversCollar":17,"Lantern":11,"Sundial":6,"Vajra":13,"Mango":0,"PreservedInsect":9,"Boot":8,"Burning Blood":0},{"SlaversCollar":9,"Lantern":6,"Sundial":4,"Vajra":8,"Mango":0,"PreservedInsect":5,"Boot":5,"Burning Blood":0},{"SlaversCollar":41,"Lantern":29,"Sundial":20,"Vajra":33,"Mango":0,"PreservedInsect":23,"Boot":23,"Burning Blood":0}],"Burning Blood":66},"card_choices":[{"not_picked":["Evolve","Wild Strike"],"picked":"Disarm","floor":1},{"not_picked":["Rampage","Anger"],"picked":"Whirlwind","floor":2},{"not_picked":["Sword Boomerang","Combust","Headbutt"],"picked":"SKIP","floor":5},{"not_picked":["Headbutt","Armaments"],"picked":"Rampage","floor":6},{"not_picked":["Reckless Charge","Wild Strike"],"picked":"Bloodletting","floor":8},{"not_picked":["Cleave","Flex"],"picked":"Demon Form","floor":11},{"not_picked":["Perfected Strike","Dual Wield","Wild Strike"],"picked":"SKIP","floor":12},{"not_picked":["Warcry","True Grit","Anger"],"picked":"SKIP","floor":13},{"not_picked":["Berserk","Impervious"],"picked":"Feed","floor":16},{"not_picked":["Feel No Pain","Clash","Burning Pact"],"picked":"SKIP","floor":18},{"not_picked":["Cleave","Warcry"],"picked":"Sword Boomerang","floor":20}],"player_experience":146187,"relics_obtained":[{"floor":6,"key":"Sundial"},{"floor":8,"key":"Boot"},{"floor":9,"key":"PreservedInsect"},{"floor":11,"key":"Lantern"},{"floor":13,"key":"Vajra"}],"event_choices":[{"damage_healed":0,"gold_gain":0,"player_choice":"Grow","damage_taken":0,"max_hp_gain":0,"max_hp_loss":0,"event_name":"Living Wall","floor":3,"gold_loss":0,"cards_upgraded":["Bash"]},{"cards_removed":["Strike_R"],"damage_healed":0,"gold_gain":0,"player_choice":"Card Removal","damage_taken":7,"max_hp_gain":0,"max_hp_loss":0,"event_name":"Golden Wing","floor":4,"gold_loss":0},{"damage_healed":31,"gold_gain":0,"player_choice":"Banana","damage_taken":0,"max_hp_gain":0,"max_hp_loss":0,"event_name":"Big Fish","floor":14,"gold_loss":0},{"damage_healed":0,"gold_gain":75,"player_choice":"Touch","damage_taken":9,"max_hp_gain":0,"max_hp_loss":0,"event_name":"FaceTrader","floor":19,"gold_loss":0}],"is_beta":false,"boss_relics":[{"not_picked":["Runic Dome","Runic Cube"],"picked":"SlaversCollar"}],"items_purged_floors":[],"is_endless":false,"potions_floor_spawned":[1,5,6,18],"killed_by":"Snecko","ascension_level":8}}