{"host":"f7oa3d5f3fx74imu","time":1608585906,"event":{"mods":["AchievementEnabler","Aspiration","BaseMod","Better Altar","Better Third Choice","BetterRewards","Conspire","Downfall","Hubris","Infinite Spire","Lobotomy","LobotomyExtend","Minty Spire (QoL Compilation)","Replay The Spire","Shop Mod","Spicy Shops","StSLib"],"gold_per_floor":[116,130,130,520,530,558,558,577,577,577,637,637,637,720,720,821,821,832,832,229,244,263,291,291,317,365,380,399,399,418,451,451,556,756,776,776,788,12,30,30,55,155,178,210,222,811,811,828,828,828,828],"floor_reached":52,"playtime":4207,"items_purged":["Amnesia","Wingbeat","InformationCode","SomewhereSpear","Pleasure"],"score":1048,"play_id":"8325a3b4-e10e-46f3-8a40-3ed79abaceb5","local_time":"20201221132506","is_ascension_mode":true,"campfire_choices":[],"circlet_count":0,"master_deck":["WhiteNight","SpecialBullet","SpecialBullet","SpecialBullet","ControlCode","TrainingCode","Flash of Steel+1","FieryBird","MagicBullet","Choke","Predator+1","GoldRush","RapturousDream","CherryBlossom","ScreamingWedge","SilentOrchestra","CENSORED_ego","Lantern","TT2Protocol","ParadiseLost","GrinderMk4","SolemnVow","Ecstasy","RedEyes","ScreamingWedge+1","RecordCode","GoldRush+1","SwordSharpenedByTears+1","hubris:DuctTapeCard+2","HereticApostle","Regret_ego+1","Shame"],"relics":["CogitoBucket","LetterFromLob","Replay:Wax Seal","Burning Blood","MerchantsRug","Replay:Kaleidoscope","conspire:TopHat","BargainBundle","Pen Nib","Mercury Hourglass","hubris:MobiusCoin","AspirationHeart","conspire:RunicOctahedron","ReplayTheSpireMod:CursedCoin","Chameleon Ring","ReplayTheSpireMod:Shallot","Bag of Preparation","Ginger","Potion Belt","Bird Faced Urn","infinitespire:FocusingShard","Dead Branch","Whetstone","SkinProphecy","infinitespire:Beetle Shell","Replay:Drink Me","Replay:Wanted Poster","aspiration:RandomNobGenerator","Empty Cage","Black Star","Theresia","Fusion Hammer","Strange Spoon","Torii","Frozen Egg 2","Lantern","hubris:DuctTape","hubris:GlazedTorus","Boot","Vajra","HornCleat","Replay:Bottled Flurry","infinitespire:Bottled Soul","Kunai","Molten Egg 2","ClockworkSouvenir","DeathAngel"],"acts_visited":["Exordium","TheCity","TheBeyond"],"potions_floor_usage":[35,47],"damage_taken":[{"damage":0.0,"enemies":"Cultist","floor":1.0,"turns":2.0},{"damage":5.0,"enemies":"2 Louse","floor":2.0,"turns":2.0},{"damage":11.0,"enemies":"Jaw Worm","floor":5.0,"turns":2.0},{"damage":9.0,"enemies":"3 Sentries","floor":6.0,"turns":3.0},{"damage":0.0,"enemies":"Large Slime","floor":8.0,"turns":2.0},{"damage":29.0,"enemies":"conspire:2 RoseBushes","floor":11.0,"turns":7.0},{"damage":13.0,"enemies":"Lagavulin","floor":14.0,"turns":5.0},{"damage":0.0,"enemies":"Slime Boss","floor":16.0,"turns":5.0},{"damage":0.0,"enemies":"conspire:FuzzyDice","floor":18.0,"turns":4.0},{"damage":0.0,"enemies":"Spheric Guardian","floor":21.0,"turns":2.0},{"damage":0.0,"enemies":"Nightmare","floor":23.0,"turns":6.0},{"damage":17.0,"enemies":"conspire:SneckoGhost","floor":25.0,"turns":5.0},{"damage":14.0,"enemies":"Snake Plant","floor":27.0,"turns":5.0},{"damage":0.0,"enemies":"Cultist and Chosen","floor":28.0,"turns":3.0},{"damage":13.0,"enemies":"Centurion and Healer","floor":30.0,"turns":2.0},{"damage":7.0,"enemies":"Gremlin Leader","floor":31.0,"turns":4.0},{"damage":13.0,"enemies":"Automaton","floor":33.0,"turns":8.0},{"damage":0,"enemies":"3 Darklings","floor":35,"turns":1},{"damage":0,"enemies":"Orb Walker","floor":37,"turns":1},{"damage":6,"enemies":"Spire Growth","floor":39,"turns":2},{"damage":15,"enemies":"R_Hoarder","floor":41,"turns":2},{"damage":16,"enemies":"Nemesis","floor":44,"turns":3},{"damage":3,"enemies":"4 Shapes","floor":45,"turns":3},{"damage":0,"enemies":"Jaw Worm Horde","floor":47,"turns":5},{"damage":0,"enemies":"Jaw Worm Horde","floor":48,"turns":1},{"damage":52,"enemies":"FixerMidnight","floor":50,"turns":4}],"seed_played":"5660129464800618487","potions_obtained":[{"floor":1.0,"key":"Adrenaline Potion"},{"floor":8.0,"key":"SteroidPotion"},{"floor":21.0,"key":"Block Potion"},{"floor":30.0,"key":"FearPotion"},{"floor":45,"key":"Explosive Potion"},{"floor":48,"key":"AttackPotion"}],"is_trial":false,"path_per_floor":["M","M","?","$","M","E","R","M","T","T","M","R","?","E","R","B",null,"M","?","$","M","?","NM","R","E","T","M","M","R","M","E","R","B",null,"M","AVR","M","$","M","R","E","?","T","E","M","$","M","M","R","B",null,null],"character_chosen":"Angela","items_purchased":["Replay:Wax Seal","aspiration:Nostalgia","MerchantsRug","Replay:Kaleidoscope","conspire:TopHat","BargainBundle","GoldRush","Pleasure","RapturousDream","CherryBlossom","ReplayTheSpireMod:CursedCoin","Chameleon Ring","ReplayTheSpireMod:Shallot","Bag of Preparation","Ginger","GrinderMk4","Wingbeat","Torii","Frozen Egg 2","Lantern","hubris:DuctTape","infinitespire:Bottled Soul","Kunai","Molten Egg 2","ClockworkSouvenir","Energy Potion"],"campfire_rested":0,"item_purchase_floors":[4,4,4,4,4,4,4,4,4,4,20,20,20,20,20,20,20,38,38,38,38,46,46,46,46,46],"current_hp_per_floor":[70,65,65,65,60,57,57,63,63,63,50,50,50,50,50,56,87,87,87,87,87,66,74,74,67,67,63,67,67,58,55,55,54,72,70,70,74,74,72,72,59,59,59,49,55,55,55,63,63,85,85],"gold":828,"neow_bonus":"RANDOM_COLORLESS","is_daily":false,"chose_seed":false,"campfire_upgraded":0,"win_rate":0.0,"timestamp":1608585906,"path_taken":["M","?","?","$","M","E","R","M","T","?","M","R","?","E","R","BOSS","M","?","$","M","?","NM","R","E","T","M","M","R","M","E","R","BOSS","M","AVR","M","$","?","R","E","?","T","E","M","$","M","M","R","BOSS"],"items_purchased_type":["Relic","Relic","Relic","Relic","Relic","Relic","Card","Card","Card","Card","Relic","Relic","Relic","Relic","Relic","Card","Card","Relic","Relic","Card","Relic","Relic","Relic","Relic","Relic","Potion"],"build_version":"2020-12-13","purchased_purges":5,"victory":true,"max_hp_per_floor":[70,70,70,70,70,70,70,70,70,70,80,80,80,87,87,87,87,87,87,87,87,87,87,87,87,87,87,89,89,91,93,93,95,72,76,76,78,78,80,80,82,82,82,84,86,86,90,92,92,94,94],"card_choices":[{"not_picked":["Replay:Sssssssssshield","Replay:Sssssssssstrike"],"picked":"Flash of Steel","floor":0.0},{"not_picked":["Beak"],"picked":"SomewhereSpear","floor":1.0},{"not_picked":["DreamingCurrent","PunishingBird"],"picked":"LittleHelper","floor":1.0},{"not_picked":["BigBadWolf","Wellcheers"],"picked":"FieryBird","floor":2.0},{"not_picked":["Harvest"],"picked":"MagicBullet","floor":2.0},{"not_picked":["FrostShard","Tough"],"picked":"SKIP","floor":5.0},{"not_picked":["FourthMatchFlame","Penitence"],"picked":"SKIP","floor":6.0},{"not_picked":["Harmony"],"picked":"ScreamingWedge","floor":8.0},{"not_picked":["QueenOfHatred","Laetitia"],"picked":"SilentOrchestra","floor":11.0},{"not_picked":["Penitence"],"picked":"CENSORED_ego","floor":11.0},{"not_picked":["CherryBlossom"],"picked":"Lantern","floor":14.0},{"not_picked":["Pinks"],"picked":"ParadiseLost","floor":16.0},{"not_picked":["Lantern","SomewhereSpear"],"picked":"SKIP","floor":18.0},{"not_picked":["SomewhereSpear","FeatherOfHonor"],"picked":"SKIP","floor":21.0},{"not_picked":["MagicBullet"],"picked":"SolemnVow","floor":22.0},{"not_picked":["Hornet"],"picked":"Ecstasy","floor":23.0},{"not_picked":["Adoration","SomewhereSpear","BlackSwan_ego"],"picked":"SKIP","floor":25.0},{"not_picked":["GrinderMk4","Hypocrisy+1","BearPaw"],"picked":"SKIP","floor":25.0},{"not_picked":["Loneliness","LifeForTheDareDevil","Galaxy"],"picked":"SKIP","floor":27.0},{"not_picked":["Tough","Lamp"],"picked":"RedEyes","floor":28.0},{"not_picked":["Pleasure+1","Wingbeat+1"],"picked":"ScreamingWedge+1","floor":30.0},{"not_picked":["CrumblingArmor","ShyLook"],"picked":"Scarecrow","floor":31.0},{"not_picked":["BearPaw+1","Tough+1","Harvest+1"],"picked":"SKIP","floor":31.0},{"not_picked":["GoldRush+1","Justitia+1"],"picked":"CENSORED_ego+1","floor":33.0},{"not_picked":["Mimicry+1","ParadiseLost+1"],"picked":"GoldRush+1","floor":33.0},{"not_picked":["Soda+1","TodaysExpression+1","GoldRush+1"],"picked":"SKIP","floor":35},{"not_picked":["WristCuter+1","BlackSwan_ego+1"],"picked":"SwordSharpenedByTears+1","floor":37},{"not_picked":["Christmas+1","WristCuter+1","InTheNameOfLoveAndHate+1"],"picked":"SKIP","floor":39},{"not_picked":["RedEyes+1","Moonlight+1"],"picked":"Amita+1","floor":41},{"not_picked":["Soda+1","Horn+1"],"picked":"Regret_ego+1","floor":44},{"not_picked":["Rudolta","NothingThere"],"picked":"WhiteNight","floor":45},{"not_picked":["ScreamingWedge+1","Noise+1","Lantern+1"],"picked":"SKIP","floor":45},{"not_picked":["NothingThere","DreamingCurrent","BlackSwan"],"picked":"Singing Bowl","floor":47},{"not_picked":["SpiderBud","Alriune"],"picked":"DespairKnight","floor":47},{"not_picked":["InTheNameOfLoveAndHate+1","Harmony+1","CUTE+1"],"picked":"SKIP","floor":48}],"player_experience":253546,"relics_obtained":[{"floor":1.0,"key":"LetterFromLob"},{"floor":6.0,"key":"Pen Nib"},{"floor":9.0,"key":"Mercury Hourglass"},{"floor":10.0,"key":"hubris:MobiusCoin"},{"floor":14.0,"key":"Strawberry"},{"floor":22.0,"key":"Bird Faced Urn"},{"floor":23.0,"key":"infinitespire:FocusingShard"},{"floor":25.0,"key":"Dead Branch"},{"floor":26.0,"key":"Whetstone"},{"floor":31.0,"key":"infinitespire:Beetle Shell"},{"floor":41,"key":"hubris:GlazedTorus"},{"floor":41,"key":"Boot"},{"floor":43,"key":"Vajra"},{"floor":44,"key":"HornCleat"},{"floor":44,"key":"Replay:Bottled Flurry"},{"floor":47,"key":"DeathAngel"}],"event_choices":[{"damage_healed":0.0,"max_hp_gain":0.0,"max_hp_loss":0.0,"gold_gain":0.0,"event_name":"conspire:Investor","player_choice":"Leave","floor":13.0,"gold_loss":0.0,"damage_taken":0.0},{"damage_healed":0.0,"max_hp_gain":0.0,"max_hp_loss":0.0,"gold_gain":0.0,"event_name":"Vampires","player_choice":"Ignored","floor":19.0,"gold_loss":0.0,"damage_taken":0.0},{"damage_healed":0,"gold_gain":100,"player_choice":"Pray","damage_taken":0,"max_hp_gain":0,"max_hp_loss":0,"event_name":"Golden Shrine","floor":42,"gold_loss":0}],"is_beta":false,"boss_relics":[{"not_picked":["Runic Dome","Astrolabe"],"picked":"conspire:RunicOctahedron"},{"not_picked":["infinitespire:Cupcake","hubris:Stopwatch"],"picked":"Replay:Drink Me"},{"not_picked":["Busted Crown","conspire:RoyalGoblet"],"picked":"Replay:Wanted Poster"},{"not_picked":["Abe\u0027s Treasure","Replay:Bronze Core"],"picked":"aspiration:RandomNobGenerator"},{"not_picked":["Runic Pyramid","aspiration:SilentSkillbook"],"picked":"Empty Cage"},{"not_picked":["Ring of Chaos","hubris:HollowSoul"],"picked":"Black Star"}],"items_purged_floors":[20,36,38,38,46],"is_endless":false,"potions_floor_spawned":[1,8,21,28,30,45,48],"ascension_level":1}}