{"host":"aukiz5jlacd3g5yc","time":1608578614,"event":{"mods":["2.2 Compatiblity","BaseMod","Bestiary","Colored Map","Colored Powertips","Downfall","GifTheSpireLib","Highlight Path","Hubris","Infinite Spire","Marisa????????","Minty Spire (QoL Compilation)","Permanent Neow","Quick Restart","Random Character Button","Rare Cards Sparkle","Relic Sorter","Relic Stats","Replay The Spire","StSLib","Unknown Chances","everything is the same but u backflip on backflip","slay the spire mod where everything is the same but ironclad has a cowboy hat"],"gold_per_floor":[99,99,24,24,24,24,24,57,75,107,107,107,107,125,145,241,241,166,182,14,14,14,14,62,87,103,28,43,60,72,7,19,115,115,115,87,98,127,127,181,205,205,240,240,240,240,261,261,290,294,294,296,296,296],"floor_reached":52,"playtime":2725,"items_purged":["Clumsy","champ:Strike","champ:Defend"],"score":1009,"play_id":"5bd272eb-6103-43da-af26-7c94e91af5b9","local_time":"20201221132334","is_ascension_mode":false,"campfire_choices":[{"floor":1,"key":"RECALL"},{"data":"champ:Taunt","floor":3,"key":"SMITH"},{"data":"champ:ShieldSigil","floor":18,"key":"SMITH"},{"data":"RitualDagger","floor":23,"key":"SMITH"},{"data":"ReplayTheSpireMod:Black Plague","floor":27,"key":"SMITH"},{"data":"champ:SteelEdge","floor":35,"key":"SMITH"},{"data":"champ:DefensiveStyle","floor":39,"key":"SMITH"},{"data":"champ:HoldFirm","floor":42,"key":"SMITH"},{"data":"champ:ViciousMockery","floor":44,"key":"SMITH"}],"circlet_count":0,"master_deck":["champ:Strike+1","champ:Defend","champ:Defend+1","champ:Execute+1","champ:Taunt+1","champ:EnGarde","champ:ShieldWall","champ:TornadoPunch","champ:Backstep","champ:ShieldSigil+1","champ:ViciousMockery+1","champ:TornadoPunch","champ:DefensiveStyle+1","champ:IgnorePain+1","champ:TornadoPunch+1","champ:EnGarde","RitualDagger+1","ReplayTheSpireMod:Black Plague+1","champ:FalseCounter","champ:Lariat+1","champ:DefensiveShout","champ:Circumvent+1","champ:SteelEdge+1","champ:FocusedDefense+1","champ:HoldFirm+1","champ:Backstep","champ:Riposte","champ:HeavySlash","champ:FocusedGladiator","champ:ShieldSigil+1"],"relics":["champ:ChampionCrown","downfall:HeartsMalice","downfall:HeartBlessingRed","hubris:BottledRain","Omamori","hubris:Icosahedron","Snecko Eye","downfall:HeartBlessingBlue","Bronze Scales","Smiling Mask","ReplayTheSpireMod:Lightbulb","downfall:HeartBlessingGreen","hubris:TerracottaHorce","Chemical X","Replay:Bandana","Happy Flower","War Paint","Counterbalance","Replay:Rubber Ducky"],"acts_visited":["Exordium","TheCity","TheBeyond","TheEnding"],"potions_floor_usage":[30,31,31,38,43,52],"damage_taken":[{"damage":0,"enemies":"infinitespire:Voidling","floor":2,"turns":1},{"damage":0,"enemies":"downfall:FleeingMerchant","floor":5,"turns":1},{"damage":0,"enemies":"2 Louse","floor":6,"turns":1},{"damage":19,"enemies":"3 Sentries","floor":8,"turns":6},{"damage":5,"enemies":"Cultist","floor":9,"turns":4},{"damage":20,"enemies":"Gremlin Nob","floor":10,"turns":4},{"damage":10,"enemies":"Exordium Wildlife","floor":14,"turns":4},{"damage":0,"enemies":"3 Louse","floor":15,"turns":3},{"damage":41,"enemies":"downfall:Ironclad","floor":16,"turns":8},{"damage":0,"enemies":"Spheric Guardian","floor":19,"turns":3},{"damage":5,"enemies":"downfall:FleeingMerchant","floor":20,"turns":4},{"damage":3,"enemies":"Book of Stabbing","floor":25,"turns":3},{"damage":25,"enemies":"Snake Plant","floor":26,"turns":3},{"damage":0,"enemies":"Shelled Parasite and Fungi","floor":28,"turns":3},{"damage":8,"enemies":"Snecko","floor":29,"turns":3},{"damage":0,"enemies":"Snake Plant","floor":30,"turns":2},{"damage":0,"enemies":"downfall:FleeingMerchant","floor":31,"turns":4},{"damage":22,"enemies":"Centurion and Healer","floor":32,"turns":4},{"damage":0,"enemies":"downfall:Silent","floor":33,"turns":5},{"damage":4,"enemies":"downfall:FleeingMerchant","floor":36,"turns":2},{"damage":5,"enemies":"3 Darklings","floor":37,"turns":5},{"damage":21,"enemies":"Giant Head","floor":38,"turns":8},{"damage":7,"enemies":"R_Hoarder","floor":43,"turns":6},{"damage":1,"enemies":"Orb Walker","floor":47,"turns":3},{"damage":0,"enemies":"4 Shapes","floor":49,"turns":5},{"damage":28,"enemies":"downfall:Defect","floor":50,"turns":6},{"damage":120,"enemies":"downfall:CharBossMerchant","floor":52,"turns":7}],"seed_played":"-9002115772426017453","potions_obtained":[{"floor":14,"key":"Swift Potion"},{"floor":15,"key":"Dexterity Potion"},{"floor":25,"key":"sneckomod:MuddlingPotion"},{"floor":28,"key":"Adrenaline Potion"},{"floor":33,"key":"Weak Potion"},{"floor":38,"key":"SkillPotion"},{"floor":43,"key":"Toxic Potion"},{"floor":47,"key":"Energy Potion"}],"is_trial":false,"path_per_floor":["R","M","R","?","$","M","T","E","M","E","?","?","?","M","M","B",null,"R","M","$","?","?","R","T","E","M","R","M","M","M","$","M","B",null,"R","$","M","E","R","?","T","R","E","R","?","AVR","M","?","M","B",null,"E"],"character_chosen":"THE_CHAMP","items_purchased":["Bronze Scales","Chemical X","champ:HoldFirm"],"campfire_rested":0,"item_purchase_floors":[20,36,36],"current_hp_per_floor":[90,90,90,90,90,90,90,76,71,61,61,61,61,51,51,10,90,100,100,100,94,94,94,94,91,66,66,66,58,58,58,41,41,85,85,81,81,65,65,65,65,65,65,65,87,87,86,86,86,68,82,0,0,0],"gold":296,"neow_bonus":"THREE_ENEMY_KILL","is_daily":false,"chose_seed":false,"campfire_upgraded":8,"win_rate":0.0,"timestamp":1608578614,"path_taken":["R","?","R","?","$","M","T","E","?","E","?","?","?","M","M","BOSS","R","M","?","?","?","R","T","E","M","R","M","?","M","$","M","BOSS","R","$","M","E","R","?","T","R","E","R","?","AVR","M","?","M","BOSS","E"],"items_purchased_type":["Relic","Relic","Card"],"build_version":"2020-12-13","purchased_purges":3,"victory":false,"max_hp_per_floor":[90,90,90,90,90,90,90,90,90,90,90,90,90,90,90,90,90,100,100,100,100,100,100,100,100,100,100,100,100,100,100,100,100,100,100,100,100,100,100,100,100,100,100,100,87,87,87,87,87,87,87,87,87,87],"relic_stats":{"Happy Flower":[9],"counters":[27,105],"Bronze Scales":[166],"Snecko Eye":[124,128,142,158],"Chemical X":[17],"War Paint":["champ:FocusedDefense","champ:IgnorePain"],"Smiling Mask":75,"obtain_stats":[{"downfall:HeartBlessingRed":3,"Happy Flower":40,"Counterbalance":43,"champ:ChampionCrown":0,"downfall:HeartsMalice":0,"downfall:HeartBlessingGreen":27,"Omamori":10,"War Paint":41,"Smiling Mask":24,"hubris:TerracottaHorce":34,"Replay:Rubber Ducky":46,"Replay:Bandana":38,"hubris:Icosahedron":11,"downfall:HeartBlessingBlue":18,"Bronze Scales":20,"Snecko Eye":17,"Chemical X":36,"ReplayTheSpireMod:Lightbulb":25,"hubris:BottledRain":8},{"downfall:HeartBlessingRed":1,"Happy Flower":22,"Counterbalance":23,"champ:ChampionCrown":0,"downfall:HeartsMalice":0,"downfall:HeartBlessingGreen":13,"Omamori":6,"War Paint":22,"Smiling Mask":11,"hubris:TerracottaHorce":19,"Replay:Rubber Ducky":23,"Replay:Bandana":22,"hubris:Icosahedron":6,"downfall:HeartBlessingBlue":9,"Bronze Scales":11,"Snecko Eye":9,"Chemical X":20,"ReplayTheSpireMod:Lightbulb":12,"hubris:BottledRain":4},{"downfall:HeartBlessingRed":0,"Happy Flower":78,"Counterbalance":84,"champ:ChampionCrown":0,"downfall:HeartsMalice":0,"downfall:HeartBlessingGreen":42,"Omamori":14,"War Paint":78,"Smiling Mask":36,"hubris:TerracottaHorce":63,"Replay:Rubber Ducky":84,"Replay:Bandana":78,"hubris:Icosahedron":14,"downfall:HeartBlessingBlue":29,"Bronze Scales":36,"Snecko Eye":29,"Chemical X":65,"ReplayTheSpireMod:Lightbulb":39,"hubris:BottledRain":6}]},"card_choices":[{"not_picked":["champ:Backstep","champ:GladiatorsShout"],"picked":"champ:EnGarde","floor":2},{"not_picked":["champ:BladeFlurry","champ:RecklessLeap"],"picked":"champ:ShieldWall","floor":5},{"not_picked":["champ:GladiatorsShout","champ:BladeFlurry"],"picked":"champ:TornadoPunch","floor":6},{"not_picked":["champ:StanceDance","champ:ShieldWall"],"picked":"champ:Backstep","floor":8},{"not_picked":["champ:Backstep","champ:TornadoPunch"],"picked":"champ:ShieldSigil","floor":9},{"not_picked":["champ:DancingMaster","champ:DefensiveStyle"],"picked":"champ:ViciousMockery","floor":10},{"not_picked":["champ:FlashCut","champ:PerfectedStrike","champ:DeathBlow"],"picked":"SKIP","floor":14},{"not_picked":["champ:Haymaker","champ:CalledShot"],"picked":"champ:DefensiveStyle","floor":15},{"not_picked":["champ:SwordThrow","champ:Devastate"],"picked":"champ:IgnorePain","floor":16},{"not_picked":["champ:CalledShot+1","champ:BladeFlurry+1"],"picked":"champ:TornadoPunch+1","floor":19},{"not_picked":["champ:PerfectedStrike","champ:GutPunch+1"],"picked":"champ:EnGarde","floor":20},{"not_picked":["infinitespire:FinalStrike","ReplayTheSpireMod:Chaos Vortex"],"picked":"ReplayTheSpireMod:Black Plague","floor":22},{"not_picked":["champ:FocusedDefense+1","champ:GladiatorsShout"],"picked":"champ:FalseCounter","floor":25},{"not_picked":["champ:AdrenalArmor","champ:BerserkersShout","champ:DeathBlow"],"picked":"SKIP","floor":26},{"not_picked":["champ:BringItOn","champ:GladiatorStyle"],"picked":"champ:Lariat+1","floor":28},{"not_picked":["champ:PerfectedStrike","champ:AdrenalArmor","champ:SwordSigil+1"],"picked":"SKIP","floor":29},{"not_picked":["champ:StanceDance","champ:BladeFlurry"],"picked":"champ:DefensiveShout","floor":30},{"not_picked":["champ:SwordSigil","champ:FanOfKnives","champ:Encircle+1"],"picked":"SKIP","floor":31},{"not_picked":["champ:DefensiveShout","champ:FightOn"],"picked":"champ:Circumvent+1","floor":32},{"not_picked":["champ:IgnorePain","champ:CrownThrow"],"picked":"champ:SteelEdge","floor":33},{"not_picked":["champ:RapidStrikes+1","champ:SteelEdge"],"picked":"champ:FocusedDefense","floor":36},{"not_picked":["champ:BringItOn+1","champ:PerfectedStrike"],"picked":"champ:Backstep","floor":37},{"not_picked":["champ:FanOfKnives+1","champ:StanceDance","champ:CrookedStrike+1"],"picked":"SKIP","floor":38},{"not_picked":["champ:EnragedBash","champ:FanOfKnives"],"picked":"champ:Riposte","floor":43},{"not_picked":["champ:FanOfKnives+1","champ:FightOn"],"picked":"champ:HeavySlash","floor":47},{"not_picked":["champ:TornadoPunch","champ:RageSigil+1"],"picked":"champ:ShieldSigil+1","floor":49}],"player_experience":373704,"relics_obtained":[{"floor":8,"key":"hubris:BottledRain"},{"floor":10,"key":"Omamori"},{"floor":24,"key":"Smiling Mask"},{"floor":25,"key":"ReplayTheSpireMod:Lightbulb"},{"floor":38,"key":"Replay:Bandana"},{"floor":40,"key":"Happy Flower"},{"floor":41,"key":"War Paint"},{"floor":43,"key":"Counterbalance"}],"event_choices":[{"cards_removed":["champ:Strike"],"damage_healed":0,"gold_gain":0,"player_choice":"Purged","damage_taken":0,"max_hp_gain":0,"max_hp_loss":0,"event_name":"Purifier","floor":4,"gold_loss":0},{"damage_healed":0,"gold_gain":0,"cards_transformed":["champ:Strike"],"player_choice":"Transformed","damage_taken":0,"max_hp_gain":0,"max_hp_loss":0,"event_name":"Transmorgrifier","floor":13,"gold_loss":0,"cards_obtained":["champ:TornadoPunch"]},{"damage_healed":0,"gold_gain":0,"cards_transformed":["champ:Defend"],"player_choice":"Transformed","damage_taken":0,"max_hp_gain":0,"max_hp_loss":0,"event_name":"Transmorgrifier","floor":48,"gold_loss":0,"cards_obtained":["champ:FocusedGladiator"]}],"is_beta":false,"boss_relics":[{"not_picked":["hubris:BlackHole","hubris:VirtuousBlindfold"],"picked":"Snecko Eye"},{"not_picked":["SlaversCollar","ChewingGum"],"picked":"hubris:TerracottaHorce"}],"items_purged_floors":[31,36,46],"is_endless":false,"potions_floor_spawned":[14,15,25,28,33,38,43,47],"killed_by":"downfall:CharBossMerchant","ascension_level":0}}