{"host":"igi9xpgoc000gxf5","time":1608583902,"event":{"mods":["BaseMod","Colored Powertips","Downfall","Googly Eyes","Minty Spire (QoL Compilation)","StSLib"],"gold_per_floor":[99,99,99,114,171,171,171,171,203,128,148,5,0,0,15,120,120,120,120,150,168,18,18,18,68,68,68,85,102,16,1,14,14,14,14],"floor_reached":33,"playtime":2516,"items_purged":[],"score":259,"play_id":"097b3426-df4f-4cd7-92e1-c1fd8a1c682d","local_time":"20201221215142","is_ascension_mode":false,"campfire_choices":[{"data":"hexamod:Float","floor":1,"key":"SMITH"},{"floor":6,"key":"REST"},{"floor":8,"key":"REST"},{"floor":10,"key":"REST"},{"data":"hexamod:EmpoweredFlame","floor":18,"key":"SMITH"},{"floor":23,"key":"REST"},{"floor":27,"key":"REST"}],"circlet_count":0,"master_deck":["hexamod:Strike+1","hexamod:Strike+1","hexamod:Strike","hexamod:Strike","hexamod:Defend","hexamod:Defend+1","hexamod:Defend","hexamod:Defend+1","hexamod:Sear","hexamod:Float+1","hexamod:EmpoweredFlame+1","hexamod:FlamesFromBeyond","hexamod:RadiantFlame","hexamod:NightmareGuise","hexamod:SwordOfDarkness","hexamod:ShieldOfDarkness","hexamod:FastForward","hexamod:ExtraCrispy","hexamod:CatchUp","hexamod:BurningTouch+1","hexamod:VolcanoVisage","hexamod:NightmareStrike+1","hexamod:Firestarter","hexamod:ThermalTransfer+1","hexamod:FifthSeal","Reaper","hexamod:SixthSeal","hexamod:Hexaguard","hexamod:HexaLevel","hexamod:Firestarter","hexamod:PhantomFireball","hexamod:SpectralAdrenaline","hexamod:FourthSeal","hexamod:SwordOfDarkness"],"relics":["hexamod:SpiritBrand","Gambling Chip","Omamori","Regal Pillow","War Paint","downfall:HeartBlessingGreen","SlaversCollar","Darkstone Periapt","Bottled Lightning","MealTicket"],"acts_visited":["Exordium","TheCity"],"potions_floor_usage":[9,16,20,28,29,30,33],"damage_taken":[{"damage":0,"enemies":"Jaw Worm","floor":4,"turns":3},{"damage":31,"enemies":"Gremlin Nob","floor":5,"turns":5},{"damage":17,"enemies":"3 Sentries","floor":9,"turns":11},{"damage":8,"enemies":"Small Slimes","floor":11,"turns":5},{"damage":0,"enemies":"downfall:FleeingMerchant","floor":12,"turns":4},{"damage":0,"enemies":"downfall:FleeingMerchant","floor":13,"turns":4},{"damage":0,"enemies":"Cultist","floor":14,"turns":1},{"damage":7,"enemies":"Red Slaver","floor":15,"turns":3},{"damage":19,"enemies":"downfall:Ironclad","floor":16,"turns":9},{"damage":43,"enemies":"Gremlin Leader","floor":20,"turns":7},{"damage":18,"enemies":"3 Byrds","floor":21,"turns":5},{"damage":5,"enemies":"downfall:FleeingMerchant","floor":22,"turns":4},{"damage":22,"enemies":"Chosen","floor":28,"turns":5},{"damage":32,"enemies":"Sentry and Sphere","floor":29,"turns":8},{"damage":6,"enemies":"downfall:FleeingMerchant","floor":30,"turns":4},{"damage":6,"enemies":"downfall:FleeingMerchant","floor":31,"turns":4},{"damage":32,"enemies":"Cultist and Chosen","floor":32,"turns":7},{"damage":35,"enemies":"downfall:Defect","floor":33,"turns":9}],"seed_played":"5693893811339288823","potions_obtained":[{"floor":5,"key":"DistilledChaos"},{"floor":9,"key":"SneckoOil"},{"floor":11,"key":"hexamod:DoubleChargePotion"},{"floor":16,"key":"DuplicationPotion"},{"floor":21,"key":"DistilledChaos"},{"floor":29,"key":"AttackPotion"},{"floor":32,"key":"Explosive Potion"}],"is_trial":false,"path_per_floor":["R","?","?","M","?","R","T","R","E","R","M","$","$","M","M","B",null,"R","?","E","M","$","R","T","T","?","R","M","M","$","$","M","B"],"character_chosen":"THE_SPIRIT","items_purchased":["hexamod:SwordOfDarkness","hexamod:ShieldOfDarkness","hexamod:FastForward","hexamod:FifthSeal","hexamod:PhantomFireball"],"campfire_rested":5,"item_purchase_floors":[12,12,12,22,30],"current_hp_per_floor":[77,77,65,65,34,57,57,77,60,77,69,69,69,69,62,43,77,77,77,34,16,11,49,49,49,49,77,55,23,38,47,23,0,0,0],"gold":14,"neow_bonus":"TEN_PERCENT_HP_BONUS","is_daily":false,"chose_seed":false,"campfire_upgraded":2,"win_rate":0.0,"timestamp":1608583902,"path_taken":["R","?","?","M","?","R","T","R","E","R","M","$","$","M","M","BOSS","R","?","E","?","?","R","T","?","?","R","M","?","$","$","M","BOSS"],"items_purchased_type":["Card","Card","Card","Card","Card"],"build_version":"2020-12-13","purchased_purges":0,"victory":false,"max_hp_per_floor":[77,77,77,77,77,77,77,77,77,77,77,77,77,77,77,77,77,77,77,77,77,77,77,77,77,77,77,77,77,77,77,77,77,77,77],"card_choices":[{"not_picked":["hexamod:InspiringFlames","hexamod:SkipABeat"],"picked":"hexamod:AdvancingGuard","floor":4},{"not_picked":["hexamod:SwordOfDarkness","hexamod:ThirdSeal"],"picked":"hexamod:EmpoweredFlame","floor":5},{"not_picked":["hexamod:NightmareStrike","hexamod:HeatCrush"],"picked":"hexamod:FlamesFromBeyond","floor":9},{"not_picked":["hexamod:FastForward","hexamod:GhostLash"],"picked":"hexamod:RadiantFlame","floor":11},{"not_picked":["hexamod:InspiringFlames","hexamod:BacktrackSmack"],"picked":"hexamod:NightmareGuise","floor":12},{"not_picked":["hexamod:Rewind","hexamod:NightmareGuise"],"picked":"hexamod:ExtraCrispy","floor":13},{"not_picked":["hexamod:GhostflameBarrier","hexamod:SwordOfDarkness"],"picked":"hexamod:CatchUp","floor":14},{"not_picked":["hexamod:ShieldOfDarkness","hexamod:StepThrough"],"picked":"hexamod:BurningTouch","floor":15},{"not_picked":["hexamod:ParanormalForm","hexamod:EmpoweringStance"],"picked":"hexamod:VolcanoVisage","floor":16},{"not_picked":["hexamod:SwordOfDarkness","hexamod:SpectralAdrenaline"],"picked":"hexamod:NightmareStrike","floor":20},{"not_picked":["hexamod:GhostOfSpirePast","hexamod:HeatCrush"],"picked":"hexamod:Firestarter","floor":21},{"not_picked":["hexamod:SecondSeal","hexamod:ShieldOfDarkness"],"picked":"hexamod:ThermalTransfer+1","floor":22},{"not_picked":["hexamod:FirstSeal","hexamod:FourthSeal"],"picked":"hexamod:SixthSeal","floor":28},{"not_picked":["hexamod:Incineration","hexamod:GhostLash"],"picked":"hexamod:Hexaguard","floor":28},{"not_picked":["hexamod:NightmareGuise","hexamod:RainOfEmbers"],"picked":"hexamod:HexaLevel","floor":29},{"not_picked":["hexamod:NightmareStrike","hexamod:HeatCrush+1"],"picked":"hexamod:Firestarter","floor":30},{"not_picked":["hexamod:NightmareStrike","hexamod:AdvancingGuard+1"],"picked":"hexamod:SpectralAdrenaline","floor":31},{"not_picked":["hexamod:SixthSeal","hexamod:SecondSeal"],"picked":"hexamod:FourthSeal","floor":32},{"not_picked":["hexamod:PhantomCloak","hexamod:HeatShield"],"picked":"hexamod:SwordOfDarkness","floor":32}],"player_experience":883345,"relics_obtained":[{"floor":5,"key":"Omamori"},{"floor":7,"key":"Regal Pillow"},{"floor":9,"key":"War Paint"},{"floor":20,"key":"Darkstone Periapt"},{"floor":24,"key":"Bottled Lightning"},{"floor":25,"key":"MealTicket"}],"event_choices":[{"damage_healed":0,"gold_gain":0,"player_choice":"Success","damage_taken":12,"relics_obtained":["Gambling Chip"],"max_hp_gain":0,"max_hp_loss":0,"event_name":"Scrap Ooze","floor":3,"gold_loss":0},{"damage_healed":0,"gold_gain":0,"player_choice":"Upgraded","damage_taken":0,"max_hp_gain":0,"max_hp_loss":0,"event_name":"Upgrade Shrine","floor":19,"gold_loss":0,"cards_upgraded":["hexamod:BurningTouch"]},{"cards_removed":["hexamod:AdvancingGuard"],"damage_healed":0,"gold_gain":0,"player_choice":"Took Card","damage_taken":0,"max_hp_gain":0,"max_hp_loss":0,"event_name":"NoteForYourself","floor":26,"gold_loss":0,"cards_obtained":["Reaper"]}],"is_beta":false,"boss_relics":[{"not_picked":["SacredBark","Velvet Choker"],"picked":"SlaversCollar"}],"items_purged_floors":[],"is_endless":false,"potions_floor_spawned":[5,9,11,16,21,29,32],"killed_by":"downfall:Defect","ascension_level":0}}