{"host":"ue7jlgf7uv134an9","time":1608516316,"event":{"mods":["BaseMod","Better Third Choice","Defuse TimeMaze Blight","Minty Spire (QoL Compilation)","Quick Restart","Rare Cards Sparkle","Relic Stats","StSLib","UnlockEverythingMod"],"gold_per_floor":[116,30,44,44,44,75,75,104,104,29,55,55,81,91,91,91,91],"floor_reached":16,"playtime":563,"items_purged":["Strike_G"],"score":282,"play_id":"71b2010a-8e4f-4b06-8845-4b0ffdfa69d9","local_time":"20201220210516","is_ascension_mode":true,"campfire_choices":[{"data":"Sucker Punch","floor":7.0,"key":"SMITH"},{"data":"Poisoned Stab","floor":12.0,"key":"SMITH"},{"data":"Cloak And Dagger","floor":15.0,"key":"SMITH"}],"circlet_count":0,"master_deck":["AscendersBane","Strike_G","Strike_G","Strike_G","Defend_G","Defend_G","Defend_G","Defend_G","Defend_G","Survivor","Neutralize","Cloak And Dagger+1","Well Laid Plans","Poisoned Stab+1","Heel Hook","Undo+1","Sucker Punch+1","Blade Dance","Deadly Poison","PiercingWail"],"relics":["Ring of the Snake","NeowsBlessing","Unceasing Top","StrikeDummy","Ninja Scroll","White Beast Statue","Lantern","Odd Mushroom"],"acts_visited":["Exordium"],"potions_floor_usage":[16],"damage_taken":[{"damage":0.0,"enemies":"2 Louse","floor":1.0,"turns":2.0},{"damage":0.0,"enemies":"Small Slimes","floor":3.0,"turns":1.0},{"damage":0.0,"enemies":"Gremlin Nob","floor":6.0,"turns":1.0},{"damage":5.0,"enemies":"3 Sentries","floor":8.0,"turns":10.0},{"damage":3.0,"enemies":"Lagavulin","floor":11.0,"turns":6.0},{"damage":0.0,"enemies":"The Mushroom Lair","floor":13.0,"turns":3.0},{"damage":2.0,"enemies":"Jaw Worm","floor":14.0,"turns":2.0},{"damage":44,"enemies":"Slime Boss","floor":16,"turns":8}],"seed_played":"1049852941280428035","potions_obtained":[{"floor":3.0,"key":"CultistPotion"},{"floor":6.0,"key":"GhostInAJar"}],"is_trial":false,"path_per_floor":["M","$","M","?","?","E","R","E","T","$","E","R","?","M","R","B"],"character_chosen":"THE_SILENT","items_purchased":["Well Laid Plans"],"campfire_rested":0,"item_purchase_floors":[2],"current_hp_per_floor":[59,59,59,59,42,42,42,37,37,37,34,34,34,32,32,0,0],"gold":91,"neow_bonus":"THREE_ENEMY_KILL","is_daily":false,"chose_seed":false,"campfire_upgraded":3,"win_rate":0.0,"timestamp":1608516316,"path_taken":["M","$","M","?","?","E","R","E","T","$","E","R","?","M","R","BOSS"],"items_purchased_type":["Card"],"build_version":"2020-12-13","purchased_purges":1,"victory":false,"max_hp_per_floor":[66,66,66,66,66,66,66,66,66,66,66,66,66,66,66,66,66],"relic_stats":{"counters":[8,33],"obtain_stats":[{"Lantern":11,"NeowsBlessing":0,"Ninja Scroll":8,"Odd Mushroom":13,"StrikeDummy":6,"Unceasing Top":5,"White Beast Statue":9,"Ring of the Snake":0},{"Lantern":5,"NeowsBlessing":0,"Ninja Scroll":4,"Odd Mushroom":6,"StrikeDummy":3,"Unceasing Top":2,"White Beast Statue":4,"Ring of the Snake":0},{"Lantern":20,"NeowsBlessing":0,"Ninja Scroll":14,"Odd Mushroom":23,"StrikeDummy":4,"Unceasing Top":3,"White Beast Statue":14,"Ring of the Snake":0}],"Unceasing Top":[0],"Ring of the Snake":[16]},"card_choices":[{"not_picked":["Deflect","Blur"],"picked":"Cloak And Dagger","floor":1.0},{"not_picked":["Dagger Spray","Deflect"],"picked":"Poisoned Stab","floor":3.0},{"not_picked":["Dodge and Roll","Choke"],"picked":"Sucker Punch","floor":6.0},{"not_picked":["Backflip","Bullet Time"],"picked":"Blade Dance","floor":8.0},{"not_picked":["Flying Knee","Bane"],"picked":"Deadly Poison","floor":11.0},{"not_picked":["Backflip","Sucker Punch"],"picked":"PiercingWail","floor":14.0}],"player_experience":10908,"relics_obtained":[{"floor":6.0,"key":"StrikeDummy"},{"floor":8.0,"key":"Ninja Scroll"},{"floor":9.0,"key":"White Beast Statue"},{"floor":11.0,"key":"Lantern"},{"floor":13.0,"key":"Odd Mushroom"}],"event_choices":[{"damage_healed":0.0,"max_hp_gain":0.0,"max_hp_loss":0.0,"gold_gain":0.0,"cards_transformed":["Strike_G"],"event_name":"Living Wall","player_choice":"Change","floor":4.0,"gold_loss":0.0,"damage_taken":0.0,"cards_obtained":["Heel Hook"]},{"damage_healed":0.0,"max_hp_gain":0.0,"max_hp_loss":0.0,"gold_gain":0.0,"event_name":"Mushrooms","player_choice":"Fought Mushrooms","floor":13.0,"gold_loss":0.0,"damage_taken":0.0}],"is_beta":false,"boss_relics":[],"items_purged_floors":[10],"is_endless":false,"potions_floor_spawned":[3,6,11,13,14],"killed_by":"Slime Boss","ascension_level":20}}