{"host":"0e3sjn8nzeyxegex","time":1608541578,"event":{"mods":["Act Like it!","AlwaysNeverKeys","BaseMod","Better Altar","Better Note","Better Sensory Stone","Better Skull","Better Third Choice","Better Vampires","Colored Map","Friendly Minions","Minty Spire (QoL Compilation)","Permanent Neow","Quick Restart","StSLib","The Alterego"],"gold_per_floor":[120,51,63,78,90,122,122,151,151,162,175,204,204,238,238,343,343,353,26,39,52,70,110,24,24,50,50,66,66,93,106,106,219,219,238,254,194,194,144,144,178,178,201,44,81,81,91,118,118,118],"floor_reached":51,"playtime":3883,"items_purged":["alterego_mod:Strike","alterego_mod:Strike","alterego_mod:Strike"],"score":1177,"play_id":"6f369cfa-b5d6-4849-b37d-cf2b9b6b8dac","local_time":"20201221040618","is_ascension_mode":true,"campfire_choices":[{"data":"alterego_mod:TrashNCrash","floor":7.0,"key":"SMITH"},{"data":"alterego_mod:Smother","floor":15.0,"key":"SMITH"},{"data":"alterego_mod:Rake","floor":25.0,"key":"SMITH"},{"floor":27.0,"key":"REST"},{"data":"alterego_mod:BrynhildrsRune","floor":29.0,"key":"SMITH"},{"data":"alterego_mod:Defend","floor":32.0,"key":"SMITH"},{"floor":40,"key":"REST"},{"data":"alterego_mod:TrashNCrash","floor":46,"key":"SMITH"},{"floor":49,"key":"REST"}],"circlet_count":0,"master_deck":["AscendersBane","alterego_mod:Defend","alterego_mod:Defend","alterego_mod:Defend","alterego_mod:Defend+1","alterego_mod:BigMeatyClaws+1","alterego_mod:BrynhildrsRune+1","alterego_mod:TrashNCrash+1","alterego_mod:Vow","alterego_mod:DeftHands+1","alterego_mod:Smother+1","alterego_mod:Exercise","alterego_mod:Rake+1","alterego_mod:Jiggle+1","alterego_mod:RocketPunch+1","alterego_mod:BeGentle","alterego_mod:Rake+1","alterego_mod:TrashNCrash+1","alterego_mod:BiFurious","alterego_mod:1TonWallop+1","alterego_mod:DeftHands+1"],"relics":["alterego_mod:MasochisticConstitution","Happy Flower","Singing Bowl","Pocketwatch","StoneCalendar","Regal Pillow","Philosopher\u0027s Stone","Membership Card","Pen Nib","Omamori","CeramicFish","Whetstone","Bronze Scales","Juzu Bracelet","Runic Pyramid","CaptainsWheel","Oddly Smooth Stone","Nunchaku","Gambling Chip"],"acts_visited":["Exordium","TheCity","TheBeyond"],"potions_floor_usage":[50,50],"damage_taken":[{"damage":8.0,"enemies":"Small Slimes","floor":1.0,"turns":9.0},{"damage":11.0,"enemies":"Cultist","floor":3.0,"turns":6.0},{"damage":2.0,"enemies":"Jaw Worm","floor":4.0,"turns":7.0},{"damage":23.0,"enemies":"Red Slaver","floor":5.0,"turns":8.0},{"damage":46.0,"enemies":"3 Sentries","floor":6.0,"turns":11.0},{"damage":19.0,"enemies":"Lagavulin","floor":8.0,"turns":7.0},{"damage":0.0,"enemies":"Looter","floor":10.0,"turns":3.0},{"damage":15.0,"enemies":"Gremlin Gang","floor":11.0,"turns":5.0},{"damage":2.0,"enemies":"3 Sentries","floor":12.0,"turns":9.0},{"damage":22.0,"enemies":"Gremlin Nob","floor":14.0,"turns":4.0},{"damage":27.0,"enemies":"The Guardian","floor":16.0,"turns":8.0},{"damage":11.0,"enemies":"Shell Parasite","floor":18.0,"turns":7.0},{"damage":56.0,"enemies":"3 Byrds","floor":20.0,"turns":6.0},{"damage":8.0,"enemies":"3 Cultists","floor":21.0,"turns":4.0},{"damage":11.0,"enemies":"Chosen and Byrds","floor":22.0,"turns":7.0},{"damage":46.0,"enemies":"Book of Stabbing","floor":23.0,"turns":7.0},{"damage":20.0,"enemies":"Snake Plant","floor":28.0,"turns":5.0},{"damage":22.0,"enemies":"Gremlin Leader","floor":30.0,"turns":3.0},{"damage":10.0,"enemies":"Shelled Parasite and Fungi","floor":31.0,"turns":3.0},{"damage":46.0,"enemies":"Champ","floor":33.0,"turns":10.0},{"damage":9.0,"enemies":"3 Shapes","floor":35.0,"turns":5.0},{"damage":37.0,"enemies":"3 Darklings","floor":36.0,"turns":7.0},{"damage":59,"enemies":"Reptomancer","floor":41,"turns":3},{"damage":2,"enemies":"Nemesis","floor":45,"turns":8},{"damage":15,"enemies":"Jaw Worm Horde","floor":47,"turns":5},{"damage":4,"enemies":"Maw","floor":48,"turns":7},{"damage":99,"enemies":"Donu and Deca","floor":50,"turns":7}],"seed_played":"-1827562342969377580","potions_obtained":[{"floor":3.0,"key":"LiquidBronze"},{"floor":4.0,"key":"PowerPotion"},{"floor":8.0,"key":"AttackPotion"},{"floor":11.0,"key":"Ancient Potion"},{"floor":20.0,"key":"Regen Potion"},{"floor":22.0,"key":"Fire Potion"},{"floor":23.0,"key":"Energy Potion"},{"floor":30.0,"key":"FearPotion"},{"floor":36.0,"key":"Strength Potion"}],"is_trial":false,"path_per_floor":["M","$","M","M","M","E","R","E","T","M","M","E","?","E","R","B",null,"M","$","M","M","M","E","$","R","T","R","M","R","E","M","R","B",null,"M","M","?","?","$","R","E","?","T","$","E","R","M","M","R","B",null],"character_chosen":"The_Alterego","items_purchased":["alterego_mod:Vow","Membership Card","Pen Nib","Omamori","Whetstone","alterego_mod:BeGentle","alterego_mod:TrashNCrash","Nunchaku","alterego_mod:BiFurious"],"campfire_rested":3,"item_purchase_floors":[2,19,19,19,24,24,44,44,44],"current_hp_per_floor":[70,70,67,73,58,34,34,23,23,25,47,89,89,77,77,51,83,82,82,50,55,54,16,16,16,16,62,52,52,47,54,54,9,88,89,76,76,76,76,120,78,78,78,78,84,84,93,97,128,44],"gold":118,"neow_bonus":"REMOVE_CARD","is_daily":false,"chose_seed":false,"campfire_upgraded":6,"win_rate":0.0,"timestamp":1608541578,"path_taken":["M","$","M","M","M","E","R","E","T","M","M","E","?","E","R","BOSS","M","$","M","M","?","E","$","R","T","R","M","R","E","M","R","BOSS","M","M","?","?","$","R","E","?","T","$","E","R","M","M","R","BOSS"],"items_purchased_type":["Card","Relic","Relic","Relic","Relic","Card","Card","Relic","Card"],"build_version":"2020-12-13","purchased_purges":3,"victory":true,"max_hp_per_floor":[71,71,72,73,74,75,75,76,76,78,86,89,89,92,92,93,93,96,96,99,100,103,104,104,104,104,104,107,107,110,113,113,114,114,117,120,120,120,120,120,123,123,123,123,124,124,127,128,128,129],"card_choices":[{"not_picked":["alterego_mod:Complex","alterego_mod:Undulate"],"picked":"alterego_mod:TrashNCrash","floor":1.0},{"not_picked":["alterego_mod:Schoolgirl","alterego_mod:Jiggle","alterego_mod:BusterCard"],"picked":"SKIP","floor":3.0},{"not_picked":["alterego_mod:Support","alterego_mod:PerceptionDisorder"],"picked":"alterego_mod:DeftHands","floor":4.0},{"not_picked":["alterego_mod:Antipathy","alterego_mod:Crossover"],"picked":"alterego_mod:Smother","floor":5.0},{"not_picked":["alterego_mod:BustOut","alterego_mod:Support","alterego_mod:Cycle"],"picked":"SKIP","floor":6.0},{"not_picked":["alterego_mod:Birthday","alterego_mod:Stockings"],"picked":"alterego_mod:Exercise","floor":8.0},{"not_picked":["alterego_mod:Skirt","alterego_mod:Cycle","alterego_mod:BusterCard"],"picked":"Singing Bowl","floor":10.0},{"not_picked":["alterego_mod:Crossover","alterego_mod:MagicResistance","alterego_mod:DiscoLights"],"picked":"Singing Bowl","floor":11.0},{"not_picked":["alterego_mod:DiscoLights","alterego_mod:Complex","alterego_mod:PerceptionDisorder"],"picked":"Singing Bowl","floor":12.0},{"not_picked":["alterego_mod:Clones","alterego_mod:BusterCard","alterego_mod:Lingerie"],"picked":"Singing Bowl","floor":14.0},{"not_picked":["alterego_mod:VirginLaserPalladion","alterego_mod:Antipathy"],"picked":"alterego_mod:Rake","floor":16.0},{"not_picked":["alterego_mod:HighServant","alterego_mod:Maid","alterego_mod:Punishment"],"picked":"Singing Bowl","floor":18.0},{"not_picked":["alterego_mod:Skirt","alterego_mod:SuperDuperMasochism","alterego_mod:Cycle"],"picked":"Singing Bowl","floor":20.0},{"not_picked":["alterego_mod:TrashNCrash+1","alterego_mod:DustData"],"picked":"alterego_mod:Jiggle+1","floor":21.0},{"not_picked":["alterego_mod:Bounce","alterego_mod:Bunnysuit","alterego_mod:IdEs"],"picked":"Singing Bowl","floor":22.0},{"not_picked":["alterego_mod:Mirror","alterego_mod:Undulate"],"picked":"alterego_mod:RocketPunch","floor":23.0},{"not_picked":["alterego_mod:ChallengeComplete","alterego_mod:Exercise","alterego_mod:Maid+1"],"picked":"Singing Bowl","floor":28.0},{"not_picked":["alterego_mod:BusterCard+1","alterego_mod:Santa","alterego_mod:Cushion"],"picked":"Singing Bowl","floor":30.0},{"not_picked":["alterego_mod:Pet","alterego_mod:DiscoLights+1","alterego_mod:Punishment"],"picked":"Singing Bowl","floor":31.0},{"not_picked":["alterego_mod:Valkyrie","alterego_mod:Alter"],"picked":"alterego_mod:Rake","floor":33.0},{"not_picked":["alterego_mod:Santa+1","alterego_mod:PurpleHair+1","alterego_mod:Punishment"],"picked":"Singing Bowl","floor":35.0},{"not_picked":["alterego_mod:Rip","alterego_mod:BustOut+1","alterego_mod:PerceptionDisorder+1"],"picked":"Singing Bowl","floor":36.0},{"not_picked":["alterego_mod:MagicResistance+1","alterego_mod:Table+1","alterego_mod:Stockings"],"picked":"Singing Bowl","floor":41},{"not_picked":["alterego_mod:Belle+1","alterego_mod:Bounce+1"],"picked":"alterego_mod:1TonWallop+1","floor":45},{"not_picked":["alterego_mod:Swimsuit+1","alterego_mod:Bloomers","alterego_mod:DestructionOfProperty+1"],"picked":"Singing Bowl","floor":47},{"not_picked":["alterego_mod:Birthday","alterego_mod:PurpleHair+1"],"picked":"alterego_mod:DeftHands+1","floor":48}],"player_experience":1120700,"relics_obtained":[{"floor":6.0,"key":"Happy Flower"},{"floor":8.0,"key":"Singing Bowl"},{"floor":9.0,"key":"Pocketwatch"},{"floor":12.0,"key":"StoneCalendar"},{"floor":14.0,"key":"Regal Pillow"},{"floor":23.0,"key":"CeramicFish"},{"floor":26.0,"key":"Bronze Scales"},{"floor":30.0,"key":"Juzu Bracelet"},{"floor":41,"key":"CaptainsWheel"},{"floor":43,"key":"Oddly Smooth Stone"},{"floor":45,"key":"Gambling Chip"}],"event_choices":[{"damage_healed":0.0,"max_hp_gain":0.0,"max_hp_loss":0.0,"gold_gain":0.0,"event_name":"Upgrade Shrine","player_choice":"Upgraded","floor":13.0,"gold_loss":0.0,"damage_taken":0.0,"cards_upgraded":["alterego_mod:BigMeatyClaws"]},{"cards_removed":["alterego_mod:Strike"],"damage_healed":0,"gold_gain":0,"player_choice":"Single Remove","damage_taken":0,"max_hp_gain":0,"max_hp_loss":0,"event_name":"Designer","floor":37,"gold_loss":60},{"damage_healed":0,"gold_gain":0,"player_choice":"Ignored","damage_taken":0,"max_hp_gain":0,"max_hp_loss":0,"event_name":"Tomb of Lord Red Mask","floor":38,"gold_loss":0},{"damage_healed":0,"gold_gain":0,"player_choice":"Upgraded","damage_taken":0,"max_hp_gain":0,"max_hp_loss":0,"event_name":"Upgrade Shrine","floor":42,"gold_loss":0,"cards_upgraded":["alterego_mod:Rake"]}],"is_beta":false,"boss_relics":[{"not_picked":["Tiny House","Cursed Key"],"picked":"Philosopher\u0027s Stone"},{"not_picked":["Black Star","SacredBark"],"picked":"Runic Pyramid"}],"items_purged_floors":[19,39,44],"is_endless":false,"potions_floor_spawned":[3,4,5,8,10,11,20,22,23,30,36,47],"ascension_level":11}}