{"host":"qfskrnw3pl1q86j0","time":1608572936,"event":{"mods":["BaseMod","Block Reminder","Hermit","Marisa????????","Minty Spire (QoL Compilation)","Quick Restart","Random Character Button","StSLib","The Poker Player","slay the spire mod where everything is the same but ironclad has a cowboy hat"],"gold_per_floor":[109,122,122,143,41,41,57,57,57,76,94,127,127,143,143,274,274,287,312,237,237,252,252,271,271,271,285,301,315,340,150,150,279,279,299,362,94,94,94],"floor_reached":38,"playtime":1371,"items_purged":["Defend_P","Defend_P","Strike_P"],"score":407,"play_id":"f7eb7591-338e-479b-adeb-f05f44f47d53","local_time":"20201221184856","is_ascension_mode":false,"campfire_choices":[{"data":"Eruption","floor":6.0,"key":"SMITH"},{"data":"WindmillStrike","floor":8.0,"key":"SMITH"},{"data":"Perseverance","floor":13.0,"key":"SMITH"},{"data":"Vigilance","floor":15.0,"key":"SMITH"},{"data":"FollowUp","floor":23,"key":"SMITH"},{"data":"LikeWater","floor":25,"key":"SMITH"},{"data":"SashWhip","floor":32,"key":"SMITH"}],"circlet_count":0,"master_deck":["Strike_P","Defend_P","Defend_P","Eruption+1","Vigilance+1","Perseverance+1","WindmillStrike+1","LikeWater+1","EmptyBody","FollowUp+1","CrushJoints+1","Evaluate+1","FearNoEvil","Consecrate+1","Protect+1","SashWhip+1","Finesse+1"],"relics":["PureWater","Golden Idol","Mercury Hourglass","Toxic Egg 2","Busted Crown","TeardropLocket","SlaversCollar","Pocketwatch","Vajra"],"acts_visited":["Exordium","TheCity","TheBeyond"],"potions_floor_usage":[22,24,27,33,38],"damage_taken":[{"damage":0.0,"enemies":"2 Louse","floor":1.0,"turns":3.0},{"damage":2.0,"enemies":"Jaw Worm","floor":2.0,"turns":4.0},{"damage":2.0,"enemies":"Small Slimes","floor":4.0,"turns":4.0},{"damage":0.0,"enemies":"Exordium Wildlife","floor":7.0,"turns":2.0},{"damage":0.0,"enemies":"3 Louse","floor":10.0,"turns":2.0},{"damage":0.0,"enemies":"Looter","floor":11.0,"turns":3.0},{"damage":12.0,"enemies":"Gremlin Nob","floor":12.0,"turns":5.0},{"damage":0.0,"enemies":"Exordium Wildlife","floor":14.0,"turns":3.0},{"damage":7.0,"enemies":"The Guardian","floor":16.0,"turns":9.0},{"damage":0.0,"enemies":"Chosen","floor":18.0,"turns":3.0},{"damage":8.0,"enemies":"3 Byrds","floor":19.0,"turns":4.0},{"damage":0,"enemies":"Cultist and Chosen","floor":22,"turns":4},{"damage":4,"enemies":"Chosen and Byrds","floor":24,"turns":3},{"damage":6,"enemies":"Snecko","floor":27,"turns":4},{"damage":13,"enemies":"Shelled Parasite and Fungi","floor":28,"turns":4},{"damage":0,"enemies":"Cultist and Chosen","floor":29,"turns":5},{"damage":5,"enemies":"Snecko","floor":30,"turns":5},{"damage":13,"enemies":"Champ","floor":33,"turns":9},{"damage":0,"enemies":"3 Shapes","floor":35,"turns":5},{"damage":0,"enemies":"Mind Bloom Boss Battle","floor":36,"turns":3},{"damage":0,"enemies":"Orin","floor":38,"turns":5}],"seed_played":"8636682106562700882","potions_obtained":[{"floor":1.0,"key":"PowerPotion"},{"floor":10.0,"key":"Block Potion"},{"floor":12.0,"key":"Explosive Potion"},{"floor":24,"key":"Block Potion"},{"floor":27,"key":"SteroidPotion"},{"floor":29,"key":"BlessingOfTheForge"},{"floor":35,"key":"PowerPotion"}],"is_trial":false,"path_per_floor":["M","M","?","M","$","R","M","R","T","M","M","E","R","M","R","B",null,"M","M","?","?","M","R","M","R","T","M","M","M","M","$","R","B",null,"M","?","$","?"],"character_chosen":"WATCHER","items_purchased":["EmptyBody","Finesse+1","Vajra"],"campfire_rested":0,"item_purchase_floors":[5,31,37],"current_hp_per_floor":[72,70,52,50,50,50,50,50,50,50,50,38,38,38,38,31,72,72,64,64,64,64,64,60,60,60,54,41,41,36,36,36,23,72,72,72,72,72,72],"gold":94,"neow_bonus":"TRANSFORM_CARD","is_daily":false,"chose_seed":false,"campfire_upgraded":7,"win_rate":0.0,"timestamp":1608572936,"path_taken":["M","M","?","M","$","R","M","R","T","M","M","E","R","M","R","BOSS","M","M","?","?","M","R","M","R","T","M","?","M","M","$","R","BOSS","M","?","$","?"],"items_purchased_type":["Card","Card","Relic"],"build_version":"2020-12-13","purchased_purges":3,"victory":false,"max_hp_per_floor":[72,72,72,72,72,72,72,72,72,72,72,72,72,72,72,72,72,72,72,72,72,72,72,72,72,72,72,72,72,72,72,72,72,72,72,72,72,72,72],"card_choices":[{"not_picked":["Perseverance","SashWhip"],"picked":"WindmillStrike","floor":1.0},{"not_picked":["Wireheading","InnerPeace","Wallop"],"picked":"SKIP","floor":2.0},{"not_picked":["Halt","JustLucky"],"picked":"LikeWater","floor":4.0},{"not_picked":["Protect","JustLucky","Prostrate"],"picked":"SKIP","floor":7.0},{"not_picked":["PathToVictory","Perseverance","SignatureMove"],"picked":"SKIP","floor":10.0},{"not_picked":["Halt","Crescendo","SignatureMove"],"picked":"SKIP","floor":11.0},{"not_picked":["FlurryOfBlows","ClearTheMind+1","Study"],"picked":"SKIP","floor":12.0},{"not_picked":["MentalFortress","Halt+1"],"picked":"FollowUp","floor":14.0},{"not_picked":[],"picked":"CrushJoints+1","floor":18.0},{"not_picked":[],"picked":"Evaluate+1","floor":19.0},{"not_picked":["FlyingSleeves"],"picked":"SKIP","floor":22},{"not_picked":[],"picked":"Consecrate+1","floor":24},{"not_picked":["JustLucky+1"],"picked":"SKIP","floor":27},{"not_picked":[],"picked":"Protect+1","floor":28},{"not_picked":[],"picked":"SashWhip","floor":29},{"not_picked":["Conclude"],"picked":"SKIP","floor":30},{"not_picked":["Crescendo+1"],"picked":"SKIP","floor":35}],"player_experience":854424,"relics_obtained":[{"floor":9.0,"key":"Mercury Hourglass"},{"floor":12.0,"key":"Toxic Egg 2"},{"floor":26,"key":"TeardropLocket"},{"floor":36,"key":"Pocketwatch"}],"event_choices":[{"damage_healed":0.0,"max_hp_gain":0.0,"max_hp_loss":0.0,"gold_gain":0.0,"event_name":"Golden Idol","player_choice":"Take Damage","floor":3.0,"gold_loss":0.0,"damage_taken":18.0,"relics_obtained":["Golden Idol"]},{"cards_removed":["Strike_P"],"damage_healed":0,"gold_gain":0,"player_choice":"Gave Gold","damage_taken":0,"max_hp_gain":0,"max_hp_loss":0,"event_name":"Beggar","floor":20,"gold_loss":75},{"damage_healed":0,"gold_gain":0,"player_choice":"Read","damage_taken":0,"max_hp_gain":0,"max_hp_loss":0,"event_name":"The Library","floor":21,"gold_loss":0,"cards_obtained":["FearNoEvil"]},{"damage_healed":0,"gold_gain":0,"player_choice":"Fight","damage_taken":0,"max_hp_gain":0,"max_hp_loss":0,"event_name":"MindBloom","floor":36,"gold_loss":0},{"damage_healed":0,"gold_gain":0,"player_choice":"Fight","damage_taken":0,"max_hp_gain":0,"max_hp_loss":0,"event_name":"OrinTheCat","floor":38,"gold_loss":0}],"is_beta":false,"boss_relics":[{"not_picked":["Calling Bell","Runic Dome"],"picked":"Busted Crown"},{"not_picked":["Astrolabe","Runic Pyramid"],"picked":"SlaversCollar"}],"items_purged_floors":[5,31,37],"is_endless":false,"potions_floor_spawned":[1,10,12,16,24,27,29,30,35],"killed_by":"Orin","ascension_level":0}}