{"host":"0b6qkelyb1zitflw","time":1608574175,"event":{"mods":["BaseMod","CapriCore","Custom Start","Highlight Path","KOR Keyword Fix","Minty Spire (QoL Compilation)","StSLib","The Immortal"],"gold_per_floor":[113,38,38,54,54,54,83,83,107,107,7,7,19,47,47,144,144,158,58,76,76,1,1,16,16,85,85,85,85,102,122,122,122,122,122],"floor_reached":33,"playtime":1147,"items_purged":["MokouMod:Defend","MokouMod:Strike"],"score":251,"play_id":"82d8acba-6b25-42bb-80d6-1a59e54d016a","local_time":"20201222030935","is_ascension_mode":false,"campfire_choices":[{"data":"MokouMod:BlazingComet","floor":6.0,"key":"SMITH"},{"floor":8.0,"key":"REST"},{"floor":10.0,"key":"RECALL"},{"data":"MokouMod:Strike","floor":12.0,"key":"SMITH"},{"floor":15.0,"key":"REST"},{"data":"MokouMod:PhoenixForm","floor":23,"key":"SMITH"},{"floor":32,"key":"REST"}],"circlet_count":0,"master_deck":["MokouMod:Strike+1","MokouMod:Strike","MokouMod:Defend","MokouMod:Defend","MokouMod:Defend","MokouMod:HeatSpark+1","MokouMod:ImperishableFlame+1","MokouMod:BlazingComet+1","MokouMod:ResoluteFlare","MokouMod:PhoenixForm+1","MokouMod:Geothermal","MokouMod:Afterburner+1","MokouMod:ScorchingColumn","MokouMod:HeatTransfer","MokouMod:GuidingSmoke+1"],"relics":["MokouMod:PhoenixFeather","Art of War","Centennial Puzzle","Torii","Empty Cage","MutagenicStrength","Molten Egg 2"],"acts_visited":["Exordium","TheCity"],"potions_floor_usage":[16,16,16,24,30,30,30,30,30,33],"damage_taken":[{"damage":0.0,"enemies":"Cultist","floor":1.0,"turns":4.0},{"damage":1.0,"enemies":"Jaw Worm","floor":4.0,"turns":4.0},{"damage":28.0,"enemies":"Gremlin Nob","floor":7.0,"turns":4.0},{"damage":0.0,"enemies":"2 Louse","floor":13.0,"turns":2.0},{"damage":48.0,"enemies":"3 Sentries","floor":14.0,"turns":9.0},{"damage":39,"enemies":"Hexaghost","floor":16,"turns":10},{"damage":25,"enemies":"3 Byrds","floor":18,"turns":6},{"damage":5,"enemies":"Chosen","floor":20,"turns":4},{"damage":18,"enemies":"Snake Plant","floor":24,"turns":5},{"damage":14,"enemies":"3 Cultists","floor":30,"turns":6},{"damage":28,"enemies":"Centurion and Healer","floor":31,"turns":7},{"damage":65,"enemies":"Collector","floor":33,"turns":8}],"seed_played":"-3942659124493002827","potions_obtained":[{"floor":14.0,"key":"BlessingOfTheForge"},{"floor":20,"key":"Weak Potion"},{"floor":24,"key":"Dexterity Potion"}],"is_trial":false,"path_per_floor":["M","$","?","M","?","R","E","R","T","R","$","R","M","E","R","B",null,"M","$","M","?","?","R","M","$","T","?","?","$","M","M","R","B"],"character_chosen":"MKU","items_purchased":["EntropicBrew"],"campfire_rested":3,"item_purchase_floors":[11],"current_hp_per_floor":[82,82,82,81,81,81,53,77,77,77,77,77,77,29,53,14,82,57,57,52,52,52,52,34,34,34,18,47,47,33,5,31,21,21,21],"gold":122,"neow_bonus":"TEN_PERCENT_HP_BONUS","is_daily":false,"chose_seed":false,"campfire_upgraded":3,"win_rate":0.0,"timestamp":1608574175,"path_taken":["M","$","?","M","?","R","E","R","T","R","$","R","?","E","R","BOSS","M","$","M","?","?","R","M","?","T","?","?","?","M","?","R","BOSS"],"items_purchased_type":["Potion"],"build_version":"2020-12-13","purchased_purges":2,"victory":false,"max_hp_per_floor":[82,82,82,82,82,82,82,82,82,82,82,82,82,82,82,82,82,82,82,82,82,82,82,82,82,82,87,87,87,87,87,87,87,87,87],"card_choices":[{"not_picked":["MokouMod:Overheat","MokouMod:UncontrollableSolarReaction"],"picked":"MokouMod:ImperishableFlame","floor":1.0},{"not_picked":["MokouMod:ResoluteFlare","MokouMod:FlamingFireTalons"],"picked":"MokouMod:BlazingComet","floor":4.0},{"not_picked":["MokouMod:RisingSunBarrier","MokouMod:Cataclysm","MokouMod:Firecracker"],"picked":"SKIP","floor":7.0},{"not_picked":["MokouMod:IcarusDive","MokouMod:Singe"],"picked":"MokouMod:ResoluteFlare","floor":13.0},{"not_picked":["MokouMod:BlazingComet","MokouMod:BurningDraft"],"picked":"MokouMod:PhoenixForm","floor":14.0},{"not_picked":["MokouMod:BurningHiddenBullet","MokouMod:SacredFire"],"picked":"MokouMod:Geothermal","floor":16},{"not_picked":["MokouMod:ControlledCombustion","MokouMod:TemporalFireSeal+1"],"picked":"MokouMod:Refresh+1","floor":18},{"not_picked":["MokouMod:InfernalWave","MokouMod:ResoluteFlare+1"],"picked":"MokouMod:Afterburner+1","floor":20},{"not_picked":["MokouMod:IgnitionBarrier","MokouMod:InfernalWave"],"picked":"MokouMod:ScorchingColumn","floor":24},{"not_picked":["MokouMod:SearingShot+1","MokouMod:Meltdown"],"picked":"MokouMod:HeatTransfer","floor":30},{"not_picked":["MokouMod:IcarusDive+1","MokouMod:Meltdown"],"picked":"MokouMod:GuidingSmoke+1","floor":31}],"player_experience":308586,"relics_obtained":[{"floor":7.0,"key":"Art of War"},{"floor":9.0,"key":"Centennial Puzzle"},{"floor":14.0,"key":"Torii"},{"floor":26,"key":"Molten Egg 2"}],"event_choices":[{"damage_healed":0.0,"max_hp_gain":0.0,"max_hp_loss":0.0,"gold_gain":0.0,"event_name":"Living Wall","player_choice":"Grow","floor":3.0,"gold_loss":0.0,"damage_taken":0.0,"cards_upgraded":["MokouMod:HeatSpark"]},{"damage_healed":0.0,"max_hp_gain":0.0,"max_hp_loss":0.0,"gold_gain":0.0,"event_name":"Accursed Blacksmith","player_choice":"Forge","floor":5.0,"gold_loss":0.0,"damage_taken":0.0,"cards_upgraded":["MokouMod:ImperishableFlame"]},{"damage_healed":0,"gold_gain":0,"player_choice":"Inject Mutagens","damage_taken":0,"relics_obtained":["MutagenicStrength"],"max_hp_gain":0,"max_hp_loss":0,"event_name":"Drug Dealer","floor":21,"gold_loss":0},{"cards_removed":["MokouMod:Refresh"],"damage_healed":0,"gold_gain":0,"player_choice":"Gave Gold","damage_taken":0,"max_hp_gain":0,"max_hp_loss":0,"event_name":"Beggar","floor":22,"gold_loss":75},{"damage_healed":0,"gold_gain":0,"player_choice":"Shed Blood","damage_taken":21,"max_hp_gain":5,"max_hp_loss":0,"event_name":"Forgotten Altar","floor":27,"gold_loss":0},{"damage_healed":29,"gold_gain":0,"player_choice":"Heal","damage_taken":0,"max_hp_gain":0,"max_hp_loss":0,"event_name":"The Library","floor":28,"gold_loss":0}],"is_beta":false,"boss_relics":[{"not_picked":["Ectoplasm","Coffee Dripper"],"picked":"Empty Cage"}],"items_purged_floors":[2,19],"is_endless":false,"potions_floor_spawned":[13,14,20,24],"killed_by":"Collector","ascension_level":0}}