{"host":"0azimyi6n3ugndj4","time":1608565160,"event":{"mods":["BaseMod","Bestiary","Conspire","Curses Come First","Defuse TimeMaze Blight","Hyrulean Relics","Infinite Spire","Minty Spire (QoL Compilation)","Relic Sorter","Relic Stats","Replay The Spire","StSLib","SuperFastMode","Uncapped","¡¼?Úª?ø«¡½REMEMod"],"gold_per_floor":[153,12,54,102,144,237,237,342,342,492,492,492,687,765,765,765,765],"floor_reached":16,"playtime":241,"items_purged":[],"score":461,"play_id":"fe88980f-b26a-41b6-ac16-afedf536de1d","local_time":"20201222003920","daily_mods":["Insanity","Chimera","Specialized","Vintage","ControlledChaos","Allstar","Diverse","Colorless Cards","Heirloom","Time Dilation","Binary","Elite Swarm","Lethality","Midas","Uncertain Future"],"is_ascension_mode":true,"campfire_choices":[{"floor":7,"key":"REST"},{"floor":12,"key":"REST"},{"floor":15,"key":"REST"}],"circlet_count":0,"master_deck":["Demon Form","Wraith Form v2","Echo Form","DevaForm","AscendersBane","Bash","Survivor","Zap","Eruption","Strike_R","Strike_G","Strike_B","Defend_R","Defend_G","Defend_P","SashWhip","Setup","Infinite Blades","ThirdEye","Reflex","Prostrate","Acrobatics","PiercingWail","Hologram","Blade Dance","REME_Repentance","Poisoned Stab","Capacitor","Perseverance","Coolheaded","Run Through","Blade Dance","Anger","Impatience","Swivel","EmptyFist","Anger","Reflex","Nirvana","Shockwave","Underhanded Strike","Hemokinesis","Halt","PiercingWail","FlurryOfBlows","Defy Death","Clash","ThirdEye","Perfected Strike","ReplayTheSpireMod:Speed Training","Slice","Sweeping Beam","Wild Strike","Melter","BasicCrystalCard","Clothesline","Flying Knee","Study","Replay:Undeath\u0027s Touch","PiercingWail","Flash of Steel","Protect","Havoc","Barrage","Heavy Blade","ReplayTheSpireMod:Reroute Power","ReplayTheSpireMod:Reroute Power","ReplayTheSpireMod:Reroute Power","ReplayTheSpireMod:Reroute Power","ReplayTheSpireMod:Reroute Power","Mind Blast","Transmutation","ReplayTheSpireMod:Uncanny Aura","Secret Weapon","Mayhem","Thunder Strike","Master of Strategy","Poisoned Strike","conspire:Banana","Brutality","Amplify","Doubt","Replay:ManipulateFuture","Compile Driver","ReplayTheSpireMod:Brewmster"],"relics":["PureWater","Frozen Eye","REME_ComplimentaryCards","Thread and Needle","Darkstone Periapt","ReplayTheSpireMod:ShopPack","conspire:Dentures","Question Card","Iron Hammer","zeldaRelics:CourageTriforce","zeldaRelics:BlueTunic","Replay:Multitool","zeldaRelics:WisdomPiece"],"acts_visited":["Exordium"],"potions_floor_usage":[16,16,16],"damage_taken":[{"damage":0,"enemies":"Jaw Worm","floor":1,"turns":1},{"damage":0,"enemies":"Small Slimes","floor":3,"turns":1},{"damage":0,"enemies":"Cultist","floor":4,"turns":1},{"damage":2,"enemies":"3 Louse","floor":5,"turns":2},{"damage":0,"enemies":"Gremlin Nob","floor":6,"turns":1},{"damage":30,"enemies":"3 Sentries","floor":8,"turns":5},{"damage":25,"enemies":"3 Sentries","floor":11,"turns":6},{"damage":0,"enemies":"Lagavulin Event","floor":13,"turns":1},{"damage":0,"enemies":"Lagavulin","floor":14,"turns":1},{"damage":63,"enemies":"Hexaghost","floor":16,"turns":7}],"seed_played":"7813093748004547009","potions_obtained":[{"floor":4,"key":"Adrenaline Potion"},{"floor":6,"key":"DistilledChaos"}],"is_trial":true,"path_per_floor":["M","$","M","M","M","E","R","E","T","?","?","R","?","E","R","B"],"character_chosen":"WATCHER","items_purchased":["ReplayTheSpireMod:ShopPack"],"campfire_rested":3,"item_purchase_floors":[2],"current_hp_per_floor":[61,61,61,61,59,59,68,38,38,44,19,41,41,41,63,0,0],"gold":765,"neow_bonus":"","is_daily":false,"chose_seed":false,"campfire_upgraded":0,"win_rate":0.0,"timestamp":1608565160,"path_taken":["M","$","M","M","M","E","R","E","T","?","?","R","?","E","R","BOSS"],"items_purchased_type":["Relic"],"build_version":"2020-12-13","purchased_purges":0,"victory":false,"max_hp_per_floor":[68,68,68,68,68,68,68,68,68,74,74,74,74,74,74,74,74],"relic_stats":{"Darkstone Periapt":6,"counters":[10,26],"Question Card":6,"obtain_stats":[{"Darkstone Periapt":1,"conspire:Dentures":3,"zeldaRelics:BlueTunic":11,"zeldaRelics:WisdomPiece":14,"Thread and Needle":0,"Replay:Multitool":13,"Question Card":4,"zeldaRelics:CourageTriforce":9,"Frozen Eye":0,"Iron Hammer":5,"zeldaRelics:CouragePiece":6,"PureWater":0,"REME_ComplimentaryCards":0,"ReplayTheSpireMod:ShopPack":2},{"Darkstone Periapt":1,"conspire:Dentures":2,"zeldaRelics:BlueTunic":7,"zeldaRelics:WisdomPiece":9,"Thread and Needle":0,"Replay:Multitool":7,"Question Card":3,"zeldaRelics:CourageTriforce":6,"Frozen Eye":0,"Iron Hammer":4,"zeldaRelics:CouragePiece":5,"PureWater":0,"REME_ComplimentaryCards":0,"ReplayTheSpireMod:ShopPack":1},{"Darkstone Periapt":1,"conspire:Dentures":2,"zeldaRelics:BlueTunic":17,"zeldaRelics:WisdomPiece":19,"Thread and Needle":0,"Replay:Multitool":17,"Question Card":3,"zeldaRelics:CourageTriforce":11,"Frozen Eye":0,"Iron Hammer":5,"zeldaRelics:CouragePiece":6,"PureWater":0,"REME_ComplimentaryCards":0,"ReplayTheSpireMod:ShopPack":1}]},"card_choices":[{"not_picked":["Poisoned Strike"],"picked":"Master of Strategy","floor":2},{"not_picked":["ReplayTheSpireMod:Trickstab"],"picked":"Poisoned Strike","floor":2},{"not_picked":["Purity"],"picked":"conspire:Banana","floor":2},{"not_picked":["ReplayTheSpireMod:Necrosis","Omniscience"],"picked":"Brutality","floor":6},{"not_picked":["Demonic Infusion","Alpha"],"picked":"Amplify","floor":8},{"not_picked":["MentalFortress","Feel No Pain"],"picked":"Replay:ManipulateFuture","floor":11},{"not_picked":["Halt","ClearTheMind"],"picked":"Compile Driver","floor":13},{"not_picked":["SpiritShield","Midas Touch"],"picked":"ReplayTheSpireMod:Brewmster","floor":14}],"player_experience":1489638,"relics_obtained":[{"floor":1,"key":"Darkstone Periapt"},{"floor":3,"key":"conspire:Dentures"},{"floor":4,"key":"Question Card"},{"floor":5,"key":"Iron Hammer"},{"floor":6,"key":"zeldaRelics:CouragePiece"},{"floor":8,"key":"zeldaRelics:CouragePiece"},{"floor":9,"key":"zeldaRelics:CouragePiece"},{"floor":11,"key":"zeldaRelics:BlueTunic"},{"floor":14,"key":"zeldaRelics:WisdomPiece"}],"event_choices":[{"damage_healed":0,"gold_gain":150,"player_choice":"AGREE","damage_taken":0,"max_hp_gain":0,"max_hp_loss":0,"event_name":"Liars Game","floor":10,"gold_loss":0,"cards_obtained":["Doubt"]},{"damage_healed":0,"gold_gain":0,"player_choice":"Searched \u00273\u0027 times","damage_taken":0,"relics_obtained":["Replay:Multitool"],"max_hp_gain":0,"max_hp_loss":0,"event_name":"Dead Adventurer","floor":13,"gold_loss":0}],"is_beta":false,"boss_relics":[],"items_purged_floors":[],"is_endless":false,"potions_floor_spawned":[4,6,11,13],"killed_by":"Hexaghost","ascension_level":20}}