{"host":"omv42op7s93bjjql","time":1608574290,"event":{"mods":["BaseMod","Colored Map","Colored Powertips","DeckTracker","Keyboard Shortcuts","Minty Spire (QoL Compilation)","StSLib","SuperFastMode"],"gold_per_floor":[116,116,129,148,165,165,203,278,305,305,340,367,367,292,292,375,402,422,441,441,441,456,456,465,465,516,516,535,568,59,59,59,59,59],"floor_reached":33,"playtime":1064,"items_purged":[],"score":606,"play_id":"8ec02fac-696a-4c39-aa8c-4611624fcd2f","local_time":"20201222031130","is_ascension_mode":true,"campfire_choices":[{"data":"Eruption","floor":6.0,"key":"SMITH"},{"floor":10.0,"key":"REST"},{"data":"Wallop","floor":15.0,"key":"SMITH"},{"floor":23.0,"key":"REST"},{"floor":27.0,"key":"REST"},{"floor":32.0,"key":"REST"}],"circlet_count":0,"master_deck":["AscendersBane","Strike_P+1","Strike_P","Defend_P+1","Defend_P","Eruption+1","Vigilance","Conclude","FearNoEvil","Wallop+1","EmptyBody","Evaluate","ClearTheMind","Judgement","Swivel+1","ConjureBlade+1","WheelKick+1","DeusExMachina","Crescendo"],"relics":["SacredBark","CeramicFish","Vajra","Centennial Puzzle","Astrolabe","CultistMask","Potion Belt","Oddly Smooth Stone","Mango","HandDrill"],"acts_visited":["Exordium","TheCity"],"potions_floor_usage":[33,33],"damage_taken":[{"damage":4.0,"enemies":"Jaw Worm","floor":1.0,"turns":6.0},{"damage":5.0,"enemies":"2 Louse","floor":3.0,"turns":2.0},{"damage":1.0,"enemies":"Small Slimes","floor":4.0,"turns":5.0},{"damage":14.0,"enemies":"Looter","floor":5.0,"turns":3.0},{"damage":0.0,"enemies":"Gremlin Nob","floor":7.0,"turns":3.0},{"damage":4.0,"enemies":"3 Sentries","floor":11.0,"turns":5.0},{"damage":0.0,"enemies":"Blue Slaver","floor":12.0,"turns":2.0},{"damage":16.0,"enemies":"Slime Boss","floor":16.0,"turns":5.0},{"damage":0.0,"enemies":"Spheric Guardian","floor":18.0,"turns":2.0},{"damage":14.0,"enemies":"2 Thieves","floor":19.0,"turns":4.0},{"damage":22.0,"enemies":"Chosen and Byrds","floor":22.0,"turns":6.0},{"damage":0.0,"enemies":"Sentry and Sphere","floor":28.0,"turns":2.0},{"damage":30.0,"enemies":"Book of Stabbing","floor":29.0,"turns":5.0},{"damage":48,"enemies":"Collector","floor":33,"turns":10}],"seed_played":"8220550946100000164","potions_obtained":[{"floor":3.0,"key":"EssenceOfSteel"},{"floor":4.0,"key":"Strength Potion"},{"floor":16.0,"key":"CultistPotion"},{"floor":28.0,"key":"Dexterity Potion"},{"floor":29.0,"key":"BlessingOfTheForge"}],"is_trial":false,"path_per_floor":["M","?","M","M","M","R","E","?","T","R","E","M","?","?","R","B",null,"M","M","?","?","M","R","?","?","T","R","M","E","$","?","R","B"],"character_chosen":"WATCHER","items_purchased":["Mango","HandDrill"],"campfire_rested":4,"item_purchase_floors":[30,30],"current_hp_per_floor":[57,37,32,31,17,17,17,6,6,26,22,22,27,27,27,11,58,58,44,23,23,1,24,24,12,12,35,35,5,19,19,46,0,0],"gold":59,"neow_bonus":"BOSS_RELIC","is_daily":false,"chose_seed":false,"campfire_upgraded":2,"win_rate":0.0,"timestamp":1608574290,"path_taken":["M","?","M","M","M","R","E","?","T","R","E","M","?","?","R","BOSS","M","M","?","?","?","R","?","?","T","R","?","E","$","?","R","BOSS"],"items_purchased_type":["Relic","Relic"],"build_version":"2020-12-13","purchased_purges":0,"victory":false,"max_hp_per_floor":[68,68,68,68,68,68,68,68,68,68,68,68,73,73,73,73,73,73,73,78,78,78,78,78,78,78,78,78,78,92,92,92,92,92],"card_choices":[{"not_picked":["Crescendo","Consecrate"],"picked":"Conclude","floor":1.0},{"not_picked":["JustLucky","CutThroughFate"],"picked":"FearNoEvil","floor":3.0},{"not_picked":["Consecrate","SashWhip","ClearTheMind"],"picked":"SKIP","floor":4.0},{"not_picked":["Sanctity","FollowUp"],"picked":"Wallop","floor":5.0},{"not_picked":["MasterReality","FollowUp"],"picked":"EmptyBody","floor":7.0},{"not_picked":["ThirdEye","PathToVictory"],"picked":"Evaluate","floor":11.0},{"not_picked":["PathToVictory","Fasting2"],"picked":"ClearTheMind","floor":12.0},{"not_picked":["Omniscience","SpiritShield"],"picked":"Judgement","floor":16.0},{"not_picked":["Nirvana","FlyingSleeves","SashWhip"],"picked":"SKIP","floor":18.0},{"not_picked":["Prostrate","BowlingBash","JustLucky"],"picked":"SKIP","floor":19.0},{"not_picked":["Weave","WheelKick","WreathOfFlame"],"picked":"SKIP","floor":22.0},{"not_picked":["Consecrate","Evaluate"],"picked":"Crescendo","floor":28.0},{"not_picked":["SignatureMove","FlyingSleeves","Judgement"],"picked":"SKIP","floor":29.0}],"player_experience":828401,"relics_obtained":[{"floor":7.0,"key":"CeramicFish"},{"floor":9.0,"key":"Vajra"},{"floor":11.0,"key":"Centennial Puzzle"},{"floor":26.0,"key":"Potion Belt"},{"floor":29.0,"key":"Oddly Smooth Stone"}],"event_choices":[{"damage_healed":0.0,"max_hp_gain":0.0,"max_hp_loss":0.0,"gold_gain":0.0,"event_name":"Shining Light","player_choice":"Entered Light","floor":2.0,"gold_loss":0.0,"damage_taken":20.0,"cards_upgraded":["Defend_P","Strike_P"]},{"damage_healed":0.0,"max_hp_gain":0.0,"max_hp_loss":0.0,"gold_gain":75.0,"event_name":"World of Goop","player_choice":"Gather Gold","floor":8.0,"gold_loss":0.0,"damage_taken":11.0},{"damage_healed":0.0,"max_hp_gain":5.0,"max_hp_loss":0.0,"gold_gain":0.0,"event_name":"Big Fish","player_choice":"Donut","floor":13.0,"gold_loss":0.0,"damage_taken":0.0},{"cards_removed":["Defend_P"],"damage_healed":0.0,"max_hp_gain":0.0,"max_hp_loss":0.0,"gold_gain":0.0,"event_name":"The Cleric","player_choice":"Card Removal","floor":14.0,"gold_loss":75.0,"damage_taken":0.0},{"damage_healed":0.0,"max_hp_gain":5.0,"max_hp_loss":0.0,"gold_gain":0.0,"event_name":"Forgotten Altar","player_choice":"Shed Blood","floor":20.0,"gold_loss":0.0,"damage_taken":26.0},{"damage_healed":0.0,"max_hp_gain":0.0,"max_hp_loss":0.0,"gold_gain":0.0,"event_name":"FaceTrader","player_choice":"Trade","floor":21.0,"gold_loss":0.0,"damage_taken":0.0,"relics_obtained":["CultistMask"]},{"damage_healed":0.0,"max_hp_gain":0.0,"max_hp_loss":0.0,"gold_gain":0.0,"event_name":"The Library","player_choice":"Read","floor":24.0,"gold_loss":0.0,"damage_taken":0.0,"cards_obtained":["DeusExMachina"]},{"damage_healed":0.0,"max_hp_gain":0.0,"max_hp_loss":0.0,"gold_gain":0.0,"event_name":"Knowing Skull","player_choice":"POTION ","floor":25.0,"potions_obtained":["SpeedPotion"],"gold_loss":0.0,"damage_taken":12.0,"cards_obtained":[]},{"damage_healed":0.0,"max_hp_gain":0.0,"max_hp_loss":0.0,"gold_gain":0.0,"event_name":"Vampires","player_choice":"Ignored","floor":31.0,"gold_loss":0.0,"damage_taken":0.0}],"is_beta":false,"boss_relics":[{"not_picked":["Philosopher\u0027s Stone","Snecko Eye"],"picked":"Astrolabe"}],"items_purged_floors":[],"is_endless":false,"potions_floor_spawned":[3,4,16,28,29],"killed_by":"Collector","ascension_level":19}}