{"host":"chv1qanoipyt46jc","time":1608592426,"event":{"mods":["2.2 Compatiblity","AchievementEnabler","BaseMod","BetterRewards","CapriCore","Card Filter","Conspire","Gold Saver","Grow up Mod","Minty Spire (QoL Compilation)","Rare Cards Sparkle","Relic Filter","Remove Card Discount Mod","Reorder Act Four","StSLib","The Druid"],"gold_per_floor":[742,754,774,774,789,789,815,830,830,848,848,848,865,884,884,979,979,998,1013,1013,1011,1026,1051,1051,1051,1077,1177,1192,1192,1225,1245,1245,1340,1340,1353,1367,1381,1400,1414,1449,1449,1449,1449,1449,1464,1497,1516,1532,1532,1532,1532,1453,1453,1479,1479],"floor_reached":56,"playtime":2363,"items_purged":["theDruid:Strike_O","theDruid:Strike_O","theDruid:Strike_O","theDruid:Strike_O","theDruid:Defend_O","theDruid:Defend_O","theDruid:Defend_O","theDruid:Defend_O","theDruid:BloodiedFur+1"],"score":1632,"play_id":"e4ac3466-5130-40d2-96e1-530b5cc64579","local_time":"20201221171346","is_ascension_mode":false,"campfire_choices":[{"data":"theDruid:BriarArmor","floor":6,"key":"SMITH"},{"data":"theDruid:FeralPlants","floor":15,"key":"SMITH"},{"data":"theDruid:BristlingDefense","floor":25,"key":"SMITH"},{"data":"theDruid:BrambleLash","floor":29,"key":"SMITH"},{"floor":32,"key":"RECALL"},{"data":"theDruid:BristlingDefense","floor":42,"key":"SMITH"},{"data":"1","floor":49,"key":"LIFT"},{"data":"theDruid:BristlingDefense","floor":53,"key":"SMITH"}],"circlet_count":0,"master_deck":["theDruid:BriarArmor+1","theDruid:BristlingDefense+1","theDruid:FeralPlants+1","theDruid:Recoil+1","theDruid:TakeShelter+1","theDruid:BrambleLash+1","theDruid:BristlingDefense+1","theDruid:Recoil+1","theDruid:TakeShelter+1","theDruid:BristlingDefense+1","theDruid:BristlingDefense+1"],"relics":["theDruid:CrownOfTheWilds","Toxic Egg 2","Turnip","Medical Kit","White Beast Statue","SlaversCollar","Tiny Chest","theDruid:PetrifiedLog","CaptainsWheel","Mummified Hand","Girya","Black Star","Blood Vial","Orichalcum","conspire:DecoderRing","conspire:DeflatedDodgeball","Strawberry","Art of War","Gremlin Horn","Boot"],"acts_visited":["Exordium","TheCity","TheBeyond","TheEnding"],"potions_floor_usage":[55,55,55,55,55,55],"damage_taken":[{"damage":0,"enemies":"conspire:RoseBush","floor":1,"turns":4},{"damage":0,"enemies":"Cultist","floor":2,"turns":4},{"damage":0,"enemies":"2 Louse","floor":3,"turns":2},{"damage":3,"enemies":"conspire:2 RoseBushes","floor":5,"turns":4},{"damage":21,"enemies":"3 Sentries","floor":7,"turns":6},{"damage":9,"enemies":"Exordium Thugs","floor":8,"turns":5},{"damage":3,"enemies":"3 Louse","floor":10,"turns":3},{"damage":0,"enemies":"Large Slime","floor":13,"turns":5},{"damage":0,"enemies":"Exordium Thugs","floor":14,"turns":5},{"damage":33,"enemies":"Slime Boss","floor":16,"turns":9},{"damage":24,"enemies":"2 Thieves","floor":18,"turns":5},{"damage":14,"enemies":"Shell Parasite","floor":19,"turns":4},{"damage":29,"enemies":"Cultist and Chosen","floor":22,"turns":3},{"damage":45,"enemies":"Slavers","floor":23,"turns":4},{"damage":38,"enemies":"Colosseum Slavers","floor":27,"turns":3},{"damage":31,"enemies":"Colosseum Nobs","floor":27,"turns":3},{"damage":6,"enemies":"Snecko","floor":28,"turns":3},{"damage":9,"enemies":"Book of Stabbing","floor":30,"turns":4},{"damage":17,"enemies":"Snake Plant","floor":31,"turns":1},{"damage":6,"enemies":"Collector","floor":33,"turns":6},{"damage":21,"enemies":"3 Shapes","floor":35,"turns":3},{"damage":7,"enemies":"Orb Walker","floor":36,"turns":3},{"damage":23,"enemies":"Sphere and 2 Shapes","floor":37,"turns":5},{"damage":51,"enemies":"Maw","floor":38,"turns":6},{"damage":18,"enemies":"4 Shapes","floor":39,"turns":8},{"damage":39,"enemies":"Reptomancer","floor":40,"turns":5},{"damage":40,"enemies":"Jaw Worm Horde","floor":45,"turns":4},{"damage":12,"enemies":"Giant Head","floor":46,"turns":6},{"damage":4,"enemies":"Maw","floor":47,"turns":6},{"damage":19,"enemies":"Transient","floor":48,"turns":5},{"damage":23,"enemies":"Donu and Deca","floor":50,"turns":6},{"damage":52,"enemies":"Shield and Spear","floor":54,"turns":6},{"damage":59,"enemies":"The Heart","floor":55,"turns":6}],"seed_played":"7631085671745291989","potions_obtained":[{"floor":1,"key":"Dexterity Potion"},{"floor":2,"key":"SneckoOil"},{"floor":8,"key":"DuplicationPotion"},{"floor":10,"key":"LiquidBronze"},{"floor":23,"key":"EntropicBrew"}],"is_trial":false,"path_per_floor":["M","M","M","?","M","R","E","M","T","M","?","?","M","M","R","B",null,"M","M","?","$","M","E","?","R","T","?","M","R","E","M","R","B",null,"M","M","M","M","M","E","?","R","T","T","M","E","M","M","R","B",null,"$","R","E","B",null],"character_chosen":"DRUID","items_purchased":["theDruid:BristlingDefense","Toxic Egg 2","theDruid:FeralPlants","theDruid:Recoil+1","Turnip","Medical Kit","theDruid:BloodiedFur+1","theDruid:BristlingDefense"],"campfire_rested":0,"item_purchase_floors":[0,0,0,0,0,0,0,52],"current_hp_per_floor":[49,59,69,79,86,96,85,86,96,103,118,128,138,148,158,135,260,246,242,252,262,243,208,218,228,238,179,183,193,202,195,205,217,430,419,422,409,368,360,331,341,351,361,371,343,350,358,351,361,350,607,617,627,585,538],"gold":1479,"neow_bonus":"","is_daily":false,"chose_seed":false,"campfire_upgraded":6,"win_rate":0.0,"timestamp":1608592426,"path_taken":["M","M","M","?","?","R","E","M","T","M","?","?","M","M","R","BOSS","M","M","?","$","M","E","?","R","T","?","M","R","E","M","R","BOSS","M","M","M","M","M","E","?","R","T","?","M","E","?","M","R","BOSS","$","R","E","BOSS"],"items_purchased_type":["Card","Relic","Card","Card","Relic","Relic","Card","Card"],"build_version":"2020-12-13","purchased_purges":9,"victory":true,"max_hp_per_floor":[95,105,115,125,135,145,155,165,175,185,200,210,220,230,240,250,260,270,280,290,300,310,320,330,340,350,360,370,380,390,400,410,420,430,440,450,460,470,480,490,500,510,520,530,540,557,567,577,587,597,607,617,627,637,647],"card_choices":[{"not_picked":["theDruid:BlessedStrike","theDruid:Pathfinder+1"],"picked":"theDruid:TakeShelter+1","floor":1},{"not_picked":["theDruid:ThickHide+1","theDruid:FaerieFire+1","theDruid:WildArmor+1"],"picked":"SKIP","floor":2},{"not_picked":["theDruid:TakeShelter+1","theDruid:PlagueClaw"],"picked":"theDruid:BrambleLash","floor":3},{"not_picked":["theDruid:Swipe","theDruid:Resupply+1","theDruid:ExposingSlash"],"picked":"SKIP","floor":5},{"not_picked":["theDruid:HailofThorns","theDruid:BrambleLash"],"picked":"theDruid:BloodiedFur+1","floor":7},{"not_picked":["theDruid:FaerieFire+1","theDruid:Gore"],"picked":"theDruid:BristlingDefense","floor":8},{"not_picked":["theDruid:Starfall","theDruid:FelineGrace+1","theDruid:IronClaw"],"picked":"SKIP","floor":10},{"not_picked":["theDruid:PlagueClaw","theDruid:Untamed+1","theDruid:BrambleLash"],"picked":"SKIP","floor":13},{"not_picked":["theDruid:AstralShield+1","theDruid:ThickHide+1","theDruid:InsectSwarm"],"picked":"SKIP","floor":14},{"not_picked":["theDruid:Starfall","theDruid:FelineGrace+1"],"picked":"theDruid:Recoil+1","floor":18},{"not_picked":["theDruid:ViralBites","theDruid:Slingshot+1","theDruid:FaerieFire+1"],"picked":"SKIP","floor":19},{"not_picked":["theDruid:Slingshot+1","theDruid:Infestation+1","theDruid:HailofThorns"],"picked":"SKIP","floor":22},{"not_picked":["theDruid:Recoil+1","theDruid:InsectSwarm","theDruid:MysticBarrier+1"],"picked":"SKIP","floor":23},{"not_picked":["theDruid:TwilightsCall+1","theDruid:Guidance+1","theDruid:WallofRoots+1"],"picked":"SKIP","floor":28},{"not_picked":["theDruid:Untamed+1","theDruid:Impale","theDruid:FelineGrace+1"],"picked":"SKIP","floor":30},{"not_picked":["theDruid:Starburst","theDruid:TwilightsCall+1","theDruid:BloodiedFur+1"],"picked":"SKIP","floor":31},{"not_picked":["theDruid:IronClaw+1","theDruid:PlagueClaw"],"picked":"theDruid:TakeShelter+1","floor":35},{"not_picked":["theDruid:Recoil+1","theDruid:Slingshot","theDruid:PlagueClaw"],"picked":"SKIP","floor":36},{"not_picked":["theDruid:TwilightsCall+1","theDruid:PlagueClaw","theDruid:ThornStrike"],"picked":"SKIP","floor":37},{"not_picked":["theDruid:ExposingSlash+1","theDruid:TakeShelter+1","theDruid:Gore"],"picked":"SKIP","floor":38},{"not_picked":["theDruid:TakeShelter+1","theDruid:Pathfinder+1"],"picked":"theDruid:BristlingDefense+1","floor":39},{"not_picked":["theDruid:Recoil+1","theDruid:PlagueClaw","theDruid:Rabid"],"picked":"SKIP","floor":40},{"not_picked":["theDruid:Impale","theDruid:Rummage+1","theDruid:PlagueClaw"],"picked":"SKIP","floor":45},{"not_picked":["theDruid:Slingshot+1","theDruid:PlagueClaw+1","theDruid:AstralShield+1"],"picked":"SKIP","floor":46},{"not_picked":["theDruid:Slingshot","theDruid:TwilightsCall+1","theDruid:WildFrenzy"],"picked":"SKIP","floor":47},{"not_picked":["theDruid:Starfall","theDruid:ThornStrike+1","theDruid:PlagueClaw"],"picked":"SKIP","floor":48},{"not_picked":["theDruid:FelineGrace+1","theDruid:BackupSupplies+1","theDruid:BlessedStrike+1"],"picked":"SKIP","floor":54}],"player_experience":310445,"relics_obtained":[{"floor":7,"key":"White Beast Statue"},{"floor":23,"key":"Tiny Chest"},{"floor":26,"key":"theDruid:PetrifiedLog"},{"floor":27,"key":"CaptainsWheel"},{"floor":27,"key":"Mummified Hand"},{"floor":30,"key":"Girya"},{"floor":40,"key":"Blood Vial"},{"floor":40,"key":"Orichalcum"},{"floor":43,"key":"conspire:DecoderRing"},{"floor":44,"key":"conspire:DeflatedDodgeball"},{"floor":46,"key":"Strawberry"},{"floor":46,"key":"Art of War"},{"floor":54,"key":"Gremlin Horn"},{"floor":54,"key":"Boot"}],"event_choices":[{"cards_removed":["theDruid:WildSlash"],"damage_healed":0,"gold_gain":0,"player_choice":"Offered Basic","damage_taken":0,"max_hp_gain":0,"max_hp_loss":0,"event_name":"Bonfire Elementals","floor":4,"gold_loss":0},{"damage_healed":0,"gold_gain":0,"player_choice":"Donut","damage_taken":0,"max_hp_gain":5,"max_hp_loss":0,"event_name":"Big Fish","floor":11,"gold_loss":0},{"damage_healed":0,"gold_gain":0,"player_choice":"0 cards matched","damage_taken":0,"max_hp_gain":0,"max_hp_loss":0,"event_name":"Match and Keep!","floor":12,"gold_loss":0,"cards_obtained":[]},{"cards_removed":["theDruid:BloodiedFur"],"damage_healed":0,"gold_gain":0,"player_choice":"Elegance","damage_taken":0,"max_hp_gain":0,"max_hp_loss":0,"event_name":"Back to Basics","floor":20,"gold_loss":0},{"damage_healed":0,"gold_gain":0,"player_choice":"Fight","damage_taken":0,"max_hp_gain":0,"max_hp_loss":0,"event_name":"Colosseum","floor":27,"gold_loss":0},{"damage_healed":0,"gold_gain":0,"player_choice":"Fought Nobs","damage_taken":0,"max_hp_gain":0,"max_hp_loss":0,"event_name":"Colosseum","floor":27,"gold_loss":0},{"damage_healed":0,"gold_gain":0,"player_choice":"Ignored","damage_taken":0,"max_hp_gain":0,"max_hp_loss":0,"event_name":"NoteForYourself","floor":41,"gold_loss":0}],"is_beta":false,"boss_relics":[{"not_picked":["conspire:SeveredTorchhead","conspire:RoyalGoblet"],"picked":"SlaversCollar"},{"not_picked":["Calling Bell","Sozu"],"picked":"Black Star"}],"items_purged_floors":[0,0,0,0,0,0,0,0,21],"is_endless":false,"potions_floor_spawned":[1,2,8,10,13,14,16,18,19,22,23,27,27,28,30,31,33,35,36,37,38,39,40,45,46,47,48,54],"ascension_level":0}}