{"host":"zuc5xqvlhed5q6ad","time":1608563252,"event":{"mods":["BaseMod","Block Reminder","Colored Powertips","Halation","Highlight Path","Mimic Mod","Minty Spire (QoL Compilation)","Permanent Neow","Practice Mode","Quick Restart","Spikes Relics","StSLib","UnlockEverythingMod"],"gold_per_floor":[117,133,133,153,172,200,200,218,218,218,228,68,33,43,43,138,138,155,155,155,254,273,273,292,292,292,305,334,334,340,340],"floor_reached":30,"playtime":1331,"items_purged":[],"score":252,"play_id":"12bdf413-58b8-4470-8b09-9a154157a7a8","local_time":"20201221180732","is_ascension_mode":false,"campfire_choices":[{"data":"Static Discharge","floor":7.0,"key":"SMITH"},{"data":"Static Discharge","floor":10.0,"key":"SMITH"},{"data":"Static Discharge","floor":15.0,"key":"SMITH"},{"data":"Defragment","floor":23.0,"key":"SMITH"},{"data":"Zap","floor":25.0,"key":"SMITH"},{"floor":29,"key":"REST"}],"circlet_count":0,"master_deck":["Strike_B","Strike_B","Strike_B","Strike_B","Defend_B","Defend_B","Defend_B","Defend_B","Zap+1","Dualcast","All For One","Static Discharge+1","Conserve Battery","Static Discharge+1","Conserve Battery","Hologram","Static Discharge+1","Electrodynamics","Core Surge","Defragment+1","Beam Cell+1","Self Repair","Redo+1"],"relics":["Cracked Core","halation:SelfBoilingWater","LugNut","TungstenRod","halation:IllGainedPizza"],"acts_visited":["Exordium","TheCity"],"potions_floor_usage":[28,28],"damage_taken":[{"damage":0.0,"enemies":"Cultist","floor":1.0,"turns":3.0},{"damage":9.0,"enemies":"2 Louse","floor":2.0,"turns":3.0},{"damage":0.0,"enemies":"Small Slimes","floor":4.0,"turns":3.0},{"damage":0.0,"enemies":"3 Louse","floor":5.0,"turns":4.0},{"damage":9.0,"enemies":"Lagavulin","floor":6.0,"turns":6.0},{"damage":3.0,"enemies":"Looter","floor":8.0,"turns":3.0},{"damage":11.0,"enemies":"Exordium Wildlife","floor":11.0,"turns":4.0},{"damage":6.0,"enemies":"Exordium Thugs","floor":14.0,"turns":3.0},{"damage":4.0,"enemies":"Slime Boss","floor":16.0,"turns":5.0},{"damage":4.0,"enemies":"3 Byrds","floor":18.0,"turns":1.0},{"damage":10.0,"enemies":"Chosen","floor":22.0,"turns":2.0},{"damage":19.0,"enemies":"Centurion and Healer","floor":24.0,"turns":4.0},{"damage":18.0,"enemies":"Snake Plant","floor":27.0,"turns":3.0},{"damage":22,"enemies":"Gremlin Leader","floor":28,"turns":4},{"damage":27,"enemies":"3 Cultists","floor":30,"turns":3}],"seed_played":"764414443611429515","potions_obtained":[{"floor":1.0,"key":"Block Potion"},{"floor":4.0,"key":"GamblersBrew"},{"floor":8.0,"key":"SteroidPotion"},{"floor":18.0,"key":"SteroidPotion"},{"floor":22.0,"key":"DuplicationPotion"}],"is_trial":false,"path_per_floor":["M","M","?","M","M","E","R","M","T","R","M","$","?","M","R","B",null,"M","?","?","?","M","R","M","R","T","M","E","R","M"],"character_chosen":"DEFECT","items_purchased":["Static Discharge","DuplicationPotion","BlessingOfTheForge"],"campfire_rested":1,"item_purchase_floors":[12,12,12],"current_hp_per_floor":[75,66,66,66,66,57,57,54,54,54,43,43,61,55,55,51,75,71,71,71,71,61,61,42,42,42,24,2,24,0,0],"gold":340,"neow_bonus":"ONE_RANDOM_RARE_CARD","is_daily":false,"chose_seed":false,"campfire_upgraded":5,"win_rate":0.0,"timestamp":1608563252,"path_taken":["M","?","?","?","M","E","R","M","T","R","M","$","?","M","R","BOSS","M","?","?","?","M","R","M","R","T","M","E","R","M"],"items_purchased_type":["Card","Potion","Potion"],"build_version":"2020-12-13","purchased_purges":0,"victory":false,"max_hp_per_floor":[75,75,75,75,75,75,75,75,75,75,75,75,75,75,75,75,75,75,75,75,75,75,75,75,75,75,75,75,75,75,75],"card_choices":[{"not_picked":["Go for the Eyes","Genetic Algorithm"],"picked":"Static Discharge","floor":1.0},{"not_picked":["Compile Driver","Sweeping Beam"],"picked":"Conserve Battery","floor":2.0},{"not_picked":["Melter","Rip and Tear"],"picked":"Static Discharge","floor":4.0},{"not_picked":["Beam Cell","Recycle","Sweeping Beam"],"picked":"SKIP","floor":5.0},{"not_picked":["Biased Cognition","Creative AI"],"picked":"Conserve Battery","floor":6.0},{"not_picked":["Steam","Barrage","Compile Driver"],"picked":"SKIP","floor":8.0},{"not_picked":["Cold Snap","Rip and Tear"],"picked":"Hologram","floor":11.0},{"not_picked":["Barrage","Lockon"],"picked":"Electrodynamics","floor":14.0},{"not_picked":["Fission","Reboot"],"picked":"Core Surge","floor":16.0},{"not_picked":["Force Field","Beam Cell+1"],"picked":"Defragment","floor":18.0},{"not_picked":["Steam","Reprogram"],"picked":"Beam Cell+1","floor":22.0},{"not_picked":["Melter","Turbo","Leap"],"picked":"SKIP","floor":24.0},{"not_picked":["Capacitor","Melter"],"picked":"Self Repair","floor":27.0},{"not_picked":["Chaos","Cold Snap"],"picked":"Redo+1","floor":28}],"player_experience":135124,"relics_obtained":[{"floor":6.0,"key":"halation:SelfBoilingWater"},{"floor":9.0,"key":"LugNut"},{"floor":26.0,"key":"TungstenRod"},{"floor":28,"key":"halation:IllGainedPizza"}],"event_choices":[{"damage_healed":0.0,"max_hp_gain":0.0,"max_hp_loss":0.0,"gold_gain":0.0,"event_name":"NoteForYourself","player_choice":"Ignored","floor":3.0,"gold_loss":0.0,"damage_taken":0.0},{"damage_healed":18.0,"max_hp_gain":0.0,"max_hp_loss":0.0,"gold_gain":0.0,"event_name":"The Cleric","player_choice":"Healed","floor":13.0,"gold_loss":35.0,"damage_taken":0.0},{"damage_healed":0.0,"max_hp_gain":0.0,"max_hp_loss":0.0,"gold_gain":0.0,"event_name":"Vampires","player_choice":"Ignored","floor":19.0,"gold_loss":0.0,"damage_taken":0.0},{"damage_healed":0.0,"max_hp_gain":0.0,"max_hp_loss":0.0,"gold_gain":0.0,"event_name":"Beggar","player_choice":"Ignored","floor":20.0,"gold_loss":0.0,"damage_taken":0.0},{"damage_healed":0.0,"max_hp_gain":0.0,"max_hp_loss":0.0,"gold_gain":99.0,"event_name":"Nest","player_choice":"Stole From Cult","floor":21.0,"gold_loss":0.0,"damage_taken":0.0}],"is_beta":false,"boss_relics":[{"not_picked":["halation:PinkAlligatorPlush","Nuclear Battery","halation:Risk"]}],"items_purged_floors":[],"is_endless":false,"potions_floor_spawned":[1,4,8,14,18,22,27],"killed_by":"3 Cultists","ascension_level":0}}