{"host":"9q5mrbx0edvw6ayb","time":1608531545,"event":{"mods":["BaseMod","Googly Eyes","Minty Spire (QoL Compilation)","StSLib","Waifu the Spire"],"gold_per_floor":[219,35,35,47,65,91,91,91,144,158,158,175,187,197,197,299,299,317,317,317,333,59,59,59,75,75,75,106,106,118,134,134,253,253,270,270,280,331,381,410,410,444,444,460,460,155,155,25,25,25],"floor_reached":51,"playtime":6487,"items_purged":["Doubt"],"score":725,"play_id":"38c5d102-c7ae-42b8-a139-0fe6d0875447","local_time":"20201221011905","is_ascension_mode":false,"campfire_choices":[{"floor":8,"key":"REST"},{"data":"Rainbow","floor":15,"key":"SMITH"},{"floor":27,"key":"REST"},{"data":"Buffer","floor":29,"key":"SMITH"},{"data":"Storm","floor":32,"key":"SMITH"},{"data":"Loop","floor":47,"key":"SMITH"},{"data":"Echo Form","floor":49,"key":"SMITH"}],"circlet_count":0,"master_deck":["Strike_B+1","Strike_B+1","Strike_B+1","Strike_B+1","Defend_B+1","Defend_B+1","Defend_B+1","Zap","Dualcast","Rainbow+1","Conserve Battery","Zap","Skim","Leap","Hologram","Rebound","Buffer+1","Electrodynamics","Glacier+1","Cold Snap+1","Rainbow+1","Ball Lightning","Loop+1","Melter+1","Storm+1","Self Repair","Echo Form+1","Auto Shields+1","Enlightenment","Forethought","Static Discharge+1","BootSequence","Capacitor+1","Lockon"],"relics":["Cracked Core","Mummified Hand","Nunchaku","Anchor","Runic Pyramid","HornCleat","DollysMirror","Pear","Question Card","Blood Vial","Cursed Key","TungstenRod","Torii","Ice Cream","Ginger","Frozen Egg 2","OrangePellets"],"acts_visited":["Exordium","TheCity","TheBeyond"],"potions_floor_usage":[6,16,21,28,33,38,38,39,42,50,50,50],"damage_taken":[{"damage":5,"enemies":"Cultist","floor":1,"turns":4},{"damage":3,"enemies":"Small Slimes","floor":4,"turns":3},{"damage":4,"enemies":"Jaw Worm","floor":5,"turns":3},{"damage":7,"enemies":"3 Sentries","floor":6,"turns":7},{"damage":0,"enemies":"Red Slaver","floor":10,"turns":4},{"damage":2,"enemies":"Blue Slaver","floor":12,"turns":5},{"damage":6,"enemies":"3 Louse","floor":13,"turns":5},{"damage":4,"enemies":"Exordium Thugs","floor":14,"turns":5},{"damage":9,"enemies":"Slime Boss","floor":16,"turns":14},{"damage":8,"enemies":"Chosen","floor":18,"turns":5},{"damage":10,"enemies":"3 Byrds","floor":21,"turns":4},{"damage":18,"enemies":"Sentry and Sphere","floor":25,"turns":7},{"damage":12,"enemies":"Gremlin Leader","floor":28,"turns":7},{"damage":0,"enemies":"Cultist and Chosen","floor":30,"turns":6},{"damage":0,"enemies":"Snake Plant","floor":31,"turns":3},{"damage":51,"enemies":"Champ","floor":33,"turns":13},{"damage":4,"enemies":"3 Darklings","floor":35,"turns":2},{"damage":0,"enemies":"3 Shapes","floor":37,"turns":2},{"damage":12,"enemies":"2 Orb Walkers","floor":38,"turns":6},{"damage":0,"enemies":"Mind Bloom Boss Battle","floor":39,"turns":7},{"damage":0,"enemies":"Nemesis","floor":40,"turns":9},{"damage":30,"enemies":"Reptomancer","floor":42,"turns":5},{"damage":0,"enemies":"Maw","floor":44,"turns":7},{"damage":42,"enemies":"Time Eater","floor":50,"turns":10}],"seed_played":"-4672259897152347798","potions_obtained":[{"floor":4,"key":"FocusPotion"},{"floor":10,"key":"SpeedPotion"},{"floor":12,"key":"GamblersBrew"},{"floor":14,"key":"SteroidPotion"},{"floor":16,"key":"SpeedPotion"},{"floor":28,"key":"ColorlessPotion"},{"floor":33,"key":"SkillPotion"},{"floor":38,"key":"EssenceOfSteel"},{"floor":40,"key":"Weak Potion"},{"floor":42,"key":"SteroidPotion"},{"floor":44,"key":"SteroidPotion"}],"is_trial":false,"path_per_floor":["M","$","?","M","M","E","T","R","T","M","?","M","M","M","R","B",null,"M","T","?","M","$","?","?","M","T","R","E","R","M","M","R","B",null,"M","?","M","?","?","E","?","E","T","M","?","$","R","$","R","B",null],"character_chosen":"DEFECT","items_purchased":["Rainbow","Conserve Battery","DollysMirror","Ball Lightning","Loop","OrangePellets","Capacitor+1","Lockon","SteroidPotion"],"campfire_rested":2,"item_purchase_floors":[2,2,22,22,22,46,46,48,48],"current_hp_per_floor":[70,70,70,67,63,56,56,75,75,75,75,73,67,63,63,54,75,67,67,67,57,57,67,67,49,49,74,62,62,64,66,66,17,85,81,76,78,68,77,85,85,62,62,78,78,78,78,78,78,45],"gold":25,"neow_bonus":"HUNDRED_GOLD","is_daily":false,"chose_seed":false,"campfire_upgraded":5,"win_rate":0.0,"timestamp":1608531545,"path_taken":["M","?","?","?","M","E","?","R","T","M","?","M","M","?","R","BOSS","M","?","?","M","$","?","?","M","T","R","E","R","?","?","R","BOSS","M","?","M","?","?","E","?","E","T","M","?","?","R","$","R","BOSS"],"items_purchased_type":["Card","Card","Relic","Card","Card","Relic","Card","Card","Potion"],"build_version":"2020-12-13","purchased_purges":1,"victory":true,"max_hp_per_floor":[75,75,75,75,75,75,75,75,75,75,75,75,75,75,75,75,75,75,75,75,75,75,85,85,85,85,85,85,85,85,85,85,85,85,85,85,85,85,85,85,85,85,85,85,81,81,81,81,81,81],"card_choices":[{"not_picked":["Stack","Blizzard","Barrage"],"picked":"SKIP","floor":1},{"not_picked":["Barrage","Redo","FTL"],"picked":"SKIP","floor":4},{"not_picked":["Stack","Beam Cell","Compile Driver"],"picked":"SKIP","floor":5},{"not_picked":["Heatsinks","Streamline"],"picked":"Skim","floor":6},{"not_picked":["Streamline","Barrage"],"picked":"Leap","floor":10},{"not_picked":["Steam Power","Ball Lightning"],"picked":"Hologram","floor":12},{"not_picked":["Skim","Gash"],"picked":"Rebound","floor":13},{"not_picked":["Cold Snap","Sweeping Beam"],"picked":"Buffer","floor":14},{"not_picked":["Thunder Strike","Fission"],"picked":"Electrodynamics","floor":16},{"not_picked":["Go for the Eyes+1","Barrage+1"],"picked":"Glacier+1","floor":18},{"not_picked":["Hello World","Undo+1"],"picked":"Cold Snap+1","floor":21},{"not_picked":["Chaos","Aggregate+1","Skim"],"picked":"SKIP","floor":25},{"not_picked":["Go for the Eyes","Beam Cell","Undo"],"picked":"Melter+1","floor":28},{"not_picked":["Double Energy","Steam","Stack"],"picked":"Storm","floor":30},{"not_picked":["FTL","Gash","Hello World"],"picked":"Self Repair","floor":31},{"not_picked":["Machine Learning","Buffer","Electrodynamics"],"picked":"Echo Form","floor":33},{"not_picked":["Redo","Hologram","Beam Cell+1"],"picked":"Auto Shields+1","floor":35},{"not_picked":["Good Instincts","The Bomb","Panacea"],"picked":"Enlightenment","floor":36},{"not_picked":["Enlightenment","Purity","Flash of Steel"],"picked":"Forethought","floor":36},{"not_picked":["Hologram","Force Field+1","Sweeping Beam"],"picked":"Static Discharge+1","floor":37},{"not_picked":["Gash","Reprogram+1","Stack+1","Coolheaded"],"picked":"SKIP","floor":40},{"not_picked":["Scrape+1","Compile Driver+1","Electrodynamics"],"picked":"BootSequence","floor":42},{"not_picked":["Chaos+1","Sweeping Beam+1","Glacier+1","Force Field"],"picked":"SKIP","floor":44}],"player_experience":24013,"relics_obtained":[{"floor":6,"key":"Mummified Hand"},{"floor":7,"key":"Nunchaku"},{"floor":9,"key":"Anchor"},{"floor":19,"key":"HornCleat"},{"floor":26,"key":"Question Card"},{"floor":28,"key":"Blood Vial"},{"floor":38,"key":"TungstenRod"},{"floor":39,"key":"Torii"},{"floor":40,"key":"Ice Cream"},{"floor":42,"key":"Ginger"},{"floor":43,"key":"Frozen Egg 2"}],"event_choices":[{"damage_healed":0,"gold_gain":0,"player_choice":"1 cards matched","damage_taken":0,"max_hp_gain":0,"max_hp_loss":0,"event_name":"Match and Keep!","floor":3,"gold_loss":0,"cards_obtained":["Zap"]},{"cards_removed":["Defend_B"],"damage_healed":0,"gold_gain":0,"player_choice":"Offered Basic","damage_taken":0,"max_hp_gain":0,"max_hp_loss":0,"event_name":"Bonfire Elementals","floor":11,"gold_loss":0},{"damage_healed":0,"gold_gain":0,"player_choice":"Simplicity","damage_taken":0,"max_hp_gain":0,"max_hp_loss":0,"event_name":"Back to Basics","floor":20,"gold_loss":0,"cards_upgraded":["Strike_B","Strike_B","Strike_B","Strike_B","Defend_B","Defend_B","Defend_B"]},{"damage_healed":0,"gold_gain":0,"player_choice":"Opened","damage_taken":0,"relics_obtained":["Pear"],"max_hp_gain":0,"max_hp_loss":0,"event_name":"The Mausoleum","floor":23,"gold_loss":0,"cards_obtained":["Writhe"]},{"cards_removed":["Writhe"],"damage_healed":0,"gold_gain":0,"player_choice":"Purged","damage_taken":0,"max_hp_gain":0,"max_hp_loss":0,"event_name":"Purifier","floor":24,"gold_loss":0},{"damage_healed":0,"gold_gain":0,"player_choice":"Memory 2","damage_taken":5,"max_hp_gain":0,"max_hp_loss":0,"event_name":"SensoryStone","floor":36,"gold_loss":0},{"damage_healed":0,"gold_gain":0,"player_choice":"Fight","damage_taken":0,"max_hp_gain":0,"max_hp_loss":0,"event_name":"Mysterious Sphere","floor":38,"gold_loss":0},{"damage_healed":0,"gold_gain":0,"player_choice":"Fight","damage_taken":0,"max_hp_gain":0,"max_hp_loss":0,"event_name":"MindBloom","floor":39,"gold_loss":0},{"damage_healed":0,"gold_gain":0,"player_choice":"Ignored","damage_taken":0,"max_hp_gain":0,"max_hp_loss":0,"event_name":"Tomb of Lord Red Mask","floor":41,"gold_loss":0},{"damage_healed":0,"gold_gain":0,"player_choice":"Max HP","damage_taken":0,"max_hp_gain":0,"max_hp_loss":4,"event_name":"Winding Halls","floor":45,"gold_loss":0}],"is_beta":false,"boss_relics":[{"not_picked":["Tiny House","Empty Cage"],"picked":"Runic Pyramid"},{"not_picked":["SlaversCollar","Snecko Eye"],"picked":"Cursed Key"}],"items_purged_floors":[46],"is_endless":false,"potions_floor_spawned":[4,10,12,14,16,28,33,38,40,42,44],"ascension_level":0}}