{"host":"fdq5pmhluajjrf8d","time":1608588076,"event":{"mods":["BaseMod","Minty Spire (QoL Compilation)"],"gold_per_floor":[117,131,143,143,143,143,170,170,196,196,211,211,79,94,94,193,193,214,228,243,243,243,243],"floor_reached":22,"playtime":1575,"items_purged":["Injury"],"score":363,"play_id":"d7aa95f9-1b21-4475-90cc-05347ccfced4","local_time":"20201221170116","is_ascension_mode":true,"campfire_choices":[{"data":"Coolheaded","floor":6,"key":"SMITH"},{"floor":12,"key":"REST"},{"data":"Steam Power","floor":15,"key":"SMITH"}],"circlet_count":0,"master_deck":["AscendersBane","Strike_B","Strike_B","Strike_B","Strike_B","Defend_B","Defend_B","Defend_B","Defend_B","Zap+1","Dualcast","Gash","Coolheaded+1","Steam Power+1","Creative AI","BootSequence+1","Gash","Gash","Amplify+1","Hologram+1","Sweeping Beam","Reinforced Body+1"],"relics":["Cracked Core","Tiny Chest","Golden Idol","Bag of Preparation","Toxic Egg 2","Inserter","Strawberry"],"acts_visited":["Exordium","TheCity"],"potions_floor_usage":[7,11,18,22,22],"damage_taken":[{"damage":4,"enemies":"2 Louse","floor":1,"turns":3},{"damage":9,"enemies":"Small Slimes","floor":2,"turns":3},{"damage":5,"enemies":"Jaw Worm","floor":3,"turns":4},{"damage":18,"enemies":"Lagavulin","floor":7,"turns":7},{"damage":5,"enemies":"Looter","floor":11,"turns":3},{"damage":5,"enemies":"Exordium Wildlife","floor":14,"turns":3},{"damage":44,"enemies":"The Guardian","floor":16,"turns":9},{"damage":10,"enemies":"2 Thieves","floor":18,"turns":3},{"damage":22,"enemies":"Chosen","floor":19,"turns":5},{"damage":23,"enemies":"Centurion and Healer","floor":20,"turns":6},{"damage":15,"enemies":"Cultist and Chosen","floor":22,"turns":5}],"seed_played":"5491811276176541498","potions_obtained":[{"floor":1,"key":"SkillPotion"},{"floor":3,"key":"CultistPotion"},{"floor":16,"key":"SteroidPotion"},{"floor":18,"key":"FocusPotion"},{"floor":19,"key":"Energy Potion"}],"is_trial":false,"path_per_floor":["M","M","M","?","?","R","E","?","T","T","M","R","$","M","R","B",null,"M","M","M","T","M"],"character_chosen":"DEFECT","items_purchased":["Gash"],"campfire_rested":1,"item_purchase_floors":[13],"current_hp_per_floor":[67,58,53,53,53,53,35,35,35,35,30,53,53,48,48,4,60,50,28,5,12,0,0],"gold":243,"neow_bonus":"TEN_PERCENT_HP_BONUS","is_daily":false,"chose_seed":false,"campfire_upgraded":2,"win_rate":0.0,"timestamp":1608588076,"path_taken":["M","M","M","?","?","R","E","?","T","?","M","R","$","?","R","BOSS","M","M","M","?","M"],"items_purchased_type":["Card"],"build_version":"2020-12-13","purchased_purges":1,"victory":false,"max_hp_per_floor":[78,78,78,78,78,78,78,78,78,78,78,78,78,78,78,78,78,78,78,78,85,85,85],"card_choices":[{"not_picked":["Lockon","Genetic Algorithm"],"picked":"Gash","floor":1},{"not_picked":["Conserve Battery","BootSequence"],"picked":"Coolheaded","floor":2},{"not_picked":["Compile Driver","Sweeping Beam"],"picked":"Steam Power","floor":3},{"not_picked":["Conserve Battery","Sweeping Beam"],"picked":"Creative AI","floor":7},{"not_picked":["Tempest+1","Scrape"],"picked":"BootSequence+1","floor":11},{"not_picked":["Steam Power+1","Ball Lightning"],"picked":"Gash","floor":14},{"not_picked":["Rainbow+1","Hyperbeam"],"picked":"Amplify+1","floor":16},{"not_picked":["Double Energy+1","Cold Snap"],"picked":"Hologram+1","floor":18},{"not_picked":["Ball Lightning","Sunder"],"picked":"Sweeping Beam","floor":19},{"not_picked":["Hologram+1","Double Energy+1"],"picked":"Reinforced Body+1","floor":20}],"player_experience":1889998,"relics_obtained":[{"floor":7,"key":"Tiny Chest"},{"floor":9,"key":"Bag of Preparation"},{"floor":10,"key":"Toxic Egg 2"},{"floor":21,"key":"Strawberry"}],"event_choices":[{"damage_healed":0,"gold_gain":0,"player_choice":"Ignored","damage_taken":0,"max_hp_gain":0,"max_hp_loss":0,"event_name":"Golden Wing","floor":4,"gold_loss":0},{"damage_healed":0,"gold_gain":0,"player_choice":"Grow","damage_taken":0,"max_hp_gain":0,"max_hp_loss":0,"event_name":"Living Wall","floor":5,"gold_loss":0,"cards_upgraded":["Zap"]},{"damage_healed":0,"gold_gain":0,"player_choice":"Take Wound","damage_taken":0,"relics_obtained":["Golden Idol"],"max_hp_gain":0,"max_hp_loss":0,"event_name":"Golden Idol","floor":8,"gold_loss":0,"cards_obtained":["Injury"]}],"is_beta":false,"boss_relics":[{"not_picked":["Fusion Hammer","Runic Pyramid"],"picked":"Inserter"}],"items_purged_floors":[13],"is_endless":false,"potions_floor_spawned":[1,3,16,18,19],"killed_by":"Cultist and Chosen","ascension_level":19}}