{"host":"Mythic","time":1608549566,"event":{"mods":["BaseMod","Hermit","Jorbs Mod","Marisa????????","Minty Spire (QoL Compilation)","Relic Stats","StSLib","The Cursed","The Servant 0.9.4"],"gold_per_floor":[118,118,138,148,167,167,196,212,212,232,246,246,260,260,260,361,361,349,349,362,134,134,134,150,150,150,162,174,174,187,220,220,220,220],"floor_reached":33,"playtime":1596,"items_purged":["TheCursedMod:Strike_TheCursed"],"score":273,"play_id":"f3653940-6532-406e-b109-4e5934da75fb","local_time":"20201221061926","is_ascension_mode":false,"campfire_choices":[{"data":"TheCursedMod:CursedWand","floor":6.0,"key":"SMITH"},{"data":"TheCursedMod:LuckyCharm","floor":12.0,"key":"SMITH"},{"floor":15.0,"key":"REST"},{"data":"TheCursedMod:SpitefulPlan","floor":23.0,"key":"SMITH"},{"data":"TheCursedMod:DarkBarrier","floor":25.0,"key":"SMITH"},{"data":"TheCursedMod:AntiAging","floor":29.0,"key":"SMITH"},{"data":"TheCursedMod:CircleOfAbyss","floor":32,"key":"SMITH"}],"circlet_count":0,"master_deck":["TheCursedMod:Strike_TheCursed","TheCursedMod:Strike_TheCursed","TheCursedMod:Strike_TheCursed","TheCursedMod:Defend_TheCursed","TheCursedMod:Defend_TheCursed","TheCursedMod:Defend_TheCursed","TheCursedMod:Defend_TheCursed","TheCursedMod:CursedWand+1","TheCursedMod:CleanUpWorkshop","TheCursedMod:Dregs","TheCursedMod:Stretching","TheCursedMod:CursedBlade","TheCursedMod:Mangle","TheCursedMod:Stigma","TheCursedMod:VoidForm","TheCursedMod:SmokeScreen","TheCursedMod:LuckyCharm+1","TheCursedMod:DarkBarrier+1","TheCursedMod:RapidMovement","TheCursedMod:SpitefulPlan+1","TheCursedMod:AntiAging+1","TheCursedMod:SoulReap","TheCursedMod:SurpriseAttack","TheCursedMod:CircleOfAbyss+1"],"relics":["TheCursedMod:BlackMagic101","NeowsBlessing","Centennial Puzzle","Boot","TheCursedMod:Tack","Coffee Dripper","Lantern"],"acts_visited":["Exordium","TheCity"],"potions_floor_usage":[31,33],"damage_taken":[{"damage":0.0,"enemies":"Jaw Worm","floor":1.0,"turns":1.0},{"damage":0.0,"enemies":"Cultist","floor":3.0,"turns":1.0},{"damage":0.0,"enemies":"2 Louse","floor":4.0,"turns":1.0},{"damage":2.0,"enemies":"Looter","floor":5.0,"turns":4.0},{"damage":27.0,"enemies":"Lagavulin","floor":7.0,"turns":7.0},{"damage":3.0,"enemies":"2 Fungi Beasts","floor":8.0,"turns":3.0},{"damage":5.0,"enemies":"3 Louse","floor":10.0,"turns":1.0},{"damage":10.0,"enemies":"Large Slime","floor":11.0,"turns":7.0},{"damage":6.0,"enemies":"2 Fungi Beasts","floor":13.0,"turns":2.0},{"damage":9.0,"enemies":"The Guardian","floor":16.0,"turns":11.0},{"damage":15.0,"enemies":"2 Thieves","floor":18.0,"turns":4.0},{"damage":5.0,"enemies":"Shell Parasite","floor":20.0,"turns":5.0},{"damage":24.0,"enemies":"Snake Plant","floor":24.0,"turns":5.0},{"damage":6.0,"enemies":"Shelled Parasite and Fungi","floor":27.0,"turns":6.0},{"damage":1.0,"enemies":"Snecko","floor":28.0,"turns":6.0},{"damage":15.0,"enemies":"3 Cultists","floor":30.0,"turns":7.0},{"damage":19,"enemies":"Book of Stabbing","floor":31,"turns":6},{"damage":27,"enemies":"Automaton","floor":33,"turns":8}],"seed_played":"-2876974742173689907","potions_obtained":[{"floor":3.0,"key":"Swift Potion"},{"floor":5.0,"key":"Fire Potion"},{"floor":7.0,"key":"SneckoOil"}],"is_trial":false,"path_per_floor":["M","?","M","M","M","R","E","M","T","M","M","R","M","?","R","B",null,"M","?","M","$","?","R","M","R","T","M","M","R","M","E","R","B"],"character_chosen":"THE_CURSED","items_purchased":["TheCursedMod:SpitefulPlan","TheCursedMod:AntiAging"],"campfire_rested":1,"item_purchase_floors":[21,21],"current_hp_per_floor":[75,75,75,75,73,73,46,43,43,38,28,28,22,22,44,35,75,60,75,70,70,70,70,46,46,46,42,43,43,41,27,27,0,0],"gold":220,"neow_bonus":"THREE_ENEMY_KILL","is_daily":false,"chose_seed":false,"campfire_upgraded":6,"win_rate":0.0,"timestamp":1608549566,"path_taken":["M","?","M","M","?","R","E","M","T","M","M","R","M","?","R","BOSS","M","?","M","$","?","R","M","R","T","M","M","R","M","E","R","BOSS"],"items_purchased_type":["Card","Card"],"build_version":"2020-12-18","purchased_purges":1,"victory":false,"max_hp_per_floor":[75,75,75,75,75,75,75,75,75,75,75,75,75,75,75,75,75,75,75,75,75,75,75,75,75,75,77,79,79,79,79,79,79,79],"relic_stats":{"Centennial Puzzle":[46],"counters":[18,85],"Boot":[11],"obtain_stats":[{"TheCursedMod:BlackMagic101":0,"Centennial Puzzle":2,"Lantern":26,"NeowsBlessing":0,"TheCursedMod:Tack":9,"Coffee Dripper":17,"Boot":7},{"TheCursedMod:BlackMagic101":0,"Centennial Puzzle":1,"Lantern":13,"NeowsBlessing":0,"TheCursedMod:Tack":6,"Coffee Dripper":10,"Boot":5},{"TheCursedMod:BlackMagic101":0,"Centennial Puzzle":1,"Lantern":52,"NeowsBlessing":0,"TheCursedMod:Tack":17,"Coffee Dripper":38,"Boot":14}]},"card_choices":[{"not_picked":["TheCursedMod:TacticalStrike","TheCursedMod:SmokeScreen"],"picked":"TheCursedMod:Stretching","floor":1.0},{"not_picked":["TheCursedMod:Obscuration","TheCursedMod:Wield"],"picked":"TheCursedMod:CursedBlade","floor":3.0},{"not_picked":["TheCursedMod:SmokeScreen","TheCursedMod:CircleOfAmplification"],"picked":"TheCursedMod:Mangle","floor":4.0},{"not_picked":["TheCursedMod:CursedSpellbook","TheCursedMod:RavingStaff"],"picked":"TheCursedMod:Stigma","floor":5.0},{"not_picked":["TheCursedMod:Stigma","TheCursedMod:AshesToAshes"],"picked":"TheCursedMod:VoidForm","floor":7.0},{"not_picked":["TheCursedMod:EmpowerCircles","TheCursedMod:Wield"],"picked":"TheCursedMod:SmokeScreen","floor":8.0},{"not_picked":["TheCursedMod:Stigma","TheCursedMod:RavingStaff","TheCursedMod:CircleOfFlame"],"picked":"SKIP","floor":10.0},{"not_picked":["TheCursedMod:CursedShiv","TheCursedMod:SpitefulStrike"],"picked":"TheCursedMod:LuckyCharm","floor":11.0},{"not_picked":["TheCursedMod:Mangle","TheCursedMod:Torture","TheCursedMod:VoidForm"],"picked":"SKIP","floor":13.0},{"not_picked":["TheCursedMod:ShockAndAwe","TheCursedMod:VoidForm"],"picked":"TheCursedMod:DarkBarrier","floor":16.0},{"not_picked":["TheCursedMod:HellsGateOpen+1","TheCursedMod:CursedShiv"],"picked":"TheCursedMod:RapidMovement","floor":18.0},{"not_picked":["TheCursedMod:CursedBlade","TheCursedMod:TacticalStrike","TheCursedMod:Obscuration+1"],"picked":"SKIP","floor":20.0},{"not_picked":["TheCursedMod:CursedStaff","TheCursedMod:WearCloak+1","TheCursedMod:CircleOfFlame"],"picked":"SKIP","floor":24.0},{"not_picked":["TheCursedMod:Mangle+1","TheCursedMod:CursedAmulet","TheCursedMod:Stretching"],"picked":"SKIP","floor":27.0},{"not_picked":["TheCursedMod:Stretching+1","TheCursedMod:ManaBullet"],"picked":"TheCursedMod:SoulReap","floor":28.0},{"not_picked":["TheCursedMod:WearCloak","TheCursedMod:CursedAmulet+1"],"picked":"TheCursedMod:SurpriseAttack","floor":30.0},{"not_picked":["TheCursedMod:ReleasedKnowledge+1","TheCursedMod:CursedBlade"],"picked":"TheCursedMod:CircleOfAbyss","floor":31}],"player_experience":826964,"relics_obtained":[{"floor":2.0,"key":"Centennial Puzzle"},{"floor":7.0,"key":"Boot"},{"floor":9.0,"key":"TheCursedMod:Tack"},{"floor":26.0,"key":"Lantern"}],"event_choices":[{"damage_healed":0.0,"max_hp_gain":0.0,"max_hp_loss":0.0,"gold_gain":0.0,"event_name":"Wheel of Change","player_choice":"Relic","floor":2.0,"gold_loss":0.0,"damage_taken":0.0},{"damage_healed":0.0,"max_hp_gain":0.0,"max_hp_loss":0.0,"gold_gain":0.0,"event_name":"Golden Wing","player_choice":"Ignored","floor":14.0,"gold_loss":0.0,"damage_taken":0.0},{"damage_healed":25.0,"max_hp_gain":0.0,"max_hp_loss":0.0,"gold_gain":0.0,"event_name":"The Library","player_choice":"Heal","floor":19.0,"gold_loss":0.0,"damage_taken":0.0},{"damage_healed":0.0,"max_hp_gain":0.0,"max_hp_loss":0.0,"gold_gain":0.0,"event_name":"Cursed Tome","player_choice":"Ignored","floor":22.0,"gold_loss":0.0,"damage_taken":0.0}],"is_beta":true,"boss_relics":[{"not_picked":["Black Star","TheCursedMod:BlackMagicAdvanced"],"picked":"Coffee Dripper"}],"items_purged_floors":[21],"is_endless":false,"potions_floor_spawned":[3,5,7,10,13,16,24,28,30],"killed_by":"Automaton","ascension_level":0}}