{"host":"0b6qkelyb1zitflw","time":1608576520,"event":{"mods":["BaseMod","CapriCore","Custom Start","Highlight Path","KOR Keyword Fix","Minty Spire (QoL Compilation)","StSLib","The Immortal"],"gold_per_floor":[430,442,454,314,314,314,334,360,411,425,425,451,451,467,467,562,562,577,596,596,596,695,695,621,637,637,653,665,665,696,707,707,803,803,816,437,437,447,397,397,421,436,436,436,467,467,478,478,478,478],"floor_reached":51,"playtime":1074,"items_purged":["MokouMod:FlareStarter","MokouMod:HeatSpark+1"],"score":998,"play_id":"032e75e0-0091-4d5c-9bf8-92bd27b9c4f7","local_time":"20201222034840","is_ascension_mode":false,"campfire_choices":[{"data":"1","floor":6,"key":"LIFT"},{"data":"2","floor":11,"key":"LIFT"},{"data":"3","floor":13,"key":"LIFT"},{"data":"MokouMod:RetainTemperature","floor":15,"key":"PURGE"},{"data":"MokouMod:PhoenixForm","floor":23,"key":"SMITH"},{"data":"MokouMod:ResonatingAura","floor":29,"key":"SMITH"},{"data":"MokouMod:FlareStarter","floor":32,"key":"PURGE"},{"data":"MokouMod:FlareStarter+1","floor":40,"key":"PURGE"},{"data":"MokouMod:FlareStarter+1","floor":46,"key":"PURGE"},{"data":"MokouMod:Geothermal+1","floor":49,"key":"PURGE"}],"circlet_count":0,"master_deck":["MokouMod:Afterburner+1","MokouMod:HouraiForge+1","MokouMod:ResonatingAura+1","MokouMod:PhoenixForm+1","MokouMod:Geothermal+1","MokouMod:Geothermal+1","MokouMod:Geothermal+1"],"relics":["MokouMod:PhoenixFeather","Torii","Ginger","Turnip","Singing Bowl","Old Coin","Vajra","Bag of Marbles","Lizard Tail","Mango","Lee\u0027s Waffle","Pear","Bottled Tornado","Oddly Smooth Stone","Molten Egg 2","SlaversCollar","PreservedInsect","Meat on the Bone","Ancient Tea Set","Shuriken","Potion Belt","ClockworkSouvenir","Regal Pillow","Philosopher\u0027s Stone","Happy Flower","Peace Pipe","Girya","Lantern","Boot","War Paint","Whetstone","StoneCalendar","Busted Crown","Bird Faced Urn","Strawberry","Dream Catcher","Membership Card","FossilizedHelix","Paper Frog","Paper Crane","Incense Burner","HandDrill","Blood Vial","Pen Nib","TungstenRod","Bronze Scales","Champion Belt","Toy Ornithopter","Toxic Egg 2","Frozen Eye","Brimstone","Eternal Feather","Juzu Bracelet","Frozen Egg 2","Ice Cream","MawBank","MealTicket","Kunai","Anchor","Cauldron","Orichalcum","Tiny Chest","Ornamental Fan","Nunchaku","Akabeko","Philosopher\u0027s Stone","White Beast Statue","Bag of Preparation","Blue Candle","Red Mask","Mercury Hourglass","Du-Vu Doll","Chemical X","CeramicFish","Mummified Hand","Mark of the Bloom","Omamori"],"acts_visited":["Exordium","TheCity","TheBeyond"],"potions_floor_usage":[],"damage_taken":[{"damage":0,"enemies":"Small Slimes","floor":1,"turns":1},{"damage":0,"enemies":"Cultist","floor":7,"turns":1},{"damage":0,"enemies":"Lagavulin","floor":8,"turns":2},{"damage":0,"enemies":"Jaw Worm","floor":10,"turns":1},{"damage":0,"enemies":"Looter","floor":14,"turns":1},{"damage":2,"enemies":"The Guardian","floor":16,"turns":2},{"damage":0,"enemies":"2 Thieves","floor":18,"turns":1},{"damage":0,"enemies":"Chosen","floor":19,"turns":2},{"damage":0,"enemies":"Centurion and Healer","floor":25,"turns":1},{"damage":0,"enemies":"3 Cultists","floor":27,"turns":2},{"damage":0,"enemies":"Shelled Parasite and Fungi","floor":28,"turns":1},{"damage":0,"enemies":"Masked Bandits","floor":30,"turns":1},{"damage":0,"enemies":"Chosen and Byrds","floor":31,"turns":1},{"damage":0,"enemies":"Champ","floor":33,"turns":1},{"damage":0,"enemies":"3 Darklings","floor":35,"turns":1},{"damage":0,"enemies":"Orb Walker","floor":38,"turns":1},{"damage":0,"enemies":"4 Shapes","floor":42,"turns":1},{"damage":0,"enemies":"Giant Head","floor":45,"turns":1},{"damage":0,"enemies":"Transient","floor":47,"turns":1},{"damage":0,"enemies":"Time Eater","floor":50,"turns":2}],"seed_played":"-2227863279583042425","potions_obtained":[{"floor":0,"key":"CultistPotion"},{"floor":0,"key":"ColorlessPotion"},{"floor":0,"key":"SneckoOil"},{"floor":0,"key":"Fire Potion"},{"floor":0,"key":"Regen Potion"},{"floor":7,"key":"EssenceOfSteel"},{"floor":14,"key":"Dexterity Potion"},{"floor":16,"key":"Strength Potion"},{"floor":25,"key":"FairyPotion"},{"floor":28,"key":"BlessingOfTheForge"}],"is_trial":true,"path_per_floor":["M","?","?","$","?","R","M","E","T","M","R","T","R","M","R","B",null,"M","M","?","T","?","R","$","M","T","M","M","R","?","M","R","B",null,"M","$","?","M","$","R","T","M","T","?","E","R","M","?","R","B",null],"character_chosen":"MKU","items_purchased":["Orichalcum","Tiny Chest","Bag of Preparation","Mercury Hourglass","Du-Vu Doll","Chemical X"],"campfire_rested":0,"item_purchase_floors":[4,4,24,36,36,36],"current_hp_per_floor":[115,93,93,108,108,114,117,119,119,121,121,121,121,123,123,123,125,127,129,129,129,129,129,129,131,131,133,135,135,137,139,139,141,141,143,143,136,138,138,138,138,140,140,140,140,140,140,140,140,140],"gold":478,"neow_bonus":"","is_daily":false,"chose_seed":false,"campfire_upgraded":2,"win_rate":0.0,"timestamp":1608576520,"path_taken":["M","?","?","$","?","R","M","E","T","M","R","?","R","M","R","BOSS","M","M","?","?","?","R","$","M","T","M","M","R","?","M","R","BOSS","M","$","?","M","$","R","?","M","T","?","E","R","M","?","R","BOSS"],"items_purchased_type":["Relic","Relic","Relic","Relic","Relic","Relic"],"build_version":"2020-12-13","purchased_purges":2,"victory":true,"max_hp_per_floor":[115,115,115,115,115,115,117,119,119,121,121,121,121,123,123,125,125,127,129,129,129,129,129,129,131,131,133,135,135,137,139,139,141,141,143,143,136,138,138,138,138,140,140,140,142,142,144,144,144,144],"card_choices":[{"not_picked":["MokouMod:FujiyamaVolcano+1"],"picked":"Singing Bowl","floor":1},{"not_picked":["MokouMod:ScorchingColumn+1"],"picked":"Singing Bowl","floor":7},{"not_picked":["MokouMod:Ember+1"],"picked":"Singing Bowl","floor":8},{"not_picked":["MokouMod:FlickeringFlame+1"],"picked":"Singing Bowl","floor":10},{"not_picked":["MokouMod:EternalBurstReactor+1"],"picked":"Singing Bowl","floor":14},{"not_picked":["MokouMod:SacredFire+1"],"picked":"Singing Bowl","floor":16},{"not_picked":["MokouMod:Burn+1"],"picked":"Singing Bowl","floor":18},{"not_picked":["MokouMod:Ember+1"],"picked":"Singing Bowl","floor":19},{"not_picked":["MokouMod:IcarusDive+1"],"picked":"Singing Bowl","floor":25},{"not_picked":["MokouMod:HeatTransfer+1"],"picked":"Singing Bowl","floor":27},{"not_picked":["MokouMod:InfernalWave+1"],"picked":"Singing Bowl","floor":28},{"not_picked":["MokouMod:AdaptivePyromancy+1"],"picked":"Singing Bowl","floor":30},{"not_picked":["MokouMod:Overheat+1"],"picked":"Singing Bowl","floor":31},{"not_picked":["MokouMod:ExplosiveFlame+1"],"picked":"Singing Bowl","floor":33},{"not_picked":["MokouMod:Singe+1"],"picked":"Singing Bowl","floor":35},{"not_picked":["MokouMod:FlamingFireTalons+1"],"picked":"Singing Bowl","floor":38},{"not_picked":["MokouMod:TemporalFireSeal+1"],"picked":"Singing Bowl","floor":42},{"not_picked":["MokouMod:BurningDraft+1"],"picked":"Singing Bowl","floor":45},{"not_picked":["MokouMod:Ember+1"],"picked":"Singing Bowl","floor":47}],"player_experience":310964,"relics_obtained":[{"floor":8,"key":"Ornamental Fan"},{"floor":9,"key":"Nunchaku"},{"floor":12,"key":"Akabeko"},{"floor":21,"key":"White Beast Statue"},{"floor":26,"key":"Blue Candle"},{"floor":30,"key":"Red Mask"},{"floor":41,"key":"CeramicFish"},{"floor":43,"key":"Mummified Hand"},{"floor":45,"key":"Omamori"}],"event_choices":[{"damage_healed":0,"gold_gain":0,"player_choice":"Entered Light","damage_taken":23,"max_hp_gain":0,"max_hp_loss":0,"event_name":"Shining Light","floor":2,"gold_loss":0,"cards_upgraded":["MokouMod:Geothermal","MokouMod:HouraiForge"]},{"damage_healed":0,"gold_gain":0,"player_choice":"Bought 0 Potions","damage_taken":0,"max_hp_gain":0,"max_hp_loss":0,"event_name":"The Woman in Blue","floor":3,"gold_loss":0},{"damage_healed":0,"gold_gain":0,"player_choice":"Ignored","damage_taken":0,"max_hp_gain":0,"max_hp_loss":0,"event_name":"NoteForYourself","floor":5,"gold_loss":0},{"damage_healed":0,"gold_gain":0,"player_choice":"Ignored","damage_taken":0,"max_hp_gain":0,"max_hp_loss":0,"event_name":"Vampires","floor":20,"gold_loss":0},{"damage_healed":0,"gold_gain":99,"player_choice":"Stole From Cult","damage_taken":0,"max_hp_gain":0,"max_hp_loss":0,"event_name":"Nest","floor":22,"gold_loss":0},{"damage_healed":0,"gold_gain":0,"player_choice":"Fought Bandits","damage_taken":0,"max_hp_gain":0,"max_hp_loss":0,"event_name":"Masked Bandits","floor":30,"gold_loss":0},{"damage_healed":0,"gold_gain":0,"player_choice":"Max HP","damage_taken":0,"max_hp_gain":0,"max_hp_loss":7,"event_name":"Winding Halls","floor":37,"gold_loss":0},{"damage_healed":0,"gold_gain":0,"player_choice":"Upgrade","damage_taken":0,"relics_obtained":["Mark of the Bloom"],"max_hp_gain":0,"max_hp_loss":0,"event_name":"MindBloom","floor":44,"gold_loss":0,"cards_upgraded":["MokouMod:Afterburner","MokouMod:Geothermal","MokouMod:Geothermal"]},{"damage_healed":0,"gold_gain":0,"player_choice":"Ignored","damage_taken":0,"max_hp_gain":0,"max_hp_loss":0,"event_name":"Transmorgrifier","floor":48,"gold_loss":0}],"is_beta":false,"boss_relics":[{"not_picked":["Sozu","Astrolabe"],"picked":"Philosopher\u0027s Stone"},{"not_picked":["Runic Pyramid","Runic Dome","Tiny House"]}],"items_purged_floors":[36,39],"is_endless":false,"potions_floor_spawned":[7,14,16,19,25,27,28,30,31,33,35,38,42,45,47],"ascension_level":0}}