{"host":"jksa5rawk3m4gilz","time":1608556734,"event":{"mods":["BaseMod","Colored Map","Highlight Path","Minty Spire (QoL Compilation)","Quick Restart"],"gold_per_floor":[118,133,57,73,73,102,102,133,201,217,237,264,229,66,66,142,142,160,175,189,201,221,221,221,221],"floor_reached":24,"playtime":1284,"items_purged":[],"score":404,"play_id":"85797962-fa71-4dd6-b437-d30d41589b7b","local_time":"20201221141854","is_ascension_mode":true,"campfire_choices":[{"floor":7,"key":"REST"},{"data":"Apotheosis","floor":15,"key":"SMITH"},{"floor":23,"key":"REST"}],"circlet_count":0,"master_deck":["AscendersBane","Strike_P","Strike_P","Strike_P","Strike_P","Defend_P","Defend_P","Defend_P","Defend_P","Eruption","Vigilance","Alpha","Sanctity","LikeWater","Brilliance","Collect","Vault","Apotheosis+1","SpiritShield","Evaluate+1"],"relics":["PureWater","Unceasing Top","Bag of Preparation","Mango","White Beast Statue","Bag of Marbles","SacredBark"],"acts_visited":["Exordium","TheCity"],"potions_floor_usage":[11,11,11,18,19,19,20,21,24,24,24],"damage_taken":[{"damage":5,"enemies":"Small Slimes","floor":1,"turns":5},{"damage":0,"enemies":"2 Louse","floor":2,"turns":3},{"damage":3,"enemies":"Cultist","floor":4,"turns":6},{"damage":36,"enemies":"Gremlin Nob","floor":6,"turns":4},{"damage":10,"enemies":"Lagavulin","floor":8,"turns":5},{"damage":1,"enemies":"2 Fungi Beasts","floor":10,"turns":3},{"damage":27,"enemies":"Gremlin Gang","floor":11,"turns":4},{"damage":20,"enemies":"3 Sentries","floor":12,"turns":4},{"damage":6,"enemies":"Hexaghost","floor":16,"turns":7},{"damage":2,"enemies":"2 Thieves","floor":18,"turns":5},{"damage":18,"enemies":"3 Byrds","floor":19,"turns":6},{"damage":15,"enemies":"Cultist and Chosen","floor":20,"turns":5},{"damage":19,"enemies":"Shelled Parasite and Fungi","floor":21,"turns":6},{"damage":2,"enemies":"Chosen and Byrds","floor":22,"turns":5},{"damage":43,"enemies":"Book of Stabbing","floor":24,"turns":4}],"seed_played":"5917283646837341454","potions_obtained":[{"floor":2,"key":"EntropicBrew"},{"floor":6,"key":"Strength Potion"},{"floor":8,"key":"CultistPotion"},{"floor":10,"key":"Regen Potion"},{"floor":11,"key":"SteroidPotion"},{"floor":12,"key":"EntropicBrew"},{"floor":16,"key":"SneckoOil"},{"floor":18,"key":"BottledMiracle"},{"floor":19,"key":"AttackPotion"},{"floor":20,"key":"Swift Potion"},{"floor":21,"key":"SneckoOil"},{"floor":22,"key":"ColorlessPotion"}],"is_trial":false,"path_per_floor":["M","M","$","M","?","E","R","E","T","M","M","E","?","$","R","B",null,"M","M","M","M","M","R","E"],"character_chosen":"WATCHER","items_purchased":["LikeWater","Apotheosis"],"campfire_rested":2,"item_purchase_floors":[3,14],"current_hp_per_floor":[60,60,60,57,50,14,35,39,39,38,25,5,26,26,26,20,70,68,50,35,16,14,39,0,0],"gold":221,"neow_bonus":"ONE_RANDOM_RARE_CARD","is_daily":false,"chose_seed":false,"campfire_upgraded":1,"win_rate":0.0,"timestamp":1608556734,"path_taken":["M","M","$","M","?","E","R","E","T","M","M","E","?","$","R","BOSS","M","M","M","M","M","R","E"],"items_purchased_type":["Card","Card"],"build_version":"2020-12-13","purchased_purges":0,"victory":false,"max_hp_per_floor":[72,72,72,72,72,72,72,86,86,86,86,86,86,86,86,86,86,86,86,86,86,86,86,86,86],"card_choices":[{"not_picked":["CutThroughFate","BowlingBash"],"picked":"Sanctity","floor":1},{"not_picked":["Prostrate","CrushJoints","Halt"],"picked":"SKIP","floor":2},{"not_picked":["CarveReality","Consecrate","FollowUp"],"picked":"SKIP","floor":4},{"not_picked":["JustLucky","Consecrate"],"picked":"Brilliance","floor":6},{"not_picked":["WindmillStrike","FlyingSleeves"],"picked":"Collect","floor":8},{"not_picked":["JustLucky","Consecrate","BowlingBash"],"picked":"SKIP","floor":10},{"not_picked":["ThirdEye","SashWhip","EmptyFist"],"picked":"SKIP","floor":11},{"not_picked":["Evaluate","FollowUp"],"picked":"Vault","floor":12},{"not_picked":["ConjureBlade","Establishment"],"picked":"SpiritShield","floor":16},{"not_picked":["Weave","SashWhip","Wallop"],"picked":"SKIP","floor":18},{"not_picked":["ThirdEye","CrushJoints","CutThroughFate"],"picked":"SKIP","floor":19},{"not_picked":["Fasting2","FollowUp","PathToVictory"],"picked":"SKIP","floor":20},{"not_picked":["Consecrate","Perseverance","ThirdEye"],"picked":"SKIP","floor":21},{"not_picked":["PathToVictory","Omniscience"],"picked":"Evaluate+1","floor":22}],"player_experience":2045194,"relics_obtained":[{"floor":6,"key":"Bag of Preparation"},{"floor":8,"key":"Mango"},{"floor":9,"key":"White Beast Statue"},{"floor":12,"key":"Bag of Marbles"}],"event_choices":[{"damage_healed":0,"gold_gain":0,"player_choice":"Success","damage_taken":7,"relics_obtained":["Unceasing Top"],"max_hp_gain":0,"max_hp_loss":0,"event_name":"Scrap Ooze","floor":5,"gold_loss":0},{"damage_healed":21,"gold_gain":0,"player_choice":"Healed","damage_taken":0,"max_hp_gain":0,"max_hp_loss":0,"event_name":"The Cleric","floor":13,"gold_loss":35}],"is_beta":false,"boss_relics":[{"not_picked":["Ectoplasm","Snecko Eye"],"picked":"SacredBark"}],"items_purged_floors":[],"is_endless":false,"potions_floor_spawned":[2,6,8,10,11,12,16,18,19,20,21,22],"killed_by":"Book of Stabbing","ascension_level":13}}