{"host":"g5ztulhog0otympt","time":1608570620,"event":{"mods":["AchievementEnabler","BaseMod","Downfall","Hermit","Minty Spire (QoL Compilation)","StSLib","The Cursed"],"gold_per_floor":[99,119,154,79,97,97,97,97,114,114,132,143,143,161,171,266,266,266,291,311,311,411,411,411,430,448,373,103,114,54,71,81,184,184,184,169,226,256,270,270,296,316,16,16,16,30,40,54,72,72],"floor_reached":51,"playtime":4286,"items_purged":[],"score":703,"play_id":"a554d970-b495-47b4-8c37-8eb9d97e7e50","local_time":"20201221191020","is_ascension_mode":false,"campfire_choices":[{"floor":1,"key":"RECALL"},{"floor":4,"key":"REST"},{"floor":6,"key":"REST"},{"data":"Guardian:TwinSlam","floor":10,"key":"SMITH"},{"data":"Guardian:PrimingBeam","floor":18,"key":"SMITH"},{"floor":27,"key":"REST"},{"data":"Guardian:WalkerClaw","floor":35,"key":"SMITH"},{"floor":40,"key":"REST"},{"data":"Guardian:BronzeOrb","floor":44,"key":"SMITH"}],"circlet_count":0,"master_deck":["Guardian:Strike_Guardian","Guardian:Strike_Guardian","Guardian:Strike_Guardian","Guardian:Strike_Guardian","Guardian:Defend_Guardian","Guardian:Defend_Guardian","Guardian:Defend_Guardian","Guardian:Defend_Guardian","Guardian:CurlUp","Guardian:TwinSlam+1","Guardian:ConstructionForm","Guardian:PrimingBeam+1","Guardian:Harden","Guardian:FloatingOrbs","Guardian:BronzeOrb+1","Guardian:ExploitGems","Guardian:WalkerClaw+1","Guardian:Suspension+1","Guardian:RollAttack+1","Guardian:Harden+1","Guardian:EvasiveProtocol+1","Guardian:SphericShield+1","Guardian:Recover+1","Guardian:ChargeCore+1","Guardian:Harden+1","Guardian:FloatingOrbs+1","Regret","Guardian:TemporalStrike+1","Parasite","Guardian:Gem_Cyan","Guardian:SpikerProtocol+1"],"relics":["Guardian:ModeShifter","Oddly Smooth Stone","downfall:HeartBlessingRed","Pantograph","SlaversCollar","Turnip","Letter Opener","downfall:HeartBlessingBlue","InkBottle","Cursed Key","Bag of Marbles","Strawberry","PreservedInsect","Dream Catcher","Lee\u0027s Waffle","War Paint"],"acts_visited":["TheCity","TheBeyond"],"potions_floor_usage":[3,14,16,16,25,26,26,31,32,32,33,36,39,50,50,50],"damage_taken":[{"damage":3,"enemies":"Jaw Worm","floor":2,"turns":5},{"damage":48,"enemies":"3 Sentries","floor":3,"turns":13},{"damage":1,"enemies":"2 Louse","floor":5,"turns":3},{"damage":0,"enemies":"Small Slimes","floor":9,"turns":2},{"damage":0,"enemies":"Exordium Wildlife","floor":11,"turns":3},{"damage":7,"enemies":"Blue Slaver","floor":12,"turns":3},{"damage":2,"enemies":"Gremlin Gang","floor":14,"turns":3},{"damage":8,"enemies":"Exordium Thugs","floor":15,"turns":4},{"damage":23,"enemies":"downfall:Silent","floor":16,"turns":10},{"damage":23,"enemies":"Gremlin Leader","floor":19,"turns":9},{"damage":10,"enemies":"Spheric Guardian","floor":20,"turns":4},{"damage":9,"enemies":"Chosen and Byrds","floor":25,"turns":5},{"damage":10,"enemies":"Sentry and Sphere","floor":26,"turns":5},{"damage":0,"enemies":"downfall:FleeingMerchant","floor":28,"turns":4},{"damage":12,"enemies":"Centurion and Healer","floor":29,"turns":7},{"damage":0,"enemies":"downfall:FleeingMerchant","floor":30,"turns":4},{"damage":14,"enemies":"Cultist and Chosen","floor":31,"turns":7},{"damage":8,"enemies":"Snecko","floor":32,"turns":7},{"damage":6,"enemies":"downfall:Defect","floor":33,"turns":9},{"damage":0,"enemies":"downfall:FleeingMerchant","floor":36,"turns":4},{"damage":11,"enemies":"downfall:FleeingMerchant","floor":37,"turns":3},{"damage":58,"enemies":"Giant Head","floor":38,"turns":13},{"damage":0,"enemies":"Orb Walker","floor":39,"turns":4},{"damage":12,"enemies":"3 Darklings","floor":42,"turns":5},{"damage":16,"enemies":"Spire Growth","floor":46,"turns":6},{"damage":10,"enemies":"Writhing Mass","floor":47,"turns":6},{"damage":5,"enemies":"Jaw Worm Horde","floor":48,"turns":4},{"damage":19,"enemies":"Transient","floor":49,"turns":5},{"damage":43,"enemies":"downfall:Ironclad","floor":50,"turns":17}],"seed_played":"-5932293652734314007","potions_obtained":[{"floor":2,"key":"Block Potion"},{"floor":9,"key":"LiquidMemories"},{"floor":14,"key":"Swift Potion"},{"floor":15,"key":"FearPotion"},{"floor":20,"key":"EntropicBrew"},{"floor":29,"key":"Swift Potion"},{"floor":31,"key":"SpeedPotion"},{"floor":32,"key":"LiquidBronze"},{"floor":33,"key":"PowerPotion"},{"floor":38,"key":"Ancient Potion"},{"floor":47,"key":"Fire Potion"},{"floor":48,"key":"SteroidPotion"},{"floor":49,"key":"LiquidMemories"}],"is_trial":false,"path_per_floor":["R","M","E","R","M","R","T","?","M","R","M","M","?","M","M","B",null,"R","E","M","?","?","T","T","M","M","R","$","M","$","M","M","B",null,"R","$","$","E","M","R","T","M","$","R","$","M","M","M","M","B",null],"character_chosen":"GUARDIAN","items_purchased":["InkBottle","Guardian:Gem_Red","Bag of Marbles","Strawberry","Lee\u0027s Waffle","War Paint"],"campfire_rested":4,"item_purchase_floors":[28,30,37,37,43,43],"current_hp_per_floor":[80,77,29,53,52,76,76,76,76,76,76,69,69,67,59,57,80,80,57,47,73,73,73,73,64,54,90,90,78,78,64,56,75,90,90,90,86,28,28,57,57,45,104,104,104,88,78,73,54,36],"gold":72,"neow_bonus":"ONE_RANDOM_RARE_CARD","is_daily":false,"chose_seed":false,"campfire_upgraded":4,"win_rate":0.0,"timestamp":1608570620,"path_taken":["R","M","E","R","M","R","T","?","M","R","M","M","?","M","M","BOSS","R","E","M","?","?","?","T","?","M","R","$","M","?","M","M","BOSS","R","?","$","E","M","R","T","M","$","R","?","M","?","M","M","BOSS"],"items_purchased_type":["Relic","Card","Relic","Relic","Relic","Relic"],"build_version":"2020-12-13","purchased_purges":0,"victory":true,"max_hp_per_floor":[80,80,80,80,80,80,80,80,80,80,80,80,80,80,80,80,80,80,80,80,80,80,80,80,80,80,90,90,90,90,90,90,90,90,90,90,97,97,97,97,97,97,104,104,104,104,104,104,104,104],"card_choices":[{"not_picked":["Guardian:ShieldSpikes","Guardian:ChargeCore"],"picked":"Guardian:Gem_Green","floor":2},{"not_picked":["Guardian:PrismaticBarrier","Guardian:TemporalShield"],"picked":"Guardian:PrimingBeam","floor":3},{"not_picked":["Guardian:Clone","Guardian:TimeBomb"],"picked":"Guardian:Gem_Crimson","floor":5},{"not_picked":["Guardian:WalkerClaw","Guardian:TemporalShield"],"picked":"Guardian:Harden","floor":9},{"not_picked":["Guardian:MultiBeam","Guardian:RollAttack"],"picked":"Guardian:FloatingOrbs","floor":11},{"not_picked":["Guardian:AncientConstruct","Guardian:CrystalBeam"],"picked":"Guardian:BronzeOrb","floor":12},{"not_picked":["Guardian:ChargeCore","Guardian:CrystalBeam"],"picked":"Guardian:Gem_Green","floor":14},{"not_picked":["Guardian:Reroute","Guardian:RollAttack","Guardian:TimeCapacitor"],"picked":"SKIP","floor":15},{"not_picked":["Guardian:FastForward","Guardian:StasisField"],"picked":"Guardian:ExploitGems","floor":16},{"not_picked":["Guardian:TimeCapacitor+1","Guardian:ChargeCore"],"picked":"Guardian:WalkerClaw","floor":19},{"not_picked":["Guardian:RefractedBeam","Guardian:FloatingOrbs+1"],"picked":"Guardian:Suspension","floor":20},{"not_picked":["Guardian:CrystalBeam","Guardian:SpikerProtocol"],"picked":"Guardian:Gem_Blue","floor":25},{"not_picked":["Guardian:ShieldCharger","Guardian:Incinerate"],"picked":"Guardian:RollAttack+1","floor":26},{"not_picked":["Guardian:TemporalStrike","Guardian:RollAttack+1"],"picked":"Guardian:Harden+1","floor":28},{"not_picked":["Guardian:Planning","Guardian:RollAttack","Guardian:DonusPower"],"picked":"SKIP","floor":29},{"not_picked":["Guardian:BronzeOrb+1","Guardian:Recover"],"picked":"Guardian:EvasiveProtocol+1","floor":30},{"not_picked":["Guardian:CrystalBeam","Guardian:Gem_Synthetic"],"picked":"Guardian:Gem_Crimson","floor":31},{"not_picked":["Guardian:Suspension","Guardian:Gem_Lightblue","Guardian:VentSteam"],"picked":"SKIP","floor":32},{"not_picked":["Guardian:HyperBeam_Guardian","Guardian:AncientConstruct"],"picked":"Guardian:SphericShield","floor":33},{"not_picked":["Guardian:Emergency","Guardian:VentSteam+1"],"picked":"Guardian:Recover+1","floor":36},{"not_picked":["Guardian:Suspension+1","Guardian:Reroute"],"picked":"Guardian:ChargeCore+1","floor":37},{"not_picked":["Guardian:ShieldCharger","Guardian:GuardianWhirl"],"picked":"Guardian:Harden+1","floor":38},{"not_picked":["Guardian:CrystalBeam+1","Guardian:AncientConstruct"],"picked":"Guardian:FloatingOrbs+1","floor":39},{"not_picked":["Guardian:WalkerClaw","Guardian:PrimingBeam"],"picked":"Guardian:Gem_Green","floor":42},{"not_picked":["Guardian:Planning+1","Guardian:RollAttack+1"],"picked":"Guardian:TemporalStrike+1","floor":46},{"not_picked":["Guardian:Suspension","Guardian:MultiBeam"],"picked":"Guardian:Gem_Cyan","floor":47},{"not_picked":["Guardian:ShieldCharger","Guardian:Harden"],"picked":"Guardian:SpikerProtocol+1","floor":48},{"not_picked":["Guardian:Gem_Green","Guardian:ShieldSpikes","Guardian:CrystalBeam"],"picked":"SKIP","floor":49}],"player_experience":61473,"relics_obtained":[{"floor":3,"key":"Oddly Smooth Stone"},{"floor":7,"key":"Pantograph"},{"floor":19,"key":"Turnip"},{"floor":23,"key":"Letter Opener"},{"floor":38,"key":"PreservedInsect"},{"floor":41,"key":"Dream Catcher"}],"event_choices":[{"damage_healed":26,"gold_gain":0,"player_choice":"Heal","damage_taken":0,"max_hp_gain":0,"max_hp_loss":0,"event_name":"The Library","floor":21,"gold_loss":0}],"is_beta":false,"boss_relics":[{"not_picked":["Runic Pyramid","Ectoplasm"],"picked":"SlaversCollar"},{"not_picked":["Runic Dome","Snecko Eye"],"picked":"Cursed Key"}],"items_purged_floors":[],"is_endless":false,"potions_floor_spawned":[2,9,14,15,20,29,31,32,33,38,47,48,49],"ascension_level":0}}