{"host":"00tqcjwpycel7e54","time":1608556485,"event":{"mods":["ATMod(阿瑾Mod)","BaseMod","Displayed Cursed Tome","Downfall","Hermit","Luminous","Marisa（F雨　魔理沙）","Minty Spire (QoL Compilation)","Remilia（蕾米莉亚）","Replay The Spire","Robot Space Explorer","Shop Mod","Spicy Shops","StSLib","The Administrix","The Bug Knight","The Cursed","The Dragon Tamer","The Gatherer","The Hierophant","The Runesmith","The Senshi","The Servant 0.9.4","WarShipGirlsR/战舰少女R mod","Youmu（魂魄妖梦）","Yuyuko","【东方二次创作】八云紫mod","【遗物卡牌】REMEMod"],"gold_per_floor":[115,129,129,129,12,46,59,59,129,156,156,231,265,282,282,385,385,399,399,415,98,116,149,149,149,174,190,219,219,219,219,252,269,269,374,374,391,407,367,378,136,164,179,207,280,44,88,88,136,178,178,198,198,198,76,122,134],"floor_reached":58,"playtime":3263,"items_purged":["hermit:Defend_Hermit","hermit:Strike_Hermit"],"score":1528,"play_id":"cdf7fc3a-8f4b-461d-bff2-840a17ef644d","local_time":"20201221211445","is_ascension_mode":true,"campfire_choices":[{"data":"hermit:CursedWeapon","floor":8.0,"key":"SMITH"},{"floor":11.0,"key":"REST"},{"floor":15.0,"key":"DIG"},{"data":"hermit:EternalForm","floor":24.0,"key":"SMITH"},{"data":"hermit:FlashPowder","floor":31.0,"key":"SMITH"},{"data":"hermit:Cheat","floor":34.0,"key":"SMITH"},{"floor":48.0,"key":"RECALL"},{"floor":51.0,"key":"REST"},{"data":"expansioncontent:Chronoboost","floor":54,"key":"SMITH"}],"circlet_count":0,"master_deck":["hermit:Strike_Hermit","hermit:Defend_Hermit","hermit:Defend_Hermit","hermit:Snapshot+1","hermit:Covet","AT_ChampionKick+1","hermit:Strike_Hermit","hermit:CursedWeapon+1","hermit:Snipe","hermit:PistolWhip","hermit:FullyLoaded","hermit:Gestalt+1","hermit:Cheat+1","hermit:EternalForm+1","hermit:WideOpen","hermit:FlashPowder+1","expansioncontent:Chronoboost+1","Secret Technique","hermit:FlashPowder+1","hermit:Gestalt","hermit:ShadowCloak+1","hermit:Gestalt+1","hermit:Quickdraw+1","hermit:Roughhouse","hermit:FinalCanter+1","hermit:LowProfile+1","hermit:Enervate+1","hermit:Headshot","hermit:ItchyTrigger+1","hermit:Determination","hermit:EternalForm","expansioncontent:Chronoboost+1","hermit:NoHoldsBarred+1","hermit:Shortfuse","hermit:EternalForm","hermit:Vantage","hermit:Malice","hermit:Deadeye+1","ReplayTheSpireMod:Splinters","hermit:Determination"],"relics":["hermit:Momento","AT_ATBox","REME_ComplimentaryCards","AT_Kusabimaru","The Courier","AT_SeraphEmbrace","ReplayTheSpireMod:TigerMarble","Blue Candle","Calipers","Simple Rune","Bottled Flame","Black Star","MerchantsRug","Bottled Tornado","Ancient Tea Set","Pantograph","AT_ChloranthyRing","hermit:RyeStalk","PreservedInsect","Replay:Bandana","Orichalcum","AT_SunfireAegis","BargainBundle","theSenshi:SailorFukuRelic","AT_ImmortalShieldbow","Snack Pack","Akabeko","AT_SilvercatRing","Pet Ghost"],"acts_visited":["Exordium","TheCity","TheBeyond","TheEnding"],"potions_floor_usage":[57,57,57],"damage_taken":[{"damage":0.0,"enemies":"2 Louse","floor":1.0,"turns":3.0},{"damage":8.0,"enemies":"Jaw Worm","floor":2.0,"turns":4.0},{"damage":24.0,"enemies":"Replay:BlueRogue","floor":6.0,"turns":5.0},{"damage":4.0,"enemies":"Small Slimes","floor":7.0,"turns":3.0},{"damage":17.0,"enemies":"Lagavulin","floor":10.0,"turns":5.0},{"damage":2.0,"enemies":"Gremlin Nob","floor":13.0,"turns":2.0},{"damage":2.0,"enemies":"2 Fungi Beasts","floor":14.0,"turns":1.0},{"damage":11.0,"enemies":"Fading Forest","floor":16.0,"turns":11.0},{"damage":2.0,"enemies":"Chosen","floor":18.0,"turns":4.0},{"damage":9.0,"enemies":"2 Thieves","floor":20.0,"turns":3.0},{"damage":17.0,"enemies":"Snake Plant","floor":22.0,"turns":3.0},{"damage":0.0,"enemies":"Replay:Snechameleon","floor":23.0,"turns":1.0},{"damage":2.0,"enemies":"Shelled Parasite and Fungi","floor":27.0,"turns":3.0},{"damage":5.0,"enemies":"REME_1_Revenger","floor":28.0,"turns":4.0},{"damage":5.0,"enemies":"HollowMod:Nosk","floor":32.0,"turns":5.0},{"damage":2.0,"enemies":"Cultist and Chosen","floor":33.0,"turns":3.0},{"damage":11.0,"enemies":"Automaton","floor":35.0,"turns":10.0},{"damage":0.0,"enemies":"3 Shapes","floor":37.0,"turns":2.0},{"damage":2.0,"enemies":"3 Darklings","floor":38.0,"turns":6.0},{"damage":7.0,"enemies":"4 Shapes","floor":40.0,"turns":5.0},{"damage":7.0,"enemies":"Reptomancer","floor":42.0,"turns":4.0},{"damage":2.0,"enemies":"Transient","floor":43.0,"turns":5.0},{"damage":7.0,"enemies":"Nemesis","floor":44.0,"turns":5.0},{"damage":2.0,"enemies":"R_Hoarder","floor":47.0,"turns":5.0},{"damage":1.0,"enemies":"Sphere and 2 Shapes","floor":50.0,"turns":2.0},{"damage":38.0,"enemies":"Donu and Deca","floor":52.0,"turns":5.0},{"damage":23,"enemies":"Shield and Spear","floor":56,"turns":4},{"damage":47,"enemies":"The Heart","floor":57,"turns":8}],"seed_played":"3751345057474676959","potions_obtained":[{"floor":6.0,"key":"Guardian:BlockOnCardUsePotion"},{"floor":7.0,"key":"Swift Potion"},{"floor":13.0,"key":"ColorlessPotion"},{"floor":14.0,"key":"Elixir"},{"floor":18.0,"key":"hermit:Tonic"},{"floor":22.0,"key":"Adrenaline Potion"},{"floor":32.0,"key":"Adrenaline Potion"},{"floor":44.0,"key":"Guardian:BlockOnCardUsePotion"}],"is_trial":false,"path_per_floor":["M","M","?","T","$","E","M","R","T","E","R","?","E","M","R","B",null,"M","?","M","$","M","E","R","?","T","M","E","PTL","PTL","R","E","M","R","B",null,"M","M","?","M","$","E","M","E","T","$","E","R","?","M","R","B",null,"R","$","E","B",null],"character_chosen":"HERMIT","items_purchased":["AT_ArchangelStaff","MerchantsRug","ReplayTheSpireMod:ShopPack","hermit:FlashPowder+1","hermit:Determination","hermit:EternalForm","expansioncontent:Chronoboost","AT_SunfireAegis","BargainBundle","hermit:EternalForm","hermit:Vantage","hermit:Malice","Akabeko","hermit:Determination"],"campfire_rested":2,"item_purchase_floors":[5,21,21,21,41,41,41,46,46,46,46,46,55,55],"current_hp_per_floor":[75,67,67,67,67,43,39,39,39,22,44,33,31,29,29,18,75,73,73,64,64,47,47,47,47,47,45,47,47,47,47,42,40,40,54,82,82,80,80,73,73,66,64,57,57,57,55,55,55,58,82,48,82,82,82,61,43],"gold":134,"neow_bonus":"ONE_RARE_RELIC","is_daily":false,"chose_seed":false,"campfire_upgraded":5,"win_rate":0.0,"timestamp":1608556485,"path_taken":["M","M","?","?","$","E","M","R","T","E","R","?","E","M","R","BOSS","M","?","M","$","?","E","R","?","T","M","E","PTL","PTL","R","E","M","R","BOSS","M","?","?","?","$","E","M","E","T","$","E","R","?","M","R","BOSS","R","$","E","BOSS"],"items_purchased_type":["Relic","Relic","Relic","Card","Card","Card","Card","Relic","Relic","Card","Card","Card","Relic","Card"],"build_version":"2020-12-13","purchased_purges":2,"victory":true,"max_hp_per_floor":[75,75,75,75,75,75,75,75,75,75,75,75,75,75,75,75,75,75,75,75,75,75,75,75,75,75,75,82,82,82,82,82,82,82,82,82,82,82,82,82,82,82,82,82,82,82,82,82,82,82,82,82,82,82,82,82,82],"card_choices":[{"not_picked":["hermit:CalledShot","hermit:PistolWhip"],"picked":"hermit:CursedWeapon","floor":1.0},{"not_picked":["hermit:Glare","hermit:NoHoldsBarred"],"picked":"hermit:Snipe","floor":2.0},{"not_picked":["hermit:Midnight","hermit:Ricochet"],"picked":"hermit:PistolWhip","floor":6.0},{"not_picked":["hermit:LowProfile","hermit:DeadMansHand"],"picked":"hermit:FullyLoaded","floor":7.0},{"not_picked":["hermit:Adapt","hermit:TrackingShot","hermit:CalledShot"],"picked":"SKIP","floor":10.0},{"not_picked":["hermit:Desperado","hermit:Headshot"],"picked":"hermit:Gestalt","floor":13.0},{"not_picked":["hermit:Brawl","hermit:Coalescence"],"picked":"hermit:Cheat","floor":14.0},{"not_picked":["hermit:FatalDesire","hermit:Gambit"],"picked":"hermit:EternalForm","floor":16.0},{"not_picked":["hermit:Showdown","hermit:Maintenance"],"picked":"hermit:WideOpen","floor":18.0},{"not_picked":["hermit:CalledShot","hermit:Feint","hermit:GhostlyPresence"],"picked":"SKIP","floor":20.0},{"not_picked":["Deep Breath","Survey Options"],"picked":"expansioncontent:Chronoboost","floor":21.0},{"not_picked":["Metamorphosis","Sadistic Nature"],"picked":"Secret Technique","floor":21.0},{"not_picked":["hermit:TakeCover","hermit:GhostlyPresence"],"picked":"hermit:FlashPowder","floor":22.0},{"not_picked":["hermit:BodyArmor","hermit:HeroicBravado"],"picked":"hermit:Gestalt","floor":23.0},{"not_picked":["hermit:Coalescence","hermit:BigShot"],"picked":"hermit:ShadowCloak","floor":27.0},{"not_picked":["hermit:GoldenBullet","hermit:Dive"],"picked":"hermit:Gestalt+1","floor":28.0},{"not_picked":["hermit:Vantage","hermit:Dive","hermit:ItchyTrigger"],"picked":"SKIP","floor":32.0},{"not_picked":["hermit:Grudge","hermit:ShadowCloak"],"picked":"hermit:Quickdraw+1","floor":33.0},{"not_picked":["hermit:OverwhelmingPower","hermit:BlackWind"],"picked":"hermit:Roughhouse","floor":35.0},{"not_picked":["hermit:Desperado","hermit:Combo+1"],"picked":"hermit:Headshot","floor":37.0},{"not_picked":["hermit:Coalescence","hermit:BigShot+1"],"picked":"hermit:ItchyTrigger+1","floor":38.0},{"not_picked":["hermit:LowProfile+1","hermit:Dive+1","hermit:DeadMansHand+1"],"picked":"SKIP","floor":40.0},{"not_picked":["hermit:BodyArmor+1","hermit:Misfire","hermit:Cheat+1"],"picked":"SKIP","floor":42.0},{"not_picked":["hermit:HoleUp+1","hermit:Desperado+1"],"picked":"hermit:NoHoldsBarred+1","floor":43.0},{"not_picked":["hermit:Purgatory","hermit:LoneWolf+1"],"picked":"hermit:Shortfuse","floor":44.0},{"not_picked":["hermit:Gestalt","hermit:Shortfuse+1"],"picked":"hermit:Deadeye+1","floor":47.0},{"not_picked":["hermit:Coalescence+1","hermit:Cheat+1","hermit:Ricochet+1"],"picked":"SKIP","floor":50.0},{"not_picked":["hermit:LoneWolf","hermit:FatalDesire","hermit:PistolWhip+1"],"picked":"SKIP","floor":56}],"player_experience":672463,"relics_obtained":[{"floor":4.0,"key":"The Courier"},{"floor":6.0,"key":"ReplayTheSpireMod:TigerMarble"},{"floor":9.0,"key":"Blue Candle"},{"floor":10.0,"key":"Calipers"},{"floor":13.0,"key":"Simple Rune"},{"floor":15.0,"key":"Bottled Flame"},{"floor":23.0,"key":"Bottled Tornado"},{"floor":26.0,"key":"Ancient Tea Set"},{"floor":28.0,"key":"Pantograph"},{"floor":28.0,"key":"Strawberry"},{"floor":32.0,"key":"Whetstone"},{"floor":32.0,"key":"AT_ChloranthyRing"},{"floor":42.0,"key":"hermit:RyeStalk"},{"floor":42.0,"key":"PreservedInsect"},{"floor":44.0,"key":"Replay:Bandana"},{"floor":44.0,"key":"Orichalcum"},{"floor":47.0,"key":"theSenshi:SailorFukuRelic"},{"floor":47.0,"key":"AT_ImmortalShieldbow"},{"floor":49.0,"key":"Snack Pack"},{"floor":56,"key":"AT_SilvercatRing"},{"floor":56,"key":"Pet Ghost"}],"event_choices":[{"cards_removed":["hierophant:Strike_Hierophant"],"damage_healed":0.0,"max_hp_gain":0.0,"max_hp_loss":0.0,"gold_gain":0.0,"event_name":"Living Wall","player_choice":"Forget","floor":3.0,"gold_loss":0.0,"damage_taken":0.0},{"damage_healed":0.0,"max_hp_gain":0.0,"max_hp_loss":0.0,"gold_gain":75.0,"event_name":"World of Goop","player_choice":"Gather Gold","floor":12.0,"gold_loss":0.0,"damage_taken":11.0},{"damage_healed":0.0,"max_hp_gain":0.0,"max_hp_loss":0.0,"gold_gain":0.0,"event_name":"WeMeetAgain","player_choice":"Ignored","floor":19.0,"gold_loss":0.0,"damage_taken":0.0},{"damage_healed":0.0,"max_hp_gain":0.0,"max_hp_loss":0.0,"gold_gain":0.0,"event_name":"Upgrade Shrine","player_choice":"Upgraded","floor":25.0,"gold_loss":0.0,"damage_taken":0.0,"cards_upgraded":["expansioncontent:Chronoboost"]},{"damage_healed":0.0,"max_hp_gain":0.0,"max_hp_loss":0.0,"gold_gain":0.0,"event_name":"Designer","player_choice":"Upgraded Two","floor":39.0,"gold_loss":40.0,"damage_taken":0.0,"cards_upgraded":["hermit:ShadowCloak","hermit:Gestalt"]}],"is_beta":false,"boss_relics":[{"not_picked":["Calling Bell","Ectoplasm"],"picked":"Black Star"},{"not_picked":["Sozu","Coffee Dripper"],"picked":"Astrolabe"}],"items_purged_floors":[41,46],"is_endless":false,"potions_floor_spawned":[6,7,13,14,18,22,32,33,35,37,44,50,56],"ascension_level":1}}