{"host":"q9718omregw4er46","time":1608581603,"event":{"mods":["BaseMod","Bestiary","Colored Powertips","Minty Spire (QoL Compilation)","Quick Restart","Relic Stats"],"gold_per_floor":[117,128,128,147,160,160,192,267,267,301,52,71,86,98,98,174,174,190,16,33,33,33,59,59,85,85,110,125,144,158,169,169,240,240,256,274,285,175,193,193,218,22,22,22,22,22,56,81,81,81,81,81,81,53,90,90],"floor_reached":57,"playtime":2781,"items_purged":["Strike_R","Strike_R"],"score":2797,"play_id":"381aafc1-8929-4a0e-9cc4-c2867008812a","local_time":"20201222011323","is_ascension_mode":true,"campfire_choices":[{"data":"Carnage","floor":6.0,"key":"SMITH"},{"data":"Uppercut","floor":15.0,"key":"SMITH"},{"data":"Bludgeon","floor":24.0,"key":"SMITH"},{"floor":32.0,"key":"REST"},{"data":"Dual Wield","floor":40.0,"key":"SMITH"},{"floor":45.0,"key":"RECALL"},{"data":"Disarm","floor":49.0,"key":"SMITH"},{"data":"Shockwave","floor":53.0,"key":"SMITH"}],"circlet_count":0,"master_deck":["AscendersBane","Defend_R","Defend_R+1","Defend_R","Bash+1","Headbutt","Carnage+1","Uppercut+1","Bludgeon+1","Disarm+1","Feed","Corruption","Shockwave+1","Spot Weakness+1","Carnage","Exhume","Spot Weakness+1","Dual Wield+1","Battle Trance","Barricade","Disarm+1","Disarm+1","Infernal Blade+1","Dark Embrace","Body Slam","Decay","Reaper","Infernal Blade","Heavy Blade"],"relics":["Snecko Eye","Toy Ornithopter","Singing Bowl","Eternal Feather","Cursed Key","FossilizedHelix","Bottled Tornado","CaptainsWheel","Bottled Flame","Astrolabe","Darkstone Periapt","Membership Card","CeramicFish","Akabeko"],"acts_visited":["Exordium","TheCity","TheBeyond","TheEnding"],"potions_floor_usage":[56],"damage_taken":[{"damage":7.0,"enemies":"Small Slimes","floor":1.0,"turns":3.0},{"damage":0.0,"enemies":"Jaw Worm","floor":2.0,"turns":5.0},{"damage":0.0,"enemies":"Cultist","floor":4.0,"turns":2.0},{"damage":1.0,"enemies":"Looter","floor":5.0,"turns":2.0},{"damage":12.0,"enemies":"Lagavulin","floor":7.0,"turns":3.0},{"damage":0.0,"enemies":"Gremlin Nob","floor":10.0,"turns":2.0},{"damage":0.0,"enemies":"Red Slaver","floor":12.0,"turns":2.0},{"damage":9.0,"enemies":"3 Louse","floor":13.0,"turns":3.0},{"damage":10.0,"enemies":"Lots of Slimes","floor":14.0,"turns":3.0},{"damage":32.0,"enemies":"The Guardian","floor":16.0,"turns":10.0},{"damage":15.0,"enemies":"3 Byrds","floor":18.0,"turns":4.0},{"damage":18.0,"enemies":"Shell Parasite","floor":20.0,"turns":4.0},{"damage":10.0,"enemies":"Book of Stabbing","floor":23.0,"turns":4.0},{"damage":19.0,"enemies":"Gremlin Leader","floor":25.0,"turns":5.0},{"damage":18.0,"enemies":"Slavers","floor":27.0,"turns":3.0},{"damage":9.0,"enemies":"Centurion and Healer","floor":28.0,"turns":4.0},{"damage":0.0,"enemies":"Cultist and Chosen","floor":29.0,"turns":4.0},{"damage":0.0,"enemies":"Snecko","floor":30.0,"turns":4.0},{"damage":0.0,"enemies":"Snake Plant","floor":31.0,"turns":2.0},{"damage":27.0,"enemies":"Champ","floor":33.0,"turns":8.0},{"damage":12.0,"enemies":"3 Shapes","floor":35.0,"turns":3.0},{"damage":11.0,"enemies":"3 Darklings","floor":36.0,"turns":4.0},{"damage":10.0,"enemies":"4 Shapes","floor":37.0,"turns":5.0},{"damage":0.0,"enemies":"Transient","floor":39.0,"turns":6.0},{"damage":51.0,"enemies":"Nemesis","floor":41.0,"turns":9.0},{"damage":13.0,"enemies":"Giant Head","floor":47.0,"turns":5.0},{"damage":0.0,"enemies":"Writhing Mass","floor":48.0,"turns":4.0},{"damage":83.0,"enemies":"Donu and Deca","floor":50.0,"turns":7.0},{"damage":80.0,"enemies":"Time Eater","floor":51.0,"turns":8.0},{"damage":50.0,"enemies":"Shield and Spear","floor":55.0,"turns":6.0},{"damage":116,"enemies":"The Heart","floor":56,"turns":8}],"seed_played":"1233603788957739805","potions_obtained":[{"floor":1.0,"key":"Swift Potion"},{"floor":4.0,"key":"Energy Potion"},{"floor":10.0,"key":"AttackPotion"},{"floor":16.0,"key":"Block Potion"},{"floor":25.0,"key":"Swift Potion"},{"floor":28.0,"key":"Ancient Potion"},{"floor":29.0,"key":"Block Potion"},{"floor":31.0,"key":"EntropicBrew"},{"floor":36.0,"key":"DistilledChaos"},{"floor":47.0,"key":"Regen Potion"},{"floor":48.0,"key":"PowerPotion"}],"is_trial":true,"path_per_floor":["M","M","?","M","M","R","E","?","T","E","$","M","M","M","R","B",null,"M","$","M","?","?","E","R","E","T","E","M","M","M","M","R","B",null,"M","M","M","?","M","R","E","$","T","$","R","?","E","M","R","B","B",null,"R","$","E","B",null],"character_chosen":"IRONCLAD","items_purchased":["Bludgeon","Disarm","Membership Card","AttackPotion","Block Potion"],"campfire_rested":1,"item_purchase_floors":[11,19,42,42,54],"current_hp_per_floor":[61,61,61,61,60,60,48,37,37,44,44,46,37,27,36,14,63,56,56,41,41,41,31,43,29,29,14,15,18,21,21,64,45,92,86,85,78,78,85,100,56,56,62,62,77,77,90,112,127,136,131,142,145,145,95,2],"gold":90,"neow_bonus":"","is_daily":false,"chose_seed":false,"campfire_upgraded":6,"win_rate":0.0,"timestamp":1608581603,"path_taken":["M","M","?","M","M","R","E","?","T","E","?","M","M","M","R","BOSS","M","$","M","?","?","E","R","E","T","E","M","M","M","?","R","BOSS","M","M","M","?","?","R","E","$","T","?","R","?","E","M","R","BOSS","BOSS","R","$","E","BOSS"],"items_purchased_type":["Card","Card","Relic","Potion","Potion"],"build_version":"2020-12-13","purchased_purges":2,"victory":true,"max_hp_per_floor":[75,75,75,75,75,75,75,75,75,77,77,79,79,79,79,79,79,82,82,85,85,85,85,85,90,90,93,98,101,104,104,104,107,107,113,118,121,121,123,123,125,125,131,131,131,131,136,139,139,142,145,145,145,145,145,145],"relic_stats":{"Darkstone Periapt":6,"Singing Bowl":16,"counters":[31,142],"Astrolabe":["Disarm","Disarm","Infernal Blade"],"CeramicFish":18,"Snecko Eye":[273,263,263,242],"Eternal Feather":81,"Cursed Key":1,"obtain_stats":[{"Darkstone Periapt":41,"Singing Bowl":9,"Astrolabe":34,"CeramicFish":47,"Eternal Feather":10,"Bottled Tornado":23,"Cursed Key":17,"Akabeko":55,"CaptainsWheel":25,"Bottled Flame":27,"Snecko Eye":0,"Membership Card":42,"Toy Ornithopter":7,"FossilizedHelix":22},{"Darkstone Periapt":25,"Singing Bowl":5,"Astrolabe":20,"CeramicFish":26,"Eternal Feather":6,"Bottled Tornado":13,"Cursed Key":10,"Akabeko":30,"CaptainsWheel":14,"Bottled Flame":15,"Snecko Eye":0,"Membership Card":25,"Toy Ornithopter":5,"FossilizedHelix":12},{"Darkstone Periapt":104,"Singing Bowl":15,"Astrolabe":77,"CeramicFish":109,"Eternal Feather":17,"Bottled Tornado":47,"Cursed Key":35,"Akabeko":134,"CaptainsWheel":52,"Bottled Flame":55,"Snecko Eye":0,"Membership Card":104,"Toy Ornithopter":15,"FossilizedHelix":43}],"Toy Ornithopter":60},"card_choices":[{"not_picked":["Hemokinesis","Second Wind"],"picked":"Headbutt","floor":1.0},{"not_picked":["Twin Strike","Warcry","Sentinel"],"picked":"SKIP","floor":2.0},{"not_picked":["Cleave","Iron Wave"],"picked":"Combust","floor":4.0},{"not_picked":["Sword Boomerang","Twin Strike"],"picked":"Carnage","floor":5.0},{"not_picked":["Iron Wave","Clothesline"],"picked":"Uppercut","floor":7.0},{"not_picked":["Armaments","Ghostly Armor","Cleave"],"picked":"Singing Bowl","floor":10.0},{"not_picked":["Thunderclap","Combust","Dark Embrace"],"picked":"Singing Bowl","floor":12.0},{"not_picked":["Shrug It Off","Seeing Red"],"picked":"Disarm","floor":13.0},{"not_picked":["Shrug It Off","Uppercut"],"picked":"Feed","floor":14.0},{"not_picked":["Berserk","Limit Break"],"picked":"Corruption","floor":16.0},{"not_picked":["Clash","Armaments"],"picked":"Shockwave","floor":18.0},{"not_picked":["Rupture","Dropkick"],"picked":"Spot Weakness+1","floor":20.0},{"not_picked":["Havoc","Whirlwind"],"picked":"Carnage","floor":23.0},{"not_picked":["Evolve","Rampage","Searing Blow"],"picked":"Singing Bowl","floor":25.0},{"not_picked":["Wild Strike","Heavy Blade"],"picked":"Exhume","floor":27.0},{"not_picked":["Clothesline","Armaments","Anger"],"picked":"Singing Bowl","floor":28.0},{"not_picked":["Shrug It Off","Brutality"],"picked":"Spot Weakness+1","floor":29.0},{"not_picked":["Flex","Iron Wave"],"picked":"Dual Wield","floor":30.0},{"not_picked":["Whirlwind","Perfected Strike"],"picked":"Battle Trance","floor":31.0},{"not_picked":["Brutality","Bludgeon"],"picked":"Barricade","floor":33.0},{"not_picked":["True Grit","Combust+1"],"picked":"Dark Embrace","floor":35.0},{"not_picked":["Thunderclap","Clash","Pommel Strike"],"picked":"Singing Bowl","floor":36.0},{"not_picked":["Whirlwind","Twin Strike"],"picked":"Body Slam","floor":37.0},{"not_picked":["Sword Boomerang","Headbutt","Reckless Charge+1"],"picked":"Singing Bowl","floor":39.0},{"not_picked":["Fire Breathing","Iron Wave","Hemokinesis+1"],"picked":"Singing Bowl","floor":41.0},{"not_picked":["Ghostly Armor+1","Iron Wave","Warcry"],"picked":"Singing Bowl","floor":47.0},{"not_picked":["Clash+1","Body Slam"],"picked":"Infernal Blade","floor":48.0},{"not_picked":["Barricade","Rage"],"picked":"Heavy Blade","floor":55.0}],"player_experience":1089060,"relics_obtained":[{"floor":7.0,"key":"Toy Ornithopter"},{"floor":9.0,"key":"Singing Bowl"},{"floor":10.0,"key":"Eternal Feather"},{"floor":23.0,"key":"Bottled Tornado"},{"floor":25.0,"key":"CaptainsWheel"},{"floor":27.0,"key":"Bottled Flame"},{"floor":41.0,"key":"Darkstone Periapt"},{"floor":47.0,"key":"CeramicFish"},{"floor":55.0,"key":"Akabeko"}],"event_choices":[{"damage_healed":0.0,"max_hp_gain":0.0,"max_hp_loss":0.0,"gold_gain":0.0,"event_name":"Living Wall","player_choice":"Grow","floor":3.0,"gold_loss":0.0,"damage_taken":0.0,"cards_upgraded":["Bash"]},{"damage_healed":0.0,"max_hp_gain":0.0,"max_hp_loss":0.0,"gold_gain":75.0,"event_name":"World of Goop","player_choice":"Gather Gold","floor":8.0,"gold_loss":0.0,"damage_taken":11.0},{"cards_removed":["Disarm"],"damage_healed":0.0,"max_hp_gain":0.0,"max_hp_loss":0.0,"gold_gain":0.0,"event_name":"WeMeetAgain","player_choice":"Gave Card","floor":22.0,"gold_loss":0.0,"damage_taken":0.0,"relics_obtained":["FossilizedHelix"]},{"cards_removed":["Combust"],"damage_healed":0.0,"max_hp_gain":0.0,"max_hp_loss":0.0,"gold_gain":0.0,"event_name":"Designer","player_choice":"Upgrade and Remove","floor":38.0,"gold_loss":110.0,"damage_taken":0.0,"cards_upgraded":["Defend_R"]},{"damage_healed":0.0,"max_hp_gain":0.0,"max_hp_loss":0.0,"gold_gain":0.0,"cards_transformed":["Defend_R"],"event_name":"Transmorgrifier","player_choice":"Transformed","floor":46.0,"gold_loss":0.0,"damage_taken":0.0,"cards_obtained":["Reaper"]}],"is_beta":false,"boss_relics":[{"not_picked":["Velvet Choker","Runic Dome"],"picked":"Cursed Key"},{"not_picked":["Fusion Hammer","Calling Bell"],"picked":"Astrolabe"}],"items_purged_floors":[11,19],"is_endless":false,"potions_floor_spawned":[1,4,10,16,25,28,29,31,36,37,47,48],"ascension_level":20}}