{"host":"qljq6nt1bltq73k9","time":1608542658,"event":{"mods":["BaseMod","Colored Map","Colored Powertips","Downfall","Lobotomy","Minty Spire (QoL Compilation)","Quick Restart","Replay The Spire","StSLib"],"gold_per_floor":[99999,100017,98863,98878,98878,98878,98096,98096,98096,98112,98112,98112,98122,97169,97169,97267,97267,97267,97207,97207,96376,96376,96376,96376,96376,96376,96376,96376,96376,96376,95415,95415,95415,95415,95415,93825,93825,93825,92841,92841,92841,92841,92841,92841,92841,92841,90922,90922,90922,90922],"floor_reached":51,"playtime":2388,"items_purged":["Defend_G","Defend_G","Strike_G","Defend_G","Strike_G","Injury","Clumsy","Strike_G+1"],"score":1087,"play_id":"855fdf87-fff0-45a6-9044-c052aad8ec21","local_time":"20201221172418","is_ascension_mode":false,"campfire_choices":[{"data":"expansioncontent:StudyTheSpire","floor":6,"key":"SMITH"},{"data":"ReplayTheSpireMod:The Works","floor":8,"key":"SMITH"},{"data":"Dagger Spray","floor":11,"key":"SMITH"},{"data":"Wraith Form v2","floor":15,"key":"SMITH"},{"data":"Accuracy","floor":27,"key":"SMITH"},{"data":"Magnetism","floor":32,"key":"SMITH"},{"floor":49,"key":"RECALL"}],"circlet_count":0,"master_deck":["Neutralize","Bane+1","WallGazer","Well Laid Plans","Fluid Movement","expansioncontent:StudyTheSpire+1","Blade Dance+1","OSAHOGD","Dagger Spray+1","Noxious Fumes+1","Noxious Fumes+1","ReplayTheSpireMod:The Works+1","VoidDream","Replay:Poison Smokescreen+1","BodiesMountain","Cloak And Dagger","Glass Knife","Wraith Form v2+1","Blade Dance+1","ReplayTheSpireMod:From All Sides","GreedKing","Quick Slash","Accuracy+1","Noxious Fumes+1","Magnetism+1","Scarecrow","ReplayTheSpireMod:Uncanny Aura","Quick Slash+1","ReplayTheSpireMod:Speed Training","SnowQueen","LongBird","Fluid Movement+1","Poisoned Strike","Poison Darts","ReplayTheSpireMod:Tripwire+1","Infinite Blades","Hidden Blade+1","Accuracy+1","Night Terror","Dagger Spray+1","Distraction+1","Prepared","BlackArmy","Prepared+1","RedShoes","Distraction+1","Cloak And Dagger+1","After Image","Footwork","ReplayTheSpireMod:Necrogeddon","Cloak And Dagger+1","ReplayTheSpireMod:Shiv Toss+1"],"relics":["Ring of the Snake","CogitoBucket","RabbitCall","Mercury Hourglass","Oddly Smooth Stone","OrangePellets","Regal Pillow","Blood Vial","Replay:Mystery Machine","Frozen Eye","Pear","Iron Hammer","Replay:Baseball","DollysMirror","Ectoplasm","SkinProphecy","Red Mask","Strange Spoon","Replay:Bottled Eggs","ReplayTheSpireMod:Ring of Exchange","Ring of Peace","Du-Vu Doll","Whetstone","HornCleat","BehaviorAdjustment","Ornamental Fan","Akabeko","TheAbacus","Fusion Hammer","CeramicFish","ReplayTheSpireMod:Lightbulb","Kintsugi","Mummified Hand","Dream Catcher","Orrery","Orichalcum","BackwardClock","AtMidnight","Boot","Lantern","Toxic Egg 2","Centennial Puzzle","Painkiller Herb"],"acts_visited":["Exordium","TheCity","TheBeyond"],"potions_floor_usage":[23,29,39,51,51],"damage_taken":[{"damage":2,"enemies":"Cultist","floor":1,"turns":4},{"damage":7,"enemies":"Small Slimes","floor":2,"turns":4},{"damage":0,"enemies":"2 Louse","floor":4,"turns":2},{"damage":0,"enemies":"Gremlin Gang","floor":10,"turns":3},{"damage":2,"enemies":"2 Fungi Beasts","floor":13,"turns":2},{"damage":2,"enemies":"Slime Boss","floor":16,"turns":5},{"damage":0,"enemies":"3 Byrds","floor":18,"turns":1},{"damage":6,"enemies":"Masked Bandits","floor":20,"turns":3},{"damage":17,"enemies":"Book of Stabbing","floor":23,"turns":5},{"damage":2,"enemies":"Chosen","floor":25,"turns":2},{"damage":2,"enemies":"Sentry and Sphere","floor":28,"turns":3},{"damage":9,"enemies":"Slavers","floor":29,"turns":3},{"damage":30,"enemies":"Cultist and Chosen","floor":30,"turns":4},{"damage":0,"enemies":"Automaton","floor":33,"turns":3},{"damage":0,"enemies":"3 Shapes","floor":35,"turns":2},{"damage":1,"enemies":"3 Darklings","floor":37,"turns":3},{"damage":6,"enemies":"Maw","floor":38,"turns":4},{"damage":0,"enemies":"Giant Head","floor":40,"turns":4},{"damage":0,"enemies":"Spire Growth","floor":41,"turns":3},{"damage":0,"enemies":"R_Hoarder","floor":42,"turns":3},{"damage":3,"enemies":"3 Darklings","floor":44,"turns":2},{"damage":6,"enemies":"Sphere and 2 Shapes","floor":46,"turns":1},{"damage":0,"enemies":"Maw","floor":48,"turns":2},{"damage":45,"enemies":"Donu and Deca","floor":50,"turns":5},{"damage":2,"enemies":"Malkuth","floor":51,"turns":5},{"damage":1,"enemies":"Yesod","floor":51,"turns":5},{"damage":19,"enemies":"Chesed","floor":51,"turns":5},{"damage":60,"enemies":"Binah","floor":51,"turns":9},{"damage":20,"enemies":"Angela","floor":51,"turns":5}],"seed_played":"1153166754768263884","potions_obtained":[{"floor":28,"key":"Block Potion"},{"floor":29,"key":"champ:CounterPotion"},{"floor":42,"key":"Poison Potion"}],"is_trial":false,"path_per_floor":["M","M","$","M","?","R","$","R","T","M","R","?","M","$","R","B",null,"M","?","?","$","?","E","?","M","T","R","M","E","M","$","R","B",null,"M","$","M","M","$","E","M","E","T","M","?","M","$","?","T","B",null],"character_chosen":"THE_SILENT","items_purchased":["Mercury Hourglass","Oddly Smooth Stone","OrangePellets","Fluid Movement","expansioncontent:StudyTheSpire","SkillPotion","Languid Potion","FairyPotion","Blade Dance+1","Blood Vial","Replay:Mystery Machine","Frozen Eye","Noxious Fumes","GhostInAJar","ReplayTheSpireMod:The Works","Iron Hammer","Replay:Baseball","Glass Knife","Wraith Form v2","DollysMirror","Noxious Fumes","Strange Spoon","Magnetism","Replay:Bottled Eggs","Ornamental Fan","Akabeko","TheAbacus","Fluid Movement+1","Poisoned Strike","CeramicFish","ReplayTheSpireMod:Lightbulb","Infinite Blades","Kintsugi","Mummified Hand","Accuracy+1","Fruit Juice","PowerPotion","Dream Catcher","Orrery","Toxic Egg 2","Centennial Puzzle","Footwork","ReplayTheSpireMod:Necrogeddon","Painkiller Herb","Cloak And Dagger+1"],"campfire_rested":0,"item_purchase_floors":[3,3,3,3,3,3,3,3,3,7,7,7,7,7,7,14,14,14,14,14,21,21,21,21,31,31,31,31,31,36,36,36,36,39,39,39,39,39,39,47,47,47,47,47,47],"current_hp_per_floor":[68,61,61,61,54,54,54,54,64,66,66,66,66,66,66,75,80,80,80,76,76,76,59,47,62,62,62,69,83,75,75,75,87,96,98,98,100,102,107,109,113,115,115,116,116,114,114,121,121,124],"gold":90922,"neow_bonus":"","is_daily":false,"chose_seed":false,"campfire_upgraded":6,"win_rate":0.0,"timestamp":1608542658,"path_taken":["M","M","$","?","?","R","$","R","T","M","R","?","M","$","R","BOSS","M","?","?","$","?","E","?","?","T","R","M","E","M","$","R","BOSS","M","$","M","M","$","E","M","E","T","M","?","M","$","?","T","BOSS"],"items_purchased_type":["Relic","Relic","Relic","Card","Card","Potion","Potion","Potion","Card","Relic","Relic","Relic","Card","Potion","Card","Relic","Relic","Card","Card","Relic","Card","Relic","Card","Relic","Relic","Relic","Relic","Card","Card","Relic","Relic","Card","Relic","Relic","Card","Potion","Potion","Relic","Relic","Relic","Relic","Card","Card","Relic","Card"],"build_version":"2020-12-13","purchased_purges":8,"victory":true,"max_hp_per_floor":[70,70,70,70,70,70,70,70,80,80,80,80,80,80,80,80,80,80,80,82,82,82,84,84,86,86,86,88,90,94,94,94,96,96,98,98,100,102,107,109,113,115,115,117,117,119,119,121,121,125],"card_choices":[{"not_picked":["Scorched","MHz","SpiderBud"],"picked":"Singing Bowl","floor":1},{"not_picked":["Flying Knee","Reflex"],"picked":"Bane","floor":1},{"not_picked":["Bloodbath","UniverseFragment"],"picked":"WallGazer","floor":2},{"not_picked":["Sucker Punch","Wraith Form v2"],"picked":"Well Laid Plans","floor":2},{"not_picked":["NakedNest","Woodsman"],"picked":"OSAHOGD","floor":4},{"not_picked":["Prepared","Outmaneuver"],"picked":"Dagger Spray","floor":4},{"not_picked":["PunishingBird","Funeral"],"picked":"VoidDream","floor":10},{"not_picked":["Hidden Blade","Dagger Throw"],"picked":"Replay:Poison Smokescreen","floor":10},{"not_picked":["FairyFestival","Murderer","Alriune"],"picked":"Singing Bowl","floor":13},{"not_picked":["Scarecrow","Murderer"],"picked":"BodiesMountain","floor":13},{"not_picked":["Slice","Underhanded Strike"],"picked":"Cloak And Dagger","floor":13},{"not_picked":["FieryBird","PunishingBird","Wellcheers"],"picked":"Singing Bowl","floor":16},{"not_picked":["Malaise","Grand Finale"],"picked":"ReplayTheSpireMod:From All Sides","floor":16},{"not_picked":["CherryBlossoms","UniverseFragment","PunishingBird"],"picked":"Singing Bowl","floor":18},{"not_picked":["MHz","Funeral"],"picked":"GreedKing","floor":18},{"not_picked":["Well Laid Plans","Draining Mist"],"picked":"Quick Slash","floor":18},{"not_picked":["Wellcheers","FieryBird","Bloodbath"],"picked":"Singing Bowl","floor":20},{"not_picked":["Skewer+1","Fluid Movement"],"picked":"Accuracy","floor":20},{"not_picked":["MeatLantern","Wellcheers"],"picked":"Scarecrow","floor":23},{"not_picked":["Bane","Flechettes+1","Sucker Punch"],"picked":"SKIP","floor":23},{"not_picked":["Murderer","Wellcheers","MeatLantern"],"picked":"Singing Bowl","floor":25},{"not_picked":["Hidden Blade","Blade Dance"],"picked":"Quick Slash+1","floor":25},{"not_picked":["BlackSwan","HappyTeddy","GalaxyChild"],"picked":"Singing Bowl","floor":28},{"not_picked":["Blade Dance","Dash"],"picked":"ReplayTheSpireMod:Speed Training","floor":28},{"not_picked":["UniverseFragment","BlackSwan"],"picked":"SnowQueen","floor":29},{"not_picked":["Acrobatics","Noxious Fumes","PiercingWail"],"picked":"SKIP","floor":29},{"not_picked":["LittlePrince","BlueStar","MHz"],"picked":"Singing Bowl","floor":30},{"not_picked":["FairyFestival","Funeral"],"picked":"LongBird","floor":30},{"not_picked":["Acrobatics","Outmaneuver","ReplayTheSpireMod:Exploit Weakness"],"picked":"SKIP","floor":30},{"not_picked":["WhiteNight","MeatLantern","DreamingCurrent"],"picked":"Singing Bowl","floor":33},{"not_picked":["Grand Finale","ReplayTheSpireMod:Necrosis"],"picked":"Poison Darts","floor":33},{"not_picked":["CherryBlossoms","Funeral","HappyTeddy"],"picked":"Singing Bowl","floor":35},{"not_picked":["Deflect+1","Toxin Wave"],"picked":"ReplayTheSpireMod:Tripwire+1","floor":35},{"not_picked":["MeatLantern","QueenOfHatred","FairyFestival"],"picked":"Singing Bowl","floor":37},{"not_picked":["Deflect","Hidden Blade","Blur"],"picked":"SKIP","floor":37},{"not_picked":["LittlePrince","SingingMachine","HappyTeddy"],"picked":"Singing Bowl","floor":38},{"not_picked":["Deflect","Concentrate"],"picked":"Hidden Blade+1","floor":38},{"not_picked":["Underhanded Strike","Slice+1"],"picked":"Night Terror","floor":39},{"not_picked":["Backflip","Dash"],"picked":"Dagger Spray+1","floor":39},{"not_picked":["Dagger Spray","Concentrate+1"],"picked":"Distraction+1","floor":39},{"not_picked":["Heel Hook","Acrobatics"],"picked":"Prepared","floor":39},{"not_picked":["Freischutz","WhitesApple","BigBadWolf"],"picked":"Singing Bowl","floor":40},{"not_picked":["SpiderBud","Bloodbath"],"picked":"BlackArmy","floor":40},{"not_picked":["Glass Knife","Sneak Up"],"picked":"Prepared+1","floor":40},{"not_picked":["Wellcheers","FieryBird","MHz"],"picked":"Singing Bowl","floor":41},{"not_picked":["BlueStar","HappyTeddy"],"picked":"RedShoes","floor":41},{"not_picked":["Deflect","Bane+1","Skewer+1"],"picked":"SKIP","floor":41},{"not_picked":["Scorched","HappyTeddy","WhiteNight"],"picked":"Singing Bowl","floor":42},{"not_picked":["Cloak And Dagger","Quick Slash"],"picked":"Distraction+1","floor":42},{"not_picked":["NothingThere","WhitesApple","Murderer"],"picked":"Singing Bowl","floor":44},{"not_picked":["All Out Attack+1","Noxious Fumes+1"],"picked":"Cloak And Dagger+1","floor":44},{"not_picked":["Funeral","PunishingBird","Laetitia"],"picked":"Singing Bowl","floor":46},{"not_picked":["Dagger Throw","Eviscerate+1"],"picked":"After Image","floor":46},{"not_picked":["GalaxyChild","Freischutz","LittleHelper"],"picked":"Singing Bowl","floor":48},{"not_picked":["Cloak And Dagger+1","Deflect+1"],"picked":"ReplayTheSpireMod:Shiv Toss+1","floor":48}],"player_experience":396796,"relics_obtained":[{"floor":9,"key":"Pear"},{"floor":20,"key":"Red Mask"},{"floor":22,"key":"ReplayTheSpireMod:Ring of Exchange"},{"floor":22,"key":"Ring of Peace"},{"floor":23,"key":"Du-Vu Doll"},{"floor":26,"key":"Whetstone"},{"floor":29,"key":"HornCleat"},{"floor":40,"key":"Orichalcum"},{"floor":41,"key":"AtMidnight"},{"floor":42,"key":"Boot"},{"floor":43,"key":"Lantern"}],"event_choices":[{"damage_healed":0,"gold_gain":0,"player_choice":"Success","damage_taken":7,"relics_obtained":["Regal Pillow"],"max_hp_gain":0,"max_hp_loss":0,"event_name":"Scrap Ooze","floor":5,"gold_loss":0},{"damage_healed":0,"gold_gain":0,"player_choice":"Upgraded","damage_taken":0,"max_hp_gain":0,"max_hp_loss":0,"event_name":"Upgrade Shrine","floor":12,"gold_loss":0,"cards_upgraded":["Replay:Poison Smokescreen"]},{"damage_healed":0,"gold_gain":0,"player_choice":"Fought Bandits","damage_taken":0,"max_hp_gain":0,"max_hp_loss":0,"event_name":"Masked Bandits","floor":20,"gold_loss":0},{"damage_healed":0,"gold_gain":0,"player_choice":"CARD ","damage_taken":12,"max_hp_gain":0,"max_hp_loss":0,"event_name":"Knowing Skull","floor":24,"potions_obtained":[],"gold_loss":0,"cards_obtained":["ReplayTheSpireMod:Uncanny Aura"]},{"damage_healed":0,"gold_gain":0,"player_choice":"CARD ","damage_taken":12,"max_hp_gain":0,"max_hp_loss":0,"event_name":"Knowing Skull","floor":24,"potions_obtained":[],"gold_loss":0,"cards_obtained":["ReplayTheSpireMod:Uncanny Aura"]},{"damage_healed":0,"gold_gain":0,"player_choice":"Ignored","damage_taken":0,"max_hp_gain":0,"max_hp_loss":0,"event_name":"NoteForYourself","floor":45,"gold_loss":0}],"is_beta":false,"boss_relics":[{"not_picked":["Replay:Bronze Core","SlaversCollar"],"picked":"Ectoplasm"},{"not_picked":["Toolbox","Guide Book"],"picked":"Fusion Hammer"}],"items_purged_floors":[3,7,14,21,31,36,39,47],"is_endless":false,"potions_floor_spawned":[13,16,20,28,29,33,38,40,42,48],"ascension_level":0}}