{"host":"7l2t4psy44vpcd9q","time":1608570781,"event":{"mods":["AchievementEnabler","BaseMod","DeckTracker","Minty Spire (QoL Compilation)","SuperFastMode"],"gold_per_floor":[367,382,397,20,20,61,61,110,110,110,110,152,182,107,107,212,212,212,212],"floor_reached":18,"playtime":692,"items_purged":["Shame"],"score":332,"play_id":"ec66213f-b7f7-46ec-b839-8a3ddd16ca0d","local_time":"20201222021301","is_ascension_mode":true,"campfire_choices":[{"floor":7,"key":"REST"},{"floor":10,"key":"REST"},{"data":"Streamline","floor":15,"key":"SMITH"}],"circlet_count":0,"master_deck":["AscendersBane","Strike_B","Strike_B","Strike_B","Strike_B","Defend_B","Defend_B","Defend_B","Zap","Dualcast","Streamline+1","Defragment","Leap","Go for the Eyes","FTL","Gash","Melter","Coolheaded","Skim","Fission"],"relics":["Cracked Core","Eternal Feather","Golden Idol","CeramicFish","StrikeDummy","Prayer Wheel","Snecko Eye"],"acts_visited":["Exordium","TheCity"],"potions_floor_usage":[8,8,16],"damage_taken":[{"damage":6,"enemies":"Cultist","floor":1,"turns":3},{"damage":10,"enemies":"Small Slimes","floor":2,"turns":3},{"damage":4,"enemies":"Jaw Worm","floor":3,"turns":3},{"damage":28,"enemies":"Lagavulin","floor":6,"turns":8},{"damage":25,"enemies":"3 Sentries","floor":8,"turns":6},{"damage":0,"enemies":"Large Slime","floor":12,"turns":4},{"damage":2,"enemies":"Blue Slaver","floor":13,"turns":4},{"damage":26,"enemies":"Slime Boss","floor":16,"turns":8},{"damage":56,"enemies":"3 Byrds","floor":18,"turns":7}],"seed_played":"-243501442126128179","potions_obtained":[{"floor":3,"key":"SneckoOil"},{"floor":6,"key":"CultistPotion"},{"floor":8,"key":"Dexterity Potion"}],"is_trial":false,"path_per_floor":["M","M","M","$","?","E","R","E","T","R","T","M","M","?","R","B",null,"M"],"character_chosen":"DEFECT","items_purchased":["Eternal Feather","Go for the Eyes"],"campfire_rested":2,"item_purchase_floors":[4,4],"current_hp_per_floor":[58,48,44,44,44,16,44,19,19,47,47,47,45,45,54,28,55,0,0],"gold":212,"neow_bonus":"TWO_FIFTY_GOLD","is_daily":false,"chose_seed":false,"campfire_upgraded":1,"win_rate":0.0,"timestamp":1608570781,"path_taken":["M","M","?","$","?","E","R","E","T","R","?","M","M","?","R","BOSS","M"],"items_purchased_type":["Relic","Card"],"build_version":"2020-12-13","purchased_purges":1,"victory":false,"max_hp_per_floor":[71,71,71,71,64,64,64,64,64,64,64,64,64,64,64,64,64,64,64],"card_choices":[{"not_picked":["Stack","Go for the Eyes"],"picked":"Streamline","floor":1},{"not_picked":["Leap","Turbo"],"picked":"Defragment","floor":2},{"not_picked":["Hologram","Compile Driver"],"picked":"Leap","floor":3},{"not_picked":["Reboot","Go for the Eyes"],"picked":"FTL","floor":6},{"not_picked":["Barrage","Turbo"],"picked":"Gash","floor":8},{"not_picked":["Coolheaded","Beam Cell"],"picked":"Melter","floor":12},{"not_picked":["White Noise","Capacitor"],"picked":"Coolheaded","floor":12},{"not_picked":["Streamline","Redo"],"picked":"Skim","floor":13},{"not_picked":["Fusion","Redo","Leap"],"picked":"SKIP","floor":13},{"not_picked":["Hyperbeam","Meteor Strike"],"picked":"Fission","floor":16}],"player_experience":1120038,"relics_obtained":[{"floor":8,"key":"CeramicFish"},{"floor":9,"key":"StrikeDummy"},{"floor":11,"key":"Prayer Wheel"}],"event_choices":[{"damage_healed":0,"gold_gain":0,"player_choice":"Lose Max HP","damage_taken":0,"relics_obtained":["Golden Idol"],"max_hp_gain":0,"max_hp_loss":7,"event_name":"Golden Idol","floor":5,"gold_loss":0},{"cards_removed":["Defend_B"],"damage_healed":0,"gold_gain":0,"player_choice":"Card Removal","damage_taken":0,"max_hp_gain":0,"max_hp_loss":0,"event_name":"The Cleric","floor":14,"gold_loss":75}],"is_beta":false,"boss_relics":[{"not_picked":["Runic Dome","Fusion Hammer"],"picked":"Snecko Eye"}],"items_purged_floors":[4],"is_endless":false,"potions_floor_spawned":[3,6,8],"killed_by":"3 Byrds","ascension_level":19}}