{"host":"qm4rv4rkpk76sbxu","time":1608519774,"event":{"mods":["BaseMod","Bestiary","Block Reminder","DeckTracker","Filter the Spire","Keyboard Shortcuts","Minty Spire (QoL Compilation)","MonsterHotkey","Potion Indicator Mod","Quick Restart","Random Character Button","Relic Stats","Slay-I","StSLib","ojb\u0027s Better Paths Mod"],"gold_per_floor":[115,115,115,131,143,174,187,219,219,219,232,39,100,128,128,201,201,213,213,263,263,274,307,307,338,338,349,363,15,46,62,62,140,140,157,1156,1156,1156],"floor_reached":37,"playtime":2083,"items_purged":["Regret"],"score":1194,"play_id":"444277bc-1b27-41de-a820-84cc3b11c1cf","local_time":"20201221040254","is_ascension_mode":true,"campfire_choices":[{"floor":10.0,"key":"REST"},{"floor":15.0,"key":"REST"},{"floor":24.0,"key":"REST"},{"data":"Heatsinks","floor":32.0,"key":"SMITH"}],"circlet_count":0,"master_deck":["AscendersBane","Strike_B","Strike_B","Strike_B","Strike_B","Defend_B","Defend_B","Defend_B","Defend_B","Zap","Dualcast","Creative AI","Glacier","Defragment","Self Repair","Cold Snap","Defragment","Doom and Gloom","Heatsinks+1","Aggregate+1","Genetic Algorithm+1","Stack+1","Recycle+1","Biased Cognition","Double Energy+1","Hologram+1","Glacier+1","Darkness+1","Compile Driver","Ball Lightning","Amplify+1","Stack+1","Capacitor","Coolheaded+1","Core Surge","Reinforced Body+1","Normality","Normality"],"relics":["Cracked Core","Bag of Marbles","Regal Pillow","Thread and Needle","Toxic Egg 2","Lantern","PreservedInsect","Nuclear Battery","Anchor","CaptainsWheel","Mummified Hand","Tiny Chest","Inserter"],"acts_visited":["Exordium","TheCity","TheBeyond"],"potions_floor_usage":[37],"damage_taken":[{"damage":0.0,"enemies":"Cultist","floor":1.0,"turns":4.0},{"damage":1.0,"enemies":"Small Slimes","floor":4.0,"turns":3.0},{"damage":9.0,"enemies":"Jaw Worm","floor":5.0,"turns":4.0},{"damage":45.0,"enemies":"Gremlin Nob","floor":6.0,"turns":6.0},{"damage":2.0,"enemies":"3 Louse","floor":7.0,"turns":5.0},{"damage":14.0,"enemies":"Lagavulin","floor":8.0,"turns":5.0},{"damage":6.0,"enemies":"2 Fungi Beasts","floor":11.0,"turns":3.0},{"damage":0.0,"enemies":"3 Sentries","floor":13.0,"turns":9.0},{"damage":42.0,"enemies":"Gremlin Nob","floor":14.0,"turns":5.0},{"damage":34.0,"enemies":"Slime Boss","floor":16.0,"turns":7.0},{"damage":18.0,"enemies":"2 Thieves","floor":18.0,"turns":3.0},{"damage":13.0,"enemies":"3 Byrds","floor":22.0,"turns":7.0},{"damage":26.0,"enemies":"Slavers","floor":23.0,"turns":6.0},{"damage":0.0,"enemies":"Book of Stabbing","floor":25.0,"turns":5.0},{"damage":14.0,"enemies":"Snake Plant","floor":27.0,"turns":6.0},{"damage":14.0,"enemies":"3 Cultists","floor":28.0,"turns":4.0},{"damage":0.0,"enemies":"Gremlin Leader","floor":30.0,"turns":4.0},{"damage":9.0,"enemies":"Chosen and Byrds","floor":31.0,"turns":6.0},{"damage":0.0,"enemies":"Champ","floor":33.0,"turns":8.0},{"damage":1.0,"enemies":"3 Shapes","floor":35.0,"turns":5.0},{"damage":78,"enemies":"2 Orb Walkers","floor":37,"turns":7}],"seed_played":"5783523636505839449","potions_obtained":[{"floor":3.0,"key":"Explosive Potion"},{"floor":3.0,"key":"DuplicationPotion"},{"floor":4.0,"key":"Fire Potion"},{"floor":8.0,"key":"Dexterity Potion"},{"floor":13.0,"key":"BlessingOfTheForge"},{"floor":14.0,"key":"FearPotion"},{"floor":22.0,"key":"Swift Potion"},{"floor":25.0,"key":"BlessingOfTheForge"},{"floor":28.0,"key":"Explosive Potion"},{"floor":30.0,"key":"Swift Potion"},{"floor":31.0,"key":"SpeedPotion"},{"floor":35.0,"key":"Dexterity Potion"}],"is_trial":false,"path_per_floor":["M","?","?","M","M","E","M","E","T","R","M","$","?","E","R","B",null,"M","?","?","?","M","E","R","E","T","M","M","$","E","M","R","B",null,"M","?","?"],"character_chosen":"DEFECT","items_purchased":["Aggregate+1","Genetic Algorithm+1","Ball Lightning","Amplify+1","Stack+1","DuplicationPotion"],"campfire_rested":3,"item_purchase_floors":[12,12,29,29,29,29],"current_hp_per_floor":[64,64,64,63,54,16,21,14,14,50,51,51,58,23,59,25,60,42,42,42,42,36,17,53,60,60,53,46,46,53,51,51,65,70,71,71,0,0],"gold":1156,"neow_bonus":"ONE_RANDOM_RARE_CARD","is_daily":false,"chose_seed":false,"campfire_upgraded":1,"win_rate":0.0,"timestamp":1608519774,"path_taken":["M","?","?","M","M","E","M","E","T","R","?","$","?","E","R","BOSS","M","?","?","?","?","E","R","E","T","M","M","?","E","M","R","BOSS","M","?","?"],"items_purchased_type":["Card","Card","Card","Card","Card","Potion"],"build_version":"2020-12-13","purchased_purges":1,"victory":false,"max_hp_per_floor":[71,71,71,71,71,71,71,71,71,71,71,71,71,71,71,71,71,71,71,71,71,71,71,71,71,71,71,71,71,71,71,71,71,71,71,71,71,71],"relic_stats":{"Regal Pillow":45,"Inserter":[6],"counters":[21,112],"Mummified Hand":[66],"Tiny Chest":0,"PreservedInsect":133,"obtain_stats":[{"Regal Pillow":6,"Lantern":13,"Inserter":34,"Thread and Needle":8,"PreservedInsect":14,"Nuclear Battery":17,"Anchor":23,"CaptainsWheel":25,"Mummified Hand":26,"Tiny Chest":30,"Bag of Marbles":2,"Toxic Egg 2":9,"Cracked Core":0},{"Regal Pillow":4,"Lantern":7,"Inserter":19,"Thread and Needle":6,"PreservedInsect":9,"Nuclear Battery":10,"Anchor":13,"CaptainsWheel":14,"Mummified Hand":14,"Tiny Chest":17,"Bag of Marbles":1,"Toxic Egg 2":6,"Cracked Core":0},{"Regal Pillow":17,"Lantern":30,"Inserter":100,"Thread and Needle":27,"PreservedInsect":44,"Nuclear Battery":51,"Anchor":67,"CaptainsWheel":72,"Mummified Hand":72,"Tiny Chest":86,"Bag of Marbles":4,"Toxic Egg 2":27,"Cracked Core":0}]},"card_choices":[{"not_picked":["Coolheaded","Storm"],"picked":"Glacier","floor":1.0},{"not_picked":["Stack","Storm"],"picked":"Defragment","floor":4.0},{"not_picked":["Rebound","Compile Driver"],"picked":"Self Repair","floor":5.0},{"not_picked":["Melter","Leap"],"picked":"Cold Snap","floor":6.0},{"not_picked":["Capacitor","Undo"],"picked":"Defragment","floor":7.0},{"not_picked":["Gash","Scrape"],"picked":"Doom and Gloom","floor":8.0},{"not_picked":["Redo+1","Beam Cell"],"picked":"Heatsinks","floor":11.0},{"not_picked":["Hologram+1","Steam+1"],"picked":"Stack+1","floor":13.0},{"not_picked":["Chill+1","Consume+1"],"picked":"Recycle+1","floor":14.0},{"not_picked":["Buffer","Rainbow+1"],"picked":"Biased Cognition","floor":16.0},{"not_picked":["Gash+1","Steam+1"],"picked":"Double Energy+1","floor":18.0},{"not_picked":["Auto Shields+1","Turbo+1"],"picked":"Hologram+1","floor":22.0},{"not_picked":["Chaos+1","Aggregate+1"],"picked":"Glacier+1","floor":23.0},{"not_picked":["Chill+1","Cold Snap"],"picked":"Darkness+1","floor":25.0},{"not_picked":["Self Repair","Beam Cell+1"],"picked":"Compile Driver","floor":27.0},{"not_picked":["Go for the Eyes","Lockon","Sweeping Beam"],"picked":"SKIP","floor":28.0},{"not_picked":["Undo+1","Hello World"],"picked":"Capacitor","floor":30.0},{"not_picked":["Turbo+1","Loop"],"picked":"Coolheaded+1","floor":31.0},{"not_picked":["Reboot+1","Creative AI"],"picked":"Core Surge","floor":33.0},{"not_picked":["Stack+1","Heatsinks"],"picked":"Reinforced Body+1","floor":35.0}],"player_experience":1092553,"relics_obtained":[{"floor":6.0,"key":"Regal Pillow"},{"floor":8.0,"key":"Thread and Needle"},{"floor":9.0,"key":"Toxic Egg 2"},{"floor":14.0,"key":"PreservedInsect"},{"floor":23.0,"key":"Anchor"},{"floor":25.0,"key":"CaptainsWheel"},{"floor":26.0,"key":"Mummified Hand"},{"floor":30.0,"key":"Tiny Chest"}],"event_choices":[{"damage_healed":0.0,"max_hp_gain":0.0,"max_hp_loss":0.0,"gold_gain":0.0,"event_name":"Big Fish","player_choice":"Box","floor":2.0,"gold_loss":0.0,"damage_taken":0.0,"relics_obtained":["Bag of Marbles"],"cards_obtained":["Regret"]},{"damage_healed":0.0,"max_hp_gain":0.0,"max_hp_loss":0.0,"gold_gain":0.0,"event_name":"Lab","player_choice":"Got Potions","floor":3.0,"gold_loss":0.0,"damage_taken":0.0},{"damage_healed":0.0,"max_hp_gain":0.0,"max_hp_loss":0.0,"gold_gain":30.0,"event_name":"Dead Adventurer","player_choice":"Searched \u00273\u0027 times","floor":13.0,"gold_loss":0.0,"damage_taken":0.0,"relics_obtained":["Lantern"]},{"damage_healed":0.0,"max_hp_gain":0.0,"max_hp_loss":0.0,"gold_gain":0.0,"event_name":"Forgotten Altar","player_choice":"Smashed Altar","floor":19.0,"gold_loss":0.0,"damage_taken":0.0,"cards_obtained":["Decay"]},{"damage_healed":0.0,"max_hp_gain":0.0,"max_hp_loss":0.0,"gold_gain":50.0,"event_name":"Nest","player_choice":"Stole From Cult","floor":20.0,"gold_loss":0.0,"damage_taken":0.0},{"cards_removed":["Decay"],"damage_healed":0.0,"max_hp_gain":0.0,"max_hp_loss":0.0,"gold_gain":0.0,"event_name":"Fountain of Cleansing","player_choice":"Removed Curses","floor":21.0,"gold_loss":0.0,"damage_taken":0.0},{"damage_healed":0.0,"max_hp_gain":0.0,"max_hp_loss":0.0,"gold_gain":999.0,"event_name":"MindBloom","player_choice":"Gold","floor":36.0,"gold_loss":0.0,"damage_taken":0.0,"cards_obtained":["Normality","Normality"]},{"damage_healed":0,"gold_gain":0,"player_choice":"Fight","damage_taken":0,"max_hp_gain":0,"max_hp_loss":0,"event_name":"Mysterious Sphere","floor":37,"gold_loss":0}],"is_beta":false,"boss_relics":[{"not_picked":["Fusion Hammer","Empty Cage"],"picked":"Nuclear Battery"},{"not_picked":["Philosopher\u0027s Stone","FrozenCore"],"picked":"Inserter"}],"items_purged_floors":[12],"is_endless":false,"potions_floor_spawned":[4,5,8,11,13,14,22,25,28,30,31,33,35],"killed_by":"2 Orb Walkers","ascension_level":20}}