{"host":"zhypnm5xlgq8j242","time":1608593201,"event":{"mods":["AchievementEnabler","BaseMod","BetterRewards","Colored Powertips","Hermit","Keyboard Shortcuts","Minty Spire (QoL Compilation)","Quick Restart","Replay The Spire","Shop Mod","StSLib","The Cursed","The Hierophant","The Runesmith"],"gold_per_floor":[110,110,128,147,157,176,176,205,278,296,326,42,59,90,90,90,90],"floor_reached":16,"playtime":703,"items_purged":["Strike_G"],"score":160,"play_id":"1ca98364-da18-446d-9a1f-90b968e36f6c","local_time":"20201222082641","is_ascension_mode":true,"campfire_choices":[{"data":"Well Laid Plans","floor":7,"key":"SMITH"},{"data":"Eviscerate","floor":15,"key":"SMITH"}],"circlet_count":0,"master_deck":["Strike_G","Strike_G","Strike_G","Defend_G","Defend_G","Defend_G","Defend_G+1","Defend_G","Survivor","Neutralize","Backstab","Outmaneuver+1","Well Laid Plans+1","Backstab","Eviscerate+1","Backflip","Escape Plan","Fluid Movement","Heel Hook","Blur"],"relics":["Ring of Chaos","War Paint","Meat on the Bone","Lizard Tail","Membership Card","Juzu Bracelet","Orichalcum"],"acts_visited":["Exordium"],"potions_floor_usage":[6,8,8,16,16],"damage_taken":[{"damage":0,"enemies":"Jaw Worm","floor":1,"turns":5},{"damage":0,"enemies":"2 Louse","floor":3,"turns":2},{"damage":0,"enemies":"Cultist","floor":4,"turns":3},{"damage":13,"enemies":"Exordium Wildlife","floor":5,"turns":4},{"damage":0,"enemies":"2 Fungi Beasts","floor":6,"turns":1},{"damage":5,"enemies":"Gremlin Nob","floor":8,"turns":3},{"damage":8,"enemies":"Blue Slaver","floor":10,"turns":2},{"damage":0,"enemies":"Red Slaver","floor":13,"turns":2},{"damage":14,"enemies":"3 Sentries","floor":14,"turns":9},{"damage":11,"enemies":"Slime Boss","floor":16,"turns":8}],"seed_played":"-3302673432287954093","potions_obtained":[{"floor":1,"key":"Energy Potion"},{"floor":5,"key":"Fire Potion"},{"floor":6,"key":"Swift Potion"},{"floor":10,"key":"SkillPotion"},{"floor":13,"key":"ColorlessPotion"}],"is_trial":false,"path_per_floor":["M","?","M","M","M","M","R","E","T","M","?","$","M","E","R","B"],"character_chosen":"THE_SILENT","items_purchased":["Membership Card","Juzu Bracelet","Fluid Movement"],"campfire_rested":0,"item_purchase_floors":[12,12,12],"current_hp_per_floor":[63,63,63,63,50,50,50,45,45,37,37,37,37,35,35,24,24],"gold":90,"neow_bonus":"BOSS_RELIC","is_daily":false,"chose_seed":false,"campfire_upgraded":2,"win_rate":0.0,"timestamp":1608593201,"path_taken":["M","?","M","M","M","M","R","E","T","M","?","$","M","E","R","BOSS"],"items_purchased_type":["Relic","Relic","Card"],"build_version":"2020-12-13","purchased_purges":1,"victory":false,"max_hp_per_floor":[70,70,70,70,70,70,70,70,70,70,70,70,70,70,70,70,70],"card_choices":[{"not_picked":["Dash","Heel Hook"],"picked":"Backstab","floor":1},{"not_picked":["Bouncing Flask","Skewer"],"picked":"Outmaneuver","floor":3},{"not_picked":["Bouncing Flask","ReplayTheSpireMod:Scrap Shanks"],"picked":"Well Laid Plans","floor":4},{"not_picked":["Cloak And Dagger","Heel Hook"],"picked":"Backstab","floor":5},{"not_picked":["Cloak And Dagger","Choke"],"picked":"Eviscerate","floor":6},{"not_picked":["ReplayTheSpireMod:From All Sides","ReplayTheSpireMod:Shiv Toss"],"picked":"Backflip","floor":8},{"not_picked":["Dodge and Roll","Fluid Movement"],"picked":"Escape Plan","floor":10},{"not_picked":["Outmaneuver","Sucker Punch"],"picked":"Heel Hook","floor":13},{"not_picked":["ReplayTheSpireMod:Speed Training","Deflect"],"picked":"Blur","floor":14}],"player_experience":596832,"relics_obtained":[{"floor":8,"key":"War Paint"},{"floor":9,"key":"Meat on the Bone"},{"floor":14,"key":"Orichalcum"}],"event_choices":[{"cards_removed":["Strike_G"],"damage_healed":0,"gold_gain":0,"player_choice":"Forget","damage_taken":0,"max_hp_gain":0,"max_hp_loss":0,"event_name":"Living Wall","floor":2,"gold_loss":0},{"damage_healed":0,"gold_gain":30,"player_choice":"Searched \u00272\u0027 times","damage_taken":0,"relics_obtained":["Lizard Tail"],"max_hp_gain":0,"max_hp_loss":0,"event_name":"Dead Adventurer","floor":11,"gold_loss":0}],"is_beta":false,"boss_relics":[],"items_purged_floors":[12],"is_endless":false,"potions_floor_spawned":[1,5,6,10,13],"killed_by":"Slime Boss","ascension_level":8}}