{"host":"07ljfmttuzqopd7f","time":1608542478,"event":{"mods":["2.2 Compatiblity","BaseMod","Bestiary","Block Reminder","Colored Map","Colored Powertips","Curses Come First","Hermit","Minty Spire (QoL Compilation)","Quick Restart","Random Character Button","Rare Cards Sparkle","Relic Stats","StSLib","The Cursed","UnlockEverythingMod","everything is the same but u backflip on backflip"],"gold_per_floor":[114,21,41,54,54,85,101,133,158,158,9,9,42,67,67,168,168,199,199,230,263,0,0,0,35,35,150,150,179,139,155,155,254,254,285,73,73,108,108,141,141,171,171,189,189,215,215,215],"floor_reached":49,"playtime":2367,"items_purged":["hermit:Strike_Hermit","hermit:Defend_Hermit"],"score":1130,"play_id":"7d045a18-4673-4f8e-8ab5-e07a9cea9ffe","local_time":"20201221042118","is_ascension_mode":true,"campfire_choices":[{"floor":12,"key":"REST"},{"data":"hermit:EyeOfTheStorm","floor":15,"key":"SMITH"},{"floor":23,"key":"REST"},{"floor":28,"key":"REST"},{"floor":32,"key":"REST"},{"floor":41,"key":"RECALL"},{"floor":45,"key":"REST"}],"circlet_count":0,"master_deck":["hermit:Strike_Hermit","hermit:Strike_Hermit","hermit:Defend_Hermit","hermit:Defend_Hermit","hermit:Snapshot","hermit:Covet","hermit:ShadowCloak","hermit:NoHoldsBarred+1","hermit:Snipe","hermit:Coalescence","hermit:Roulette","hermit:Misfire+1","hermit:PistolWhip+1","hermit:DeadOrAlive","hermit:Glare","hermit:EyeOfTheStorm+1","hermit:FromBeyond+1","hermit:Manifest+1","hermit:LuckOfTheDraw","hermit:Cheat","hermit:Gestalt+1","hermit:Determination","hermit:DeadMansHand+1","hermit:RoundhouseKick","hermit:Virtue+1","Writhe","hermit:Quickdraw+1","Flash of Steel","Pain"],"relics":["Empty Cage","Sundial","Regal Pillow","Nunchaku","Orichalcum","Happy Flower","Fusion Hammer","Membership Card","Whetstone","Matryoshka","Akabeko","hermit:Spyglass","Ginger","Mercury Hourglass","Lizard Tail","Cursed Key","Oddly Smooth Stone","War Paint","Potion Belt","Strawberry","StrikeDummy"],"acts_visited":["Exordium","TheCity","TheBeyond"],"potions_floor_usage":[8,8,16,18,18,21,27,29,31,31,33,33,38,40,42,46],"damage_taken":[{"damage":1,"enemies":"Cultist","floor":1,"turns":3},{"damage":7,"enemies":"Jaw Worm","floor":3,"turns":2},{"damage":0,"enemies":"2 Louse","floor":4,"turns":1},{"damage":24,"enemies":"Lagavulin","floor":6,"turns":5},{"damage":7,"enemies":"Exordium Wildlife","floor":7,"turns":4},{"damage":19,"enemies":"3 Sentries","floor":8,"turns":6},{"damage":5,"enemies":"Looter","floor":13,"turns":2},{"damage":7,"enemies":"Gremlin Nob","floor":14,"turns":3},{"damage":45,"enemies":"Hexaghost","floor":16,"turns":10},{"damage":1,"enemies":"Spheric Guardian","floor":18,"turns":3},{"damage":4,"enemies":"Chosen","floor":20,"turns":6},{"damage":4,"enemies":"3 Cultists","floor":21,"turns":4},{"damage":0,"enemies":"Gremlin Leader","floor":25,"turns":5},{"damage":11,"enemies":"Colosseum Slavers","floor":27,"turns":2},{"damage":17,"enemies":"Colosseum Nobs","floor":27,"turns":5},{"damage":69,"enemies":"Book of Stabbing","floor":29,"turns":6},{"damage":8,"enemies":"Snecko","floor":31,"turns":6},{"damage":2,"enemies":"Collector","floor":33,"turns":7},{"damage":12,"enemies":"3 Darklings","floor":35,"turns":3},{"damage":1,"enemies":"3 Shapes","floor":38,"turns":5},{"damage":5,"enemies":"Giant Head","floor":40,"turns":6},{"damage":11,"enemies":"Nemesis","floor":42,"turns":7},{"damage":24,"enemies":"Sphere and 2 Shapes","floor":44,"turns":3},{"damage":6,"enemies":"Maw","floor":46,"turns":6},{"damage":123,"enemies":"Time Eater","floor":48,"turns":10}],"seed_played":"-1281157720060231986","potions_obtained":[{"floor":1,"key":"Swift Potion"},{"floor":3,"key":"ColorlessPotion"},{"floor":6,"key":"LiquidMemories"},{"floor":13,"key":"Energy Potion"},{"floor":14,"key":"Explosive Potion"},{"floor":16,"key":"AttackPotion"},{"floor":18,"key":"Regen Potion"},{"floor":20,"key":"AttackPotion"},{"floor":30,"key":"AttackPotion"},{"floor":30,"key":"PowerPotion"},{"floor":30,"key":"Energy Potion"},{"floor":31,"key":"Explosive Potion"},{"floor":40,"key":"DuplicationPotion"},{"floor":44,"key":"GamblersBrew"}],"is_trial":false,"path_per_floor":["M","$","M","M","?","E","M","E","T","?","$","R","M","E","R","B",null,"M","?","M","M","$","R","$","E","T","?","R","E","?","M","R","B",null,"M","$","?","M","?","E","R","E","T","M","R","M","?","B",null],"character_chosen":"HERMIT","items_purchased":["hermit:NoHoldsBarred","hermit:Snipe","Orichalcum","Membership Card","Whetstone","Oddly Smooth Stone","DistilledChaos","Fruit Juice"],"campfire_rested":5,"item_purchase_floors":[2,2,11,22,22,36,36,36],"current_hp_per_floor":[67,67,60,60,60,36,29,10,10,35,35,72,67,60,60,15,60,59,59,55,51,51,75,75,75,75,47,75,15,15,7,44,42,67,55,55,74,73,73,73,73,62,69,45,86,80,80,17],"gold":215,"neow_bonus":"BOSS_RELIC","is_daily":false,"chose_seed":false,"campfire_upgraded":1,"win_rate":0.0,"timestamp":1608542478,"path_taken":["M","?","M","?","?","E","M","E","T","?","?","R","M","E","R","BOSS","M","?","?","M","$","R","$","E","T","?","R","E","?","M","R","BOSS","M","$","?","M","?","E","R","E","T","M","R","M","?","BOSS"],"items_purchased_type":["Card","Card","Relic","Relic","Relic","Relic","Potion","Potion"],"build_version":"2020-12-13","purchased_purges":2,"victory":true,"max_hp_per_floor":[75,75,75,75,75,75,75,75,75,75,75,75,75,75,75,75,75,75,75,75,75,75,75,75,75,75,75,75,75,75,75,75,75,75,75,75,75,75,75,80,80,80,87,87,87,87,87,87],"relic_stats":{"Regal Pillow":53,"Happy Flower":[31],"counters":[25,119],"Whetstone":["hermit:Misfire","hermit:PistolWhip"],"Ginger":[9],"Orichalcum":[210],"War Paint":["hermit:FromBeyond","hermit:Gestalt"],"Cursed Key":1,"Mercury Hourglass":[183],"Nunchaku":[19],"Lizard Tail":43,"Sundial":[20],"obtain_stats":[{"Potion Belt":42,"Regal Pillow":8,"Happy Flower":14,"Oddly Smooth Stone":36,"Whetstone":22,"Ginger":27,"Orichalcum":11,"War Paint":40,"Empty Cage":0,"Cursed Key":34,"Akabeko":26,"Mercury Hourglass":27,"Nunchaku":9,"Lizard Tail":29,"Matryoshka":25,"Sundial":6,"Strawberry":43,"Fusion Hammer":17,"Membership Card":22,"StrikeDummy":43,"hermit:Momento":0,"hermit:Spyglass":26},{"Potion Belt":22,"Regal Pillow":6,"Happy Flower":8,"Oddly Smooth Stone":19,"Whetstone":12,"Ginger":15,"Orichalcum":6,"War Paint":21,"Empty Cage":0,"Cursed Key":18,"Akabeko":13,"Mercury Hourglass":15,"Nunchaku":6,"Lizard Tail":16,"Matryoshka":13,"Sundial":4,"Strawberry":22,"Fusion Hammer":9,"Membership Card":12,"StrikeDummy":22,"hermit:Momento":0,"hermit:Spyglass":13},{"Potion Belt":100,"Regal Pillow":21,"Happy Flower":26,"Oddly Smooth Stone":82,"Whetstone":49,"Ginger":61,"Orichalcum":21,"War Paint":93,"Empty Cage":0,"Cursed Key":79,"Akabeko":54,"Mercury Hourglass":61,"Nunchaku":21,"Lizard Tail":66,"Matryoshka":54,"Sundial":11,"Strawberry":100,"Fusion Hammer":36,"Membership Card":49,"StrikeDummy":100,"hermit:Momento":0,"hermit:Spyglass":54}]},"card_choices":[{"not_picked":["hermit:HoleUp","hermit:Deadeye"],"picked":"hermit:ShadowCloak","floor":1},{"not_picked":["hermit:BodyArmor","hermit:LowProfile"],"picked":"hermit:Coalescence","floor":3},{"not_picked":["hermit:Purgatory","hermit:Glare"],"picked":"hermit:Roulette","floor":4},{"not_picked":["hermit:Brawl","hermit:Shortfuse"],"picked":"hermit:Misfire","floor":6},{"not_picked":["hermit:Maintenance","hermit:CalledShot"],"picked":"hermit:PistolWhip","floor":7},{"not_picked":["hermit:TrackingShot","hermit:HighCaliber"],"picked":"hermit:DeadOrAlive","floor":8},{"not_picked":["hermit:TrackingShot","hermit:Ricochet"],"picked":"hermit:Glare","floor":13},{"not_picked":["hermit:Glare","hermit:Coalescence"],"picked":"hermit:EyeOfTheStorm","floor":14},{"not_picked":["hermit:Purgatory","hermit:OverwhelmingPower"],"picked":"hermit:FromBeyond","floor":16},{"not_picked":["hermit:Misfire+1","hermit:WideOpen"],"picked":"hermit:Manifest","floor":18},{"not_picked":["hermit:Desperado","hermit:Glare"],"picked":"hermit:LuckOfTheDraw","floor":20},{"not_picked":["hermit:HoleUp+1","hermit:CursedWeapon+1","hermit:Feint"],"picked":"SKIP","floor":21},{"not_picked":["hermit:Combo","hermit:Vantage+1"],"picked":"hermit:Cheat","floor":25},{"not_picked":["hermit:Grudge","hermit:Scavenge"],"picked":"hermit:Gestalt","floor":27},{"not_picked":["hermit:Horror+1","hermit:Coalescence+1"],"picked":"hermit:Determination","floor":29},{"not_picked":["hermit:Ricochet","hermit:Desperado"],"picked":"hermit:DeadMansHand+1","floor":31},{"not_picked":["hermit:Gambit","hermit:BlackWind"],"picked":"hermit:RoundhouseKick","floor":33},{"not_picked":["hermit:Ricochet+1","hermit:ItchyTrigger"],"picked":"hermit:Virtue+1","floor":35},{"not_picked":["hermit:HoleUp","hermit:Headshot+1"],"picked":"hermit:Quickdraw+1","floor":38},{"not_picked":["Panache","Dark Shackles"],"picked":"Flash of Steel","floor":39},{"not_picked":["hermit:TrackingShot+1","hermit:ItchyTrigger","hermit:Glare"],"picked":"SKIP","floor":40},{"not_picked":["hermit:CalledShot","hermit:LuckOfTheDraw","hermit:HighNoon"],"picked":"SKIP","floor":42},{"not_picked":["hermit:CalledShot+1","hermit:Desperado+1","hermit:TakeAim"],"picked":"SKIP","floor":44},{"not_picked":["hermit:LowProfile+1","hermit:ItchyTrigger","hermit:Scavenge"],"picked":"SKIP","floor":46}],"player_experience":444848,"relics_obtained":[{"floor":6,"key":"Sundial"},{"floor":8,"key":"Regal Pillow"},{"floor":9,"key":"Nunchaku"},{"floor":14,"key":"Happy Flower"},{"floor":25,"key":"Matryoshka"},{"floor":26,"key":"Akabeko"},{"floor":26,"key":"hermit:Spyglass"},{"floor":27,"key":"Ginger"},{"floor":27,"key":"Mercury Hourglass"},{"floor":29,"key":"Lizard Tail"},{"floor":40,"key":"War Paint"},{"floor":42,"key":"Potion Belt"},{"floor":43,"key":"Strawberry"},{"floor":43,"key":"StrikeDummy"}],"event_choices":[{"damage_healed":0,"gold_gain":0,"player_choice":"Grow","damage_taken":0,"max_hp_gain":0,"max_hp_loss":0,"event_name":"Living Wall","floor":5,"gold_loss":0,"cards_upgraded":["hermit:NoHoldsBarred"]},{"damage_healed":25,"gold_gain":0,"player_choice":"Banana","damage_taken":0,"max_hp_gain":0,"max_hp_loss":0,"event_name":"Big Fish","floor":10,"gold_loss":0},{"damage_healed":0,"gold_gain":0,"player_choice":"Upgraded","damage_taken":0,"max_hp_gain":0,"max_hp_loss":0,"event_name":"Upgrade Shrine","floor":19,"gold_loss":0,"cards_upgraded":["hermit:Manifest"]},{"damage_healed":0,"gold_gain":0,"player_choice":"Fight","damage_taken":0,"max_hp_gain":0,"max_hp_loss":0,"event_name":"Colosseum","floor":27,"gold_loss":0},{"damage_healed":0,"gold_gain":0,"player_choice":"Fought Nobs","damage_taken":0,"max_hp_gain":0,"max_hp_loss":0,"event_name":"Colosseum","floor":27,"gold_loss":0},{"damage_healed":0,"gold_gain":0,"player_choice":"Bought 3 Potions","damage_taken":0,"max_hp_gain":0,"max_hp_loss":0,"event_name":"The Woman in Blue","floor":30,"gold_loss":0},{"damage_healed":19,"gold_gain":0,"player_choice":"Writhe","damage_taken":0,"max_hp_gain":0,"max_hp_loss":0,"event_name":"Winding Halls","floor":37,"gold_loss":0,"cards_obtained":["Writhe"]},{"damage_healed":0,"gold_gain":0,"player_choice":"Memory 1","damage_taken":0,"max_hp_gain":0,"max_hp_loss":0,"event_name":"SensoryStone","floor":39,"gold_loss":0},{"damage_healed":0,"gold_gain":0,"player_choice":"Took Portal","damage_taken":0,"max_hp_gain":0,"max_hp_loss":0,"event_name":"SecretPortal","floor":47,"gold_loss":0}],"is_beta":false,"boss_relics":[{"not_picked":["Calling Bell","Philosopher\u0027s Stone"],"picked":"Fusion Hammer"},{"not_picked":["Tiny House","SacredBark"],"picked":"Cursed Key"}],"items_purged_floors":[22,36],"is_endless":false,"potions_floor_spawned":[1,3,6,13,14,16,18,20,31,40,44],"ascension_level":7}}