{"host":"78zdngn0u28jm0pp","time":1608522360,"event":{"mods":["BaseMod","Jorbs\u0027s Wanderer Trilogy","Minty Spire (QoL Compilation)","Permanent Neow","Quick Restart","Relic Stats","StSLib","Unceasing Turn Reminder"],"gold_per_floor":[119,16,16,29,29,58,68,68,68,109,133,145,157,184,196,284,296,322,348,450,52,65,65,100,120,120,120,132,160,160,172,172,172,172],"floor_reached":33,"playtime":1295,"items_purged":["Strike_G"],"score":694,"play_id":"a618eccb-d760-46b4-b27c-4ede13e7ea6b","local_time":"20201220204600","is_ascension_mode":true,"campfire_choices":[{"data":"Corpse Explosion","floor":8,"key":"SMITH"},{"data":"Calculated Gamble","floor":12,"key":"SMITH"},{"data":"Noxious Fumes","floor":15,"key":"SMITH"},{"floor":23,"key":"REST"},{"floor":27,"key":"REST"},{"floor":30,"key":"REST"},{"floor":32,"key":"REST"}],"circlet_count":0,"master_deck":["AscendersBane","Strike_G","Strike_G","Strike_G","Defend_G","Defend_G","Defend_G","Defend_G","Defend_G","Survivor","Neutralize+1","Flying Knee","Backstab","PiercingWail","Noxious Fumes+1","Blade Dance","Corpse Explosion+1","Calculated Gamble+1","Reflex","Dash","Unload","Leg Sweep","Blade Dance","Sadistic Nature","Footwork","Acrobatics","Dagger Throw+1","Slice","Bouncing Flask","After Image+1"],"relics":["Ring of the Snake","NeowsBlessing","Bottled Flame","MawBank","The Courier","Paper Crane","Philosopher\u0027s Stone","Sling","Bronze Scales","Frozen Egg 2","Blue Candle"],"acts_visited":["Exordium","TheCity"],"potions_floor_usage":[10,24,24,29],"damage_taken":[{"damage":0,"enemies":"Small Slimes","floor":1,"turns":1},{"damage":0,"enemies":"Cultist","floor":4,"turns":1},{"damage":0,"enemies":"3 Sentries","floor":6,"turns":1},{"damage":1,"enemies":"2 Louse","floor":7,"turns":2},{"damage":20,"enemies":"Lagavulin","floor":10,"turns":5},{"damage":7,"enemies":"Red Slaver","floor":11,"turns":3},{"damage":3,"enemies":"Looter","floor":14,"turns":3},{"damage":10,"enemies":"Hexaghost","floor":16,"turns":9},{"damage":9,"enemies":"2 Thieves","floor":18,"turns":2},{"damage":2,"enemies":"Chosen","floor":19,"turns":4},{"damage":2,"enemies":"3 Cultists","floor":22,"turns":3},{"damage":23,"enemies":"Slavers","floor":24,"turns":5},{"damage":20,"enemies":"Snake Plant","floor":25,"turns":4},{"damage":17,"enemies":"Sentry and Sphere","floor":28,"turns":4},{"damage":0,"enemies":"Gremlin Leader","floor":29,"turns":6},{"damage":0,"enemies":"3 Cultists","floor":31,"turns":2},{"damage":51,"enemies":"Champ","floor":33,"turns":11}],"seed_played":"1187853720190130978","potions_obtained":[{"floor":7,"key":"AttackPotion"},{"floor":10,"key":"GamblersBrew"},{"floor":16,"key":"FearPotion"},{"floor":19,"key":"CultistPotion"},{"floor":25,"key":"Strength Potion"}],"is_trial":false,"path_per_floor":["M","$","?","M","?","E","M","R","T","E","M","R","?","M","R","B",null,"M","M","?","$","M","R","E","M","T","R","M","E","R","M","R","B"],"character_chosen":"THE_SILENT","items_purchased":["Backstab","PiercingWail","Sadistic Nature","Footwork","Sling"],"campfire_rested":4,"item_purchase_floors":[2,2,21,21,21],"current_hp_per_floor":[59,59,59,59,59,59,58,58,58,38,31,31,31,28,28,18,54,45,43,31,31,29,48,25,5,5,24,7,7,26,26,45,0,0],"gold":172,"neow_bonus":"THREE_ENEMY_KILL","is_daily":false,"chose_seed":false,"campfire_upgraded":3,"win_rate":0.0,"timestamp":1608522360,"path_taken":["M","$","?","?","?","E","?","R","T","E","M","R","?","M","R","BOSS","M","?","?","$","M","R","E","?","T","R","M","E","R","M","R","BOSS"],"items_purchased_type":["Card","Card","Card","Card","Relic"],"build_version":"2020-12-13","purchased_purges":1,"victory":false,"max_hp_per_floor":[66,66,66,66,66,66,66,66,66,66,66,66,66,66,66,66,66,66,66,66,66,66,66,66,66,66,66,66,66,66,66,66,66,66],"relic_stats":{"counters":[17,66],"Bronze Scales":[61],"Blue Candle":[1],"MawBank":144,"obtain_stats":[{"Bottled Flame":6,"NeowsBlessing":0,"Bronze Scales":24,"Blue Candle":29,"Philosopher\u0027s Stone":17,"The Courier":10,"Paper Crane":13,"Frozen Egg 2":26,"MawBank":9,"Sling":21,"Ring of the Snake":0},{"Bottled Flame":3,"NeowsBlessing":0,"Bronze Scales":12,"Blue Candle":15,"Philosopher\u0027s Stone":8,"The Courier":5,"Paper Crane":6,"Frozen Egg 2":13,"MawBank":4,"Sling":10,"Ring of the Snake":0},{"Bottled Flame":3,"NeowsBlessing":0,"Bronze Scales":39,"Blue Candle":53,"Philosopher\u0027s Stone":25,"The Courier":10,"Paper Crane":13,"Frozen Egg 2":43,"MawBank":5,"Sling":31,"Ring of the Snake":0}],"Ring of the Snake":[34]},"card_choices":[{"not_picked":["Acrobatics","Riddle With Holes"],"picked":"Flying Knee","floor":1},{"not_picked":["Outmaneuver","Dodge and Roll"],"picked":"Noxious Fumes","floor":4},{"not_picked":["Riddle With Holes","Quick Slash"],"picked":"Blade Dance","floor":6},{"not_picked":["Cloak And Dagger","Setup"],"picked":"Corpse Explosion","floor":7},{"not_picked":["Dagger Spray","Sucker Punch"],"picked":"Calculated Gamble","floor":10},{"not_picked":["Dodge and Roll","Cloak And Dagger"],"picked":"Reflex","floor":11},{"not_picked":["Eviscerate","PiercingWail"],"picked":"Dash","floor":14},{"not_picked":["Burst","A Thousand Cuts"],"picked":"Unload","floor":16},{"not_picked":["Slice","Bouncing Flask"],"picked":"Leg Sweep","floor":18},{"not_picked":["Deadly Poison","Calculated Gamble"],"picked":"Blade Dance","floor":19},{"not_picked":["Infinite Blades","Cloak And Dagger"],"picked":"Acrobatics","floor":22},{"not_picked":["Well Laid Plans","Outmaneuver","Cloak And Dagger"],"picked":"SKIP","floor":24},{"not_picked":["Outmaneuver","Reflex"],"picked":"Dagger Throw+1","floor":25},{"not_picked":["Blade Dance","Infinite Blades+1"],"picked":"Slice","floor":28},{"not_picked":["Quick Slash","Flying Knee"],"picked":"Bouncing Flask","floor":29},{"not_picked":["Acrobatics","Crippling Poison"],"picked":"After Image+1","floor":31}],"player_experience":660567,"relics_obtained":[{"floor":6,"key":"Bottled Flame"},{"floor":9,"key":"MawBank"},{"floor":10,"key":"The Courier"},{"floor":24,"key":"Bronze Scales"},{"floor":26,"key":"Frozen Egg 2"},{"floor":29,"key":"Blue Candle"}],"event_choices":[{"damage_healed":0,"gold_gain":0,"player_choice":"Upgraded","damage_taken":0,"max_hp_gain":0,"max_hp_loss":0,"event_name":"Upgrade Shrine","floor":3,"gold_loss":0,"cards_upgraded":["Neutralize"]},{"cards_removed":["Strike_G"],"damage_healed":0,"gold_gain":0,"player_choice":"Offered Basic","damage_taken":0,"max_hp_gain":0,"max_hp_loss":0,"event_name":"Bonfire Elementals","floor":5,"gold_loss":0},{"damage_healed":0,"gold_gain":0,"player_choice":"Gave Potion","damage_taken":0,"relics_obtained":["Paper Crane"],"max_hp_gain":0,"max_hp_loss":0,"event_name":"WeMeetAgain","floor":13,"gold_loss":0},{"damage_healed":0,"gold_gain":90,"player_choice":"GOLD ","damage_taken":12,"max_hp_gain":0,"max_hp_loss":0,"event_name":"Knowing Skull","floor":20,"potions_obtained":[],"gold_loss":0,"cards_obtained":[]}],"is_beta":false,"boss_relics":[{"not_picked":["Fusion Hammer","WristBlade"],"picked":"Philosopher\u0027s Stone"}],"items_purged_floors":[21],"is_endless":false,"potions_floor_spawned":[7,10,16,19,25],"killed_by":"Champ","ascension_level":20}}