{"host":"do5be0rrwzdbe7ng","time":1608534240,"event":{"mods":["AchievementEnabler","BaseMod","Colored Map","Colored Powertips","Custom Start","DeckTracker","Keyboard Shortcuts","Minty Spire (QoL Compilation)","Quick Restart","StSLib","SuperFastMode","everything is the same but u backflip on backflip"],"gold_per_floor":[119,136,136,61,61,87,106,140,165,198,198,225,225,236,236,236,236],"floor_reached":16,"playtime":600,"items_purged":["Strike_G"],"score":306,"play_id":"823cf788-8917-44da-815b-af0508505d17","local_time":"20201221160400","is_ascension_mode":true,"campfire_choices":[{"data":"Bouncing Flask","floor":11.0,"key":"SMITH"},{"data":"Cloak And Dagger","floor":13.0,"key":"SMITH"},{"floor":15,"key":"REST"}],"circlet_count":0,"master_deck":["AscendersBane","Strike_G","Strike_G","Strike_G","Defend_G","Defend_G","Defend_G","Defend_G","Defend_G","Survivor","Neutralize","Blade Dance","Leg Sweep","Bouncing Flask+1","Backflip","Cloak And Dagger+1","Blur"],"relics":["Ring of the Snake","NeowsBlessing","PreservedInsect","Snake Skull","Matryoshka","Letter Opener","Strawberry","Tiny Chest","Akabeko"],"acts_visited":["Exordium"],"potions_floor_usage":[16],"damage_taken":[{"damage":0.0,"enemies":"Small Slimes","floor":1.0,"turns":1.0},{"damage":0.0,"enemies":"Jaw Worm","floor":2.0,"turns":1.0},{"damage":0.0,"enemies":"Gremlin Nob","floor":6.0,"turns":1.0},{"damage":1.0,"enemies":"Cultist","floor":7.0,"turns":3.0},{"damage":10.0,"enemies":"Lagavulin","floor":8.0,"turns":5.0},{"damage":6.0,"enemies":"Gremlin Nob","floor":10.0,"turns":3.0},{"damage":5.0,"enemies":"3 Sentries","floor":12.0,"turns":7.0},{"damage":9.0,"enemies":"Large Slime","floor":14.0,"turns":8.0},{"damage":28,"enemies":"Slime Boss","floor":16,"turns":8}],"seed_played":"-7163232240683692390","potions_obtained":[{"floor":2.0,"key":"EssenceOfSteel"},{"floor":6.0,"key":"Strength Potion"},{"floor":14.0,"key":"Block Potion"}],"is_trial":false,"path_per_floor":["M","M","?","$","?","E","M","E","T","E","R","E","R","M","R","B"],"character_chosen":"THE_SILENT","items_purchased":[],"campfire_rested":1,"item_purchase_floors":[],"current_hp_per_floor":[59,59,41,41,34,34,33,23,30,24,24,19,19,10,31,3,3],"gold":236,"neow_bonus":"THREE_ENEMY_KILL","is_daily":false,"chose_seed":false,"campfire_upgraded":2,"win_rate":0.0,"timestamp":1608534240,"path_taken":["M","M","?","$","?","E","?","E","T","E","R","E","R","M","R","BOSS"],"items_purchased_type":[],"build_version":"2020-12-13","purchased_purges":1,"victory":false,"max_hp_per_floor":[66,66,66,66,66,66,66,66,73,73,73,73,73,73,73,73,73],"card_choices":[{"not_picked":["Underhanded Strike","Dagger Spray"],"picked":"Blade Dance","floor":1.0},{"not_picked":["Backstab","Deadly Poison"],"picked":"Leg Sweep","floor":2.0},{"not_picked":["Tactician","Flying Knee"],"picked":"Bouncing Flask","floor":6.0},{"not_picked":["Flying Knee","Poisoned Stab"],"picked":"Backflip","floor":7.0},{"not_picked":["Flying Knee","Dash"],"picked":"Cloak And Dagger","floor":8.0},{"not_picked":["Outmaneuver","Tools of the Trade","Dodge and Roll"],"picked":"SKIP","floor":10.0},{"not_picked":["Riddle With Holes","Expertise","Bouncing Flask"],"picked":"SKIP","floor":12.0},{"not_picked":["Outmaneuver","Blade Dance"],"picked":"Blur","floor":14.0}],"player_experience":349058,"relics_obtained":[{"floor":6.0,"key":"Snake Skull"},{"floor":8.0,"key":"Matryoshka"},{"floor":9.0,"key":"Letter Opener"},{"floor":9.0,"key":"Strawberry"},{"floor":10.0,"key":"Tiny Chest"},{"floor":12.0,"key":"Akabeko"}],"event_choices":[{"damage_healed":0.0,"max_hp_gain":0.0,"max_hp_loss":0.0,"gold_gain":0.0,"event_name":"Scrap Ooze","player_choice":"Success","floor":3.0,"gold_loss":0.0,"damage_taken":18.0,"relics_obtained":["PreservedInsect"]},{"cards_removed":["Strike_G"],"damage_healed":0.0,"max_hp_gain":0.0,"max_hp_loss":0.0,"gold_gain":0.0,"event_name":"Golden Wing","player_choice":"Card Removal","floor":5.0,"gold_loss":0.0,"damage_taken":7.0}],"is_beta":false,"boss_relics":[],"items_purged_floors":[4],"is_endless":false,"potions_floor_spawned":[2,6,7,14],"killed_by":"Slime Boss","ascension_level":20}}