{"host":"baymyijz6sxaqj5s","time":1608565082,"event":{"mods":["AchievementEnabler","BaseMod","Colored Map","Colored Powertips","DeckTracker","KOR Keyword Fix","Keyboard Shortcuts","Minty Spire (QoL Compilation)","Quick Restart","StSLib","SuperFastMode"],"gold_per_floor":[114,134,148,148,166,166,183,203,230,260,273,293,293,305,305,410,410,350,350],"floor_reached":18,"playtime":554,"items_purged":[],"score":168,"play_id":"59bd001f-db8d-4828-9888-2ee0e6984ddf","local_time":"20201222003802","is_ascension_mode":false,"campfire_choices":[{"data":"Body Slam","floor":6,"key":"SMITH"},{"floor":13,"key":"REST"},{"data":"Shrug It Off","floor":15,"key":"SMITH"}],"circlet_count":0,"master_deck":["Strike_R","Strike_R","Strike_R","Strike_R","Strike_R","Defend_R","Defend_R","Defend_R","Defend_R","Bash","Thunderclap","Armaments","Body Slam+1","Twin Strike","Cleave","Headbutt","Shrug It Off+1","Heavy Blade","Reaper"],"relics":["Burning Blood","Tiny Chest","Letter Opener","SlaversCollar"],"acts_visited":["Exordium","TheCity"],"potions_floor_usage":[10,10,16,16],"damage_taken":[{"damage":1,"enemies":"Cultist","floor":1,"turns":4},{"damage":4,"enemies":"2 Louse","floor":2,"turns":4},{"damage":0,"enemies":"Small Slimes","floor":3,"turns":3},{"damage":2,"enemies":"3 Louse","floor":5,"turns":5},{"damage":10,"enemies":"Large Slime","floor":7,"turns":7},{"damage":4,"enemies":"2 Fungi Beasts","floor":8,"turns":3},{"damage":27,"enemies":"Lagavulin","floor":10,"turns":4},{"damage":16,"enemies":"Exordium Thugs","floor":11,"turns":5},{"damage":3,"enemies":"Large Slime","floor":12,"turns":8},{"damage":15,"enemies":"Looter","floor":14,"turns":3},{"damage":48,"enemies":"Hexaghost","floor":16,"turns":10},{"damage":25,"enemies":"2 Thieves","floor":18,"turns":3}],"seed_played":"9148551440923186181","potions_obtained":[{"floor":1,"key":"PowerPotion"},{"floor":8,"key":"Energy Potion"},{"floor":10,"key":"Weak Potion"},{"floor":11,"key":"LiquidBronze"}],"is_trial":false,"path_per_floor":["M","M","M","?","M","R","M","M","T","E","M","M","R","M","R","B",null,"M"],"character_chosen":"IRONCLAD","items_purchased":[],"campfire_rested":1,"item_purchase_floors":[],"current_hp_per_floor":[88,88,88,88,88,88,84,86,86,65,55,58,84,75,75,37,88,63,63],"gold":350,"neow_bonus":"TEN_PERCENT_HP_BONUS","is_daily":false,"chose_seed":false,"campfire_upgraded":2,"win_rate":0.0,"timestamp":1608565082,"path_taken":["M","M","M","?","M","R","M","M","T","E","M","M","R","?","R","BOSS","M"],"items_purchased_type":[],"build_version":"2020-12-13","purchased_purges":0,"victory":false,"max_hp_per_floor":[88,88,88,88,88,88,88,88,88,88,88,88,88,88,88,88,88,88,88],"card_choices":[{"not_picked":["Rampage","Feel No Pain"],"picked":"Thunderclap","floor":1},{"not_picked":["Havoc","Perfected Strike"],"picked":"Armaments","floor":2},{"not_picked":["Thunderclap","Seeing Red"],"picked":"Body Slam","floor":3},{"not_picked":["Clash","Warcry"],"picked":"Twin Strike","floor":5},{"not_picked":["Shockwave","Burning Pact"],"picked":"Cleave","floor":7},{"not_picked":["Juggernaut","Clothesline"],"picked":"Headbutt","floor":8},{"not_picked":["Rage","Heavy Blade"],"picked":"Shrug It Off","floor":10},{"not_picked":["Clash","Wild Strike"],"picked":"Heavy Blade","floor":11},{"not_picked":["Evolve","Dark Embrace"],"picked":"Reaper","floor":12},{"not_picked":["Clothesline","Clash","Shrug It Off"],"picked":"SKIP","floor":14}],"player_experience":171585,"relics_obtained":[{"floor":9,"key":"Tiny Chest"},{"floor":10,"key":"Letter Opener"}],"event_choices":[{"damage_healed":0,"gold_gain":0,"player_choice":"0 cards matched","damage_taken":0,"max_hp_gain":0,"max_hp_loss":0,"event_name":"Match and Keep!","floor":4,"gold_loss":0,"cards_obtained":[]}],"is_beta":false,"boss_relics":[{"not_picked":["Velvet Choker","Busted Crown"],"picked":"SlaversCollar"}],"items_purged_floors":[],"is_endless":false,"potions_floor_spawned":[1,8,10,11],"killed_by":"2 Thieves","ascension_level":0}}