{"host":"d8hh7rr4yzitjeuj","time":1608523712,"event":{"mods":["2.2 Compatiblity","AchievementEnabler","BaseMod","CapriCore","Colored Map","Colored Powertips","Highlight Path","Keyboard Shortcuts","Marisa£¨Ùöéë¡¡Øª×âÞÞ£©","Minty Spire (QoL Compilation)","Permanent Neow","Quick Restart","StSLib","SuperFastMode"],"gold_per_floor":[18,33,49,60,160,194,194,214,214,214,240,97,131,16,16,141,141,186,211,236,236,273,273,342,342,342,342,243,299,48,112,112,232,232,299,299,299],"floor_reached":36,"playtime":2078,"items_purged":["Strike_MRS","Normality"],"score":555,"play_id":"bebeabbc-3c6e-43d0-8ad7-056ed7eed80a","local_time":"20201221130832","is_ascension_mode":true,"campfire_choices":[{"data":"Apotheosis","floor":7.0,"key":"SMITH"},{"floor":10.0,"key":"REST"},{"data":"EnergyFlow","floor":15.0,"key":"SMITH"},{"floor":23.0,"key":"REST"},{"floor":25.0,"key":"REST"},{"floor":27.0,"key":"REST"},{"data":"OrrerysSun","floor":32.0,"key":"SMITH"}],"circlet_count":0,"master_deck":["Strike_MRS","Strike_MRS","Strike_MRS","Defend_MRS","Defend_MRS","Defend_MRS","Defend_MRS","MasterSpark","UpSweep","Apotheosis+1","OrrerysSun+1","DoubleSpark","Acceleration","MilkyWay","EnergyFlow+1","TreasureHunter","WitchOfGreed","Parasite","Parasite","BigCrunch","PulseMagic","WitchOfGreed+1","OrrerysSun+1","RefractionSpark","Singularity+1","Shame","MysteriousBeam+1","Acceleration","PowerUp","CurseOfTheBell","UnstableBomb+1"],"relics":["MiniHakkero","MealTicket","Sundial","Calipers","The Courier","Dream Catcher","ShroomBag","Cursed Key","Frozen Egg 2","Molten Egg 2","Gambling Chip","Calling Bell","Centennial Puzzle","Ornamental Fan","Pocketwatch"],"acts_visited":["Exordium","TheCity","TheBeyond"],"potions_floor_usage":[36,36],"damage_taken":[{"damage":2.0,"enemies":"2 Louse","floor":1.0,"turns":3.0},{"damage":1.0,"enemies":"Cultist","floor":2.0,"turns":3.0},{"damage":0.0,"enemies":"Small Slimes","floor":3.0,"turns":3.0},{"damage":28.0,"enemies":"Exordium Wildlife","floor":4.0,"turns":5.0},{"damage":6.0,"enemies":"Lagavulin","floor":6.0,"turns":7.0},{"damage":15.0,"enemies":"Large Slime","floor":8.0,"turns":5.0},{"damage":9.0,"enemies":"3 Sentries","floor":11.0,"turns":7.0},{"damage":32.0,"enemies":"Gremlin Nob","floor":13.0,"turns":5.0},{"damage":18.0,"enemies":"Slime Boss","floor":16.0,"turns":8.0},{"damage":4.0,"enemies":"Spheric Guardian","floor":18.0,"turns":4.0},{"damage":27.0,"enemies":"Shell Parasite","floor":19.0,"turns":6.0},{"damage":27.0,"enemies":"Sentry and Sphere","floor":20.0,"turns":4.0},{"damage":10.0,"enemies":"Shelled Parasite and Fungi","floor":22.0,"turns":3.0},{"damage":24.0,"enemies":"3 Cultists","floor":24.0,"turns":5.0},{"damage":10.0,"enemies":"Centurion and Healer","floor":29.0,"turns":6.0},{"damage":13.0,"enemies":"Cultist and Chosen","floor":31.0,"turns":4.0},{"damage":8.0,"enemies":"Collector","floor":33.0,"turns":5.0},{"damage":25,"enemies":"Orb Walker","floor":35,"turns":4},{"damage":58,"enemies":"2 Orb Walkers","floor":36,"turns":4}],"seed_played":"7580487097739556932","potions_obtained":[{"floor":2.0,"key":"ColorlessPotion"},{"floor":4.0,"key":"StarNLove"},{"floor":8.0,"key":"SteroidPotion"},{"floor":16.0,"key":"Ancient Potion"},{"floor":16.0,"key":"GamblersBrew"},{"floor":18.0,"key":"SkillPotion"},{"floor":19.0,"key":"SpeedPotion"},{"floor":19.0,"key":"SkillPotion"},{"floor":22.0,"key":"GamblersBrew"},{"floor":24.0,"key":"BottledSpark"},{"floor":24.0,"key":"PowerPotion"},{"floor":29.0,"key":"SkillPotion"},{"floor":33.0,"key":"Strength Potion"},{"floor":35,"key":"FearPotion"},{"floor":35,"key":"Swift Potion"},{"floor":35,"key":"Ancient Potion"}],"is_trial":false,"path_per_floor":["M","M","M","M","?","E","R","M","T","R","E","$","E","$","R","B",null,"M","M","M","T","M","R","M","R","T","R","$","M","$","M","R","B",null,"M","?"],"character_chosen":"MARISA","items_purchased":["TreasureHunter","ShroomBag","Acceleration","Gambling Chip"],"campfire_rested":4,"item_purchase_floors":[12,14,28,30],"current_hp_per_floor":[66,65,65,37,37,31,31,16,16,38,29,44,12,27,27,13,60,60,37,12,12,4,26,6,28,28,50,65,59,74,65,65,61,72,51,0,0],"gold":299,"neow_bonus":"RANDOM_COLORLESS_2","is_daily":false,"chose_seed":false,"campfire_upgraded":3,"win_rate":0.0,"timestamp":1608523712,"path_taken":["M","M","M","M","?","E","R","M","T","R","E","$","E","$","R","BOSS","M","M","?","?","M","R","M","R","T","R","$","M","$","M","R","BOSS","M","?"],"items_purchased_type":["Card","Relic","Card","Relic"],"build_version":"2020-12-13","purchased_purges":2,"victory":false,"max_hp_per_floor":[75,75,75,75,75,75,75,75,75,75,75,75,75,75,75,75,75,75,75,75,75,75,75,75,75,75,75,75,75,75,75,75,75,75,75,75,75],"card_choices":[{"not_picked":["Secret Technique","The Bomb"],"picked":"Apotheosis","floor":0.0},{"not_picked":["DC","GravityBeat"],"picked":"OrrerysSun","floor":1.0},{"not_picked":["StarBarrage","NonDirectionalLaser"],"picked":"DoubleSpark","floor":2.0},{"not_picked":["GalacticHalo","ShootingEcho","ManaConvection"],"picked":"SKIP","floor":3.0},{"not_picked":["LuminesStrike","UnstableBomb"],"picked":"Acceleration","floor":4.0},{"not_picked":["ManaConvection","CollectingQuirk"],"picked":"MilkyWay","floor":6.0},{"not_picked":["GalacticHalo","MilkyWay"],"picked":"EnergyFlow","floor":8.0},{"not_picked":["Occultation","Singularity","SporeBomb"],"picked":"SKIP","floor":11.0},{"not_picked":["MagicChant","SporeBomb"],"picked":"WitchOfGreed","floor":13.0},{"not_picked":["SatelliteIllusion","SuperNova"],"picked":"BigCrunch","floor":16.0},{"not_picked":["ShootingEcho+1","LuminesStrike"],"picked":"PulseMagic","floor":18.0},{"not_picked":["GrandCross","WitchOfGreed","StarBarrage"],"picked":"SKIP","floor":19.0},{"not_picked":["Acceleration","MilkyWay"],"picked":"WitchOfGreed+1","floor":20.0},{"not_picked":["IllusionStar","DoubleSpark+1"],"picked":"OrrerysSun+1","floor":22.0},{"not_picked":["DragonMeteor","BlazingStar"],"picked":"RefractionSpark","floor":23.0},{"not_picked":["DragonMeteor+1","6A"],"picked":"Singularity+1","floor":24.0},{"not_picked":["UnstableBomb+1","StarBarrage+1"],"picked":"MysteriousBeam+1","floor":27.0},{"not_picked":["DeepEcoloBomb+1","GrandCross+1","GalacticHalo"],"picked":"SKIP","floor":29.0},{"not_picked":["DeepEcoloBomb+1","GrandCross+1","GalacticHalo"],"picked":"SKIP","floor":29.0},{"not_picked":["UltimateShortwave","NonDirectionalLaser+1"],"picked":"PowerUp","floor":31.0},{"not_picked":["WitchOfGreed+1","IllusionStar"],"picked":"UnstableBomb+1","floor":35}],"player_experience":1418304,"relics_obtained":[{"floor":6.0,"key":"MealTicket"},{"floor":9.0,"key":"Sundial"},{"floor":11.0,"key":"Calipers"},{"floor":13.0,"key":"The Courier"},{"floor":13.0,"key":"Dream Catcher"},{"floor":21.0,"key":"Frozen Egg 2"},{"floor":26.0,"key":"Molten Egg 2"},{"floor":34.0,"key":"Centennial Puzzle"},{"floor":34.0,"key":"Ornamental Fan"},{"floor":34.0,"key":"Pocketwatch"}],"event_choices":[{"damage_healed":0.0,"max_hp_gain":0.0,"max_hp_loss":0.0,"gold_gain":100.0,"event_name":"Wheel of Change","player_choice":"Gold","floor":5.0,"gold_loss":0.0,"damage_taken":0.0},{"damage_healed":0,"gold_gain":0,"player_choice":"Fight","damage_taken":0,"max_hp_gain":0,"max_hp_loss":0,"event_name":"Mysterious Sphere","floor":36,"gold_loss":0}],"is_beta":false,"boss_relics":[{"not_picked":["Empty Cage","Pandora\u0027s Box"],"picked":"Cursed Key"},{"not_picked":["Black Star","Snecko Eye"],"picked":"Calling Bell"}],"items_purged_floors":[12,28],"is_endless":false,"potions_floor_spawned":[2,4,8,16,18,19,24,35],"killed_by":"2 Orb Walkers","ascension_level":7}}