{"host":"3jjxuhjpio8e4zkv","time":1608509547,"event":{"mods":["BaseMod","Colored Map","Minty Spire (QoL Compilation)","Permanent Neow","Relic Stats","Slay the Relics Exporter","StSLib"],"gold_per_floor":[112,129,179,198,198,210,238,238,238,238,238,262,262,275,275,275,275],"floor_reached":16,"playtime":611,"items_purged":[],"score":204,"play_id":"2a0c7b9b-0dda-412b-b8ba-a1b9e554d715","local_time":"20201220191227","is_ascension_mode":true,"campfire_choices":[{"floor":10,"key":"REST"},{"floor":13,"key":"REST"},{"data":"Feed","floor":15,"key":"SMITH"}],"circlet_count":0,"master_deck":["AscendersBane","Strike_R","Strike_R","Strike_R","Strike_R","Defend_R","Defend_R","Defend_R","Defend_R","Bash","Anger","Whirlwind+1","Ghostly Armor","Clothesline","Feed+1"],"relics":["Burning Blood","Juzu Bracelet","Regal Pillow","Oddly Smooth Stone","Golden Idol"],"acts_visited":["Exordium"],"potions_floor_usage":[6,16],"damage_taken":[{"damage":10,"enemies":"Small Slimes","floor":1,"turns":4},{"damage":1,"enemies":"Cultist","floor":2,"turns":3},{"damage":12,"enemies":"Jaw Worm","floor":4,"turns":2},{"damage":9,"enemies":"Red Slaver","floor":6,"turns":5},{"damage":32,"enemies":"Gremlin Nob","floor":7,"turns":4},{"damage":32,"enemies":"Large Slime","floor":12,"turns":5},{"damage":3,"enemies":"Blue Slaver","floor":14,"turns":4},{"damage":64,"enemies":"Slime Boss","floor":16,"turns":5}],"seed_played":"-7596323269954243497","potions_obtained":[{"floor":1,"key":"SkillPotion"},{"floor":12,"key":"SkillPotion"}],"is_trial":false,"path_per_floor":["M","M","?","M","?","M","E","?","T","R","?","M","R","M","R","B"],"character_chosen":"IRONCLAD","items_purchased":[],"campfire_rested":2,"item_purchase_floors":[],"current_hp_per_floor":[64,69,62,56,56,53,27,27,27,64,38,12,49,52,52,0,0],"gold":275,"neow_bonus":"RANDOM_COMMON_RELIC","is_daily":false,"chose_seed":false,"campfire_upgraded":1,"win_rate":0.0,"timestamp":1608509547,"path_taken":["M","M","?","M","?","M","E","?","T","R","?","M","R","M","R","BOSS"],"items_purchased_type":[],"build_version":"2020-12-13","purchased_purges":0,"victory":false,"max_hp_per_floor":[75,75,75,75,75,75,75,75,75,75,75,75,75,75,75,75,75],"relic_stats":{"Regal Pillow":30,"counters":[8,32],"Golden Idol":8,"Juzu Bracelet":2,"obtain_stats":[{"Regal Pillow":7,"Golden Idol":11,"Oddly Smooth Stone":9,"Juzu Bracelet":0,"Burning Blood":0},{"Regal Pillow":5,"Golden Idol":5,"Oddly Smooth Stone":5,"Juzu Bracelet":0,"Burning Blood":0},{"Regal Pillow":18,"Golden Idol":18,"Oddly Smooth Stone":18,"Juzu Bracelet":0,"Burning Blood":0}],"Burning Blood":42},"card_choices":[{"not_picked":["Entrench","Inflame"],"picked":"Anger","floor":1},{"not_picked":["Armaments","Thunderclap"],"picked":"Whirlwind","floor":2},{"not_picked":["Heavy Blade","Armaments"],"picked":"Ghostly Armor","floor":4},{"not_picked":["True Grit","Cleave","Clash"],"picked":"SKIP","floor":6},{"not_picked":["Entrench","Intimidate"],"picked":"Clothesline","floor":7},{"not_picked":["Dropkick","Iron Wave","Sword Boomerang"],"picked":"SKIP","floor":12},{"not_picked":["Combust","Havoc"],"picked":"Feed","floor":14}],"player_experience":1065836,"relics_obtained":[{"floor":7,"key":"Regal Pillow"},{"floor":9,"key":"Oddly Smooth Stone"}],"event_choices":[{"damage_healed":0,"gold_gain":50,"player_choice":"Touch","damage_taken":7,"max_hp_gain":0,"max_hp_loss":0,"event_name":"FaceTrader","floor":3,"gold_loss":0},{"damage_healed":0,"gold_gain":0,"player_choice":"Grow","damage_taken":0,"max_hp_gain":0,"max_hp_loss":0,"event_name":"Living Wall","floor":5,"gold_loss":0,"cards_upgraded":["Whirlwind"]},{"cards_removed":["Strike_R"],"damage_healed":0,"gold_gain":0,"player_choice":"Purged","damage_taken":0,"max_hp_gain":0,"max_hp_loss":0,"event_name":"Purifier","floor":8,"gold_loss":0},{"damage_healed":0,"gold_gain":0,"player_choice":"Take Damage","damage_taken":26,"relics_obtained":["Golden Idol"],"max_hp_gain":0,"max_hp_loss":0,"event_name":"Golden Idol","floor":11,"gold_loss":0}],"is_beta":false,"boss_relics":[],"items_purged_floors":[],"is_endless":false,"potions_floor_spawned":[1,12],"killed_by":"Slime Boss","ascension_level":20}}