{"host":"2461dio7vetlq1z3","time":1608532658,"event":{"mods":["2.2 Compatiblity","AchievementEnabler","BaseMod","Better Third Choice","Hermit","Minty Spire (QoL Compilation)","Relic Stats","Spicy Shops","StSLib","Waifu the Spire"],"gold_per_floor":[159,204,204,249,294,294,294,294],"floor_reached":7,"playtime":312,"items_purged":[],"score":43,"play_id":"3d8d6947-a675-4b1b-9978-14b84b1fd3d9","local_time":"20201221073738","daily_mods":["Shiny","Blue Cards","Midas"],"is_ascension_mode":false,"campfire_choices":[{"floor":6,"key":"REST"}],"circlet_count":0,"master_deck":["hermit:Purgatory","hermit:DeadOrAlive","hermit:Reprieve","hermit:FromBeyond","hermit:Roughhouse","hermit:Magnum","hermit:FatalDesire","hermit:HeroicBravado","hermit:HighNoon","hermit:Gambit","hermit:FinalCanter","hermit:EternalForm","hermit:Adapt","hermit:Dissolve","hermit:OverwhelmingPower","hermit:BlackWind","hermit:RoundhouseKick","hermit:Misfire","hermit:Dive","hermit:Manifest","hermit:GhostlyPresence"],"relics":["hermit:Momento","SsserpentHead"],"acts_visited":["Exordium"],"potions_floor_usage":[],"damage_taken":[{"damage":1,"enemies":"Jaw Worm","floor":1,"turns":3},{"damage":0,"enemies":"Cultist","floor":2,"turns":2},{"damage":8,"enemies":"Small Slimes","floor":4,"turns":3},{"damage":19,"enemies":"Exordium Thugs","floor":5,"turns":3},{"damage":0,"enemies":"3 Sentries","floor":7,"turns":1}],"seed_played":"7329645460642280970","potions_obtained":[{"floor":1,"key":"Strength Potion"},{"floor":2,"key":"hermit:Tonic"},{"floor":5,"key":"SteroidPotion"}],"is_trial":false,"path_per_floor":["M","M","?","M","M","R","E"],"character_chosen":"HERMIT","items_purchased":[],"campfire_rested":1,"item_purchase_floors":[],"current_hp_per_floor":[74,74,74,66,47,69,69,69],"gold":294,"neow_bonus":"","is_daily":true,"chose_seed":false,"campfire_upgraded":0,"win_rate":0.0,"timestamp":1608532658,"path_taken":["M","M","?","M","M","R","E"],"items_purchased_type":[],"build_version":"2020-12-13","purchased_purges":0,"victory":false,"max_hp_per_floor":[75,75,75,75,75,75,75,75],"relic_stats":{"SsserpentHead":0,"counters":[5,12],"obtain_stats":[{"SsserpentHead":3,"hermit:Momento":0},{"SsserpentHead":2,"hermit:Momento":0},{"SsserpentHead":5,"hermit:Momento":0}]},"card_choices":[{"not_picked":["hermit:DeadMansHand","hermit:ShadowCloak"],"picked":"hermit:Misfire","floor":1},{"not_picked":["hermit:Desperado","hermit:Ricochet"],"picked":"hermit:Dive","floor":2},{"not_picked":["hermit:HighCaliber","hermit:Spite"],"picked":"hermit:Manifest","floor":4},{"not_picked":["hermit:CalledShot","hermit:TakeCover"],"picked":"hermit:GhostlyPresence","floor":5}],"player_experience":810238,"relics_obtained":[],"event_choices":[{"damage_healed":0,"gold_gain":0,"player_choice":"Trade","damage_taken":0,"relics_obtained":["SsserpentHead"],"max_hp_gain":0,"max_hp_loss":0,"event_name":"FaceTrader","floor":3,"gold_loss":0}],"is_beta":false,"boss_relics":[],"items_purged_floors":[],"is_endless":false,"potions_floor_spawned":[1,2,5],"killed_by":"3 Sentries","ascension_level":0}}