{"host":"7l2t4psy44vpcd9q","time":1608568875,"event":{"mods":["AchievementEnabler","BaseMod","DeckTracker","Minty Spire (QoL Compilation)","SuperFastMode"],"gold_per_floor":[20,33,33,53,53,53,53,94,118,118,133,212,235,266,266,266,266],"floor_reached":16,"playtime":567,"items_purged":[],"score":240,"play_id":"83b0765e-95ac-4a58-9272-debc5b4b84f6","local_time":"20201222014115","is_ascension_mode":true,"campfire_choices":[{"data":"Streamline","floor":6,"key":"SMITH"},{"floor":10,"key":"REST"},{"data":"Go for the Eyes","floor":15,"key":"SMITH"}],"circlet_count":0,"master_deck":["AscendersBane","Strike_B","Strike_B","Strike_B","Strike_B","Defend_B","Defend_B","Defend_B","Defend_B","Zap","Dualcast","Streamline+1","Gash+1","Conserve Battery","Go for the Eyes+1","Core Surge","Undo","Ball Lightning"],"relics":["Cracked Core","Golden Idol","Calipers","Lantern","Regal Pillow","Strawberry","Toy Ornithopter"],"acts_visited":["Exordium"],"potions_floor_usage":[5,8,8,13,16],"damage_taken":[{"damage":2,"enemies":"2 Louse","floor":1,"turns":3},{"damage":9,"enemies":"Jaw Worm","floor":2,"turns":3},{"damage":5,"enemies":"Small Slimes","floor":4,"turns":3},{"damage":12,"enemies":"Lagavulin","floor":8,"turns":7},{"damage":10,"enemies":"3 Louse","floor":11,"turns":2},{"damage":25,"enemies":"Gremlin Nob","floor":12,"turns":4},{"damage":2,"enemies":"Exordium Thugs","floor":13,"turns":5},{"damage":13,"enemies":"3 Sentries","floor":14,"turns":7},{"damage":28,"enemies":"Hexaghost","floor":16,"turns":9}],"seed_played":"6425164360034395856","potions_obtained":[{"floor":4,"key":"EntropicBrew"},{"floor":12,"key":"EssenceOfSteel"},{"floor":14,"key":"SneckoOil"}],"is_trial":false,"path_per_floor":["M","M","?","M","T","R","?","E","T","R","M","?","M","E","R","B"],"character_chosen":"DEFECT","items_purchased":[],"campfire_rested":1,"item_purchase_floors":[],"current_hp_per_floor":[76,67,38,33,33,33,33,21,21,61,51,33,31,18,18,0,0],"gold":266,"neow_bonus":"TWENTY_PERCENT_HP_BONUS","is_daily":false,"chose_seed":false,"campfire_upgraded":2,"win_rate":0.0,"timestamp":1608568875,"path_taken":["M","M","?","M","?","R","?","E","T","R","M","?","M","E","R","BOSS"],"items_purchased_type":[],"build_version":"2020-12-13","purchased_purges":0,"victory":false,"max_hp_per_floor":[85,85,85,85,85,85,85,85,85,85,85,92,92,92,92,92,92],"card_choices":[{"not_picked":["Leap","Sweeping Beam"],"picked":"Streamline","floor":1},{"not_picked":["Barrage","Sweeping Beam"],"picked":"Gash","floor":2},{"not_picked":["Leap","Doom and Gloom"],"picked":"Conserve Battery","floor":4},{"not_picked":["Lockon","Streamline"],"picked":"Go for the Eyes","floor":8},{"not_picked":["Skim","Scrape"],"picked":"Core Surge","floor":11},{"not_picked":["Rebound","Compile Driver"],"picked":"Undo","floor":12},{"not_picked":["Undo","White Noise","Beam Cell"],"picked":"SKIP","floor":13},{"not_picked":["Loop","Hello World"],"picked":"Ball Lightning","floor":14}],"player_experience":1118275,"relics_obtained":[{"floor":5,"key":"Calipers"},{"floor":8,"key":"Lantern"},{"floor":9,"key":"Regal Pillow"},{"floor":12,"key":"Strawberry"},{"floor":14,"key":"Toy Ornithopter"}],"event_choices":[{"damage_healed":0,"gold_gain":0,"player_choice":"Take Damage","damage_taken":29,"relics_obtained":["Golden Idol"],"max_hp_gain":0,"max_hp_loss":0,"event_name":"Golden Idol","floor":3,"gold_loss":0},{"damage_healed":0,"gold_gain":0,"player_choice":"Grow","damage_taken":0,"max_hp_gain":0,"max_hp_loss":0,"event_name":"Living Wall","floor":7,"gold_loss":0,"cards_upgraded":["Gash"]},{"damage_healed":0,"gold_gain":0,"player_choice":"Searched \u00271\u0027 times","damage_taken":0,"max_hp_gain":0,"max_hp_loss":0,"event_name":"Dead Adventurer","floor":12,"gold_loss":0}],"is_beta":false,"boss_relics":[],"items_purged_floors":[],"is_endless":false,"potions_floor_spawned":[4,12,14],"killed_by":"Hexaghost","ascension_level":19}}