{"host":"cjhtzh7tp54jdfyv","time":1608568804,"event":{"mods":["AchievementEnabler","BaseMod","Colored Map","Colored Powertips","Filter the Spire","Minty Spire (QoL Compilation)","RNG Fix","StSLib","ojb\u0027s Better Paths Mod","ojb\u0027s Info Mod"],"gold_per_floor":[360,196,206,14,14,14,43,55,132,145,162,180,180,180],"floor_reached":13,"playtime":815,"items_purged":["Strike_G"],"score":174,"play_id":"0ac452f6-b0ca-44b3-9de1-65d14c109dba","local_time":"20201221114004","is_ascension_mode":true,"campfire_choices":[{"data":"Poisoned Stab","floor":6,"key":"SMITH"}],"circlet_count":0,"master_deck":["AscendersBane","Strike_G","Strike_G","Strike_G","Strike_G","Defend_G","Defend_G","Defend_G","Defend_G","Defend_G","Survivor","Neutralize","Noxious Fumes+1","Footwork","Poisoned Stab+1","Infinite Blades","Leg Sweep","Endless Agony","Crippling Poison","Quick Slash","Endless Agony"],"relics":["Ring of the Snake","Dream Catcher"],"acts_visited":["Exordium"],"potions_floor_usage":[10,11,12],"damage_taken":[{"damage":9,"enemies":"Jaw Worm","floor":1,"turns":6},{"damage":0,"enemies":"Small Slimes","floor":3,"turns":5},{"damage":30,"enemies":"Gremlin Nob","floor":7,"turns":4},{"damage":0,"enemies":"Cultist","floor":8,"turns":3},{"damage":9,"enemies":"Exordium Thugs","floor":10,"turns":6},{"damage":0,"enemies":"3 Louse","floor":11,"turns":3},{"damage":1,"enemies":"Red Slaver","floor":12,"turns":3},{"damage":14,"enemies":"3 Sentries","floor":13,"turns":3}],"seed_played":"5274042923217044022","potions_obtained":[{"floor":3,"key":"EssenceOfSteel"},{"floor":10,"key":"DuplicationPotion"}],"is_trial":false,"path_per_floor":["M","$","M","$","?","R","E","M","T","M","M","M","E"],"character_chosen":"THE_SILENT","items_purchased":["Noxious Fumes","Poisoned Stab","Infinite Blades","SteroidPotion"],"campfire_rested":0,"item_purchase_floors":[2,4,4,4],"current_hp_per_floor":[50,50,50,50,50,50,20,20,20,11,11,10,0,0],"gold":180,"neow_bonus":"TWO_FIFTY_GOLD","is_daily":false,"chose_seed":false,"campfire_upgraded":1,"win_rate":0.0,"timestamp":1608568804,"path_taken":["M","$","M","$","?","R","E","M","T","M","M","?","E"],"items_purchased_type":["Card","Card","Card","Potion"],"build_version":"2020-12-13","purchased_purges":1,"victory":false,"max_hp_per_floor":[60,60,60,60,60,60,60,60,60,60,60,60,60,60],"card_choices":[{"not_picked":["Cloak And Dagger","Reflex","Outmaneuver"],"picked":"SKIP","floor":1},{"not_picked":["Finisher","Dagger Throw"],"picked":"Footwork","floor":3},{"not_picked":["Accuracy","Flying Knee"],"picked":"Leg Sweep","floor":7},{"not_picked":["Slice","Dagger Spray"],"picked":"Endless Agony","floor":8},{"not_picked":["Heel Hook","Dodge and Roll"],"picked":"Crippling Poison","floor":10},{"not_picked":["Distraction","Prepared"],"picked":"Quick Slash","floor":11},{"not_picked":["Poisoned Stab","Skewer"],"picked":"Endless Agony","floor":12}],"player_experience":4334169,"relics_obtained":[{"floor":7,"key":"Dream Catcher"}],"event_choices":[{"damage_healed":0,"gold_gain":0,"player_choice":"Grow","damage_taken":0,"max_hp_gain":0,"max_hp_loss":0,"event_name":"Living Wall","floor":5,"gold_loss":0,"cards_upgraded":["Noxious Fumes"]}],"is_beta":false,"boss_relics":[],"items_purged_floors":[2],"is_endless":false,"potions_floor_spawned":[3,10],"killed_by":"3 Sentries","ascension_level":20}}