{"host":"4qkvkh7pd9qr2mca","time":1608565697,"event":{"mods":["AchievementEnabler","BaseMod","Colored Map","Colored Powertips","Highlight Path","Minty Spire (QoL Compilation)","Permanent Neow","Quick Restart","StSLib","SuperFastMode"],"gold_per_floor":[114,127,138,138,148,148,181,181,207,207,235,248,267,342,342,342,342],"floor_reached":16,"playtime":476,"items_purged":[],"score":224,"play_id":"aa52a5bb-3dbb-4363-84fe-33589d711b25","local_time":"20201221164817","is_ascension_mode":true,"campfire_choices":[{"data":"Neutralize","floor":6,"key":"SMITH"},{"data":"Dash","floor":8,"key":"SMITH"},{"data":"Flying Knee","floor":10,"key":"SMITH"},{"floor":15,"key":"REST"}],"circlet_count":0,"master_deck":["AscendersBane","Strike_G","Strike_G","Strike_G+1","Strike_G","Strike_G+1","Defend_G","Defend_G","Defend_G","Defend_G","Defend_G","Survivor","Neutralize+1","Dash+1","Flying Knee+1","Riddle With Holes","Backflip","Shame","Adrenaline","PiercingWail","Blade Dance"],"relics":["Cursed Key","Whetstone","Boot","Lantern"],"acts_visited":["Exordium"],"potions_floor_usage":[7,7],"damage_taken":[{"damage":5,"enemies":"Small Slimes","floor":1,"turns":5},{"damage":0,"enemies":"2 Louse","floor":2,"turns":3},{"damage":2,"enemies":"Jaw Worm","floor":3,"turns":4},{"damage":2,"enemies":"3 Louse","floor":5,"turns":4},{"damage":13,"enemies":"Gremlin Nob","floor":7,"turns":4},{"damage":15,"enemies":"3 Sentries","floor":11,"turns":9},{"damage":0,"enemies":"Large Slime","floor":12,"turns":4},{"damage":0,"enemies":"Exordium Wildlife","floor":13,"turns":3},{"damage":11,"enemies":"Slime Boss","floor":16,"turns":8}],"seed_played":"8644739851502660885","potions_obtained":[{"floor":1,"key":"Weak Potion"},{"floor":5,"key":"DuplicationPotion"},{"floor":7,"key":"Weak Potion"}],"is_trial":false,"path_per_floor":["M","M","M","?","M","R","E","R","T","R","E","M","M","?","R","B"],"character_chosen":"THE_SILENT","items_purchased":[],"campfire_rested":1,"item_purchase_floors":[],"current_hp_per_floor":[54,54,52,52,50,50,37,37,37,37,22,22,22,11,30,19,19],"gold":342,"neow_bonus":"BOSS_RELIC","is_daily":false,"chose_seed":false,"campfire_upgraded":3,"win_rate":0.0,"timestamp":1608565697,"path_taken":["M","M","M","?","M","R","E","R","T","R","E","M","M","?","R","BOSS"],"items_purchased_type":[],"build_version":"2020-12-13","purchased_purges":0,"victory":false,"max_hp_per_floor":[66,66,66,66,66,66,66,66,66,66,66,66,66,66,66,66,66],"card_choices":[{"not_picked":["Concentrate","Cloak And Dagger"],"picked":"Dash","floor":1},{"not_picked":["Bane","Quick Slash"],"picked":"Flying Knee","floor":2},{"not_picked":["Eviscerate","Underhanded Strike"],"picked":"Riddle With Holes","floor":3},{"not_picked":["Deflect","Dagger Throw","Setup"],"picked":"SKIP","floor":5},{"not_picked":["Catalyst","Distraction"],"picked":"Backflip","floor":7},{"not_picked":["Flying Knee","Noxious Fumes"],"picked":"Adrenaline","floor":11},{"not_picked":["Dodge and Roll","Quick Slash"],"picked":"PiercingWail","floor":12},{"not_picked":["Crippling Poison","Flechettes"],"picked":"Blade Dance","floor":13}],"player_experience":475052,"relics_obtained":[{"floor":7,"key":"Whetstone"},{"floor":9,"key":"Boot"},{"floor":11,"key":"Lantern"}],"event_choices":[{"damage_healed":0,"gold_gain":0,"player_choice":"Ignored","damage_taken":0,"max_hp_gain":0,"max_hp_loss":0,"event_name":"Liars Game","floor":4,"gold_loss":0},{"damage_healed":0,"gold_gain":75,"player_choice":"Gather Gold","damage_taken":11,"max_hp_gain":0,"max_hp_loss":0,"event_name":"World of Goop","floor":14,"gold_loss":0}],"is_beta":false,"boss_relics":[],"items_purged_floors":[],"is_endless":false,"potions_floor_spawned":[1,5,7],"killed_by":"Slime Boss","ascension_level":20}}