{"host":"gbop6m4qugddaz18","time":1608562255,"event":{"mods":["2.2 Compatiblity","BaseMod","Better Third Choice","Block Reminder","Downfall","GifTheSpireLib","Highlight Path","Minty Spire (QoL Compilation)","Replay The Spire","StSLib"],"gold_per_floor":[99,126,142,156,156,156,156,156,256,256,308,318,367,13,31,136,136,136,161,184,184,215,225,225],"floor_reached":23,"playtime":59224,"items_purged":[],"score":239,"play_id":"7681cc4e-0b13-4514-80cc-d5083835e9fd","local_time":"20201221095055","is_ascension_mode":false,"campfire_choices":[{"data":"hexamod:Float","floor":1,"key":"SMITH"},{"data":"hexamod:SpectralAdrenaline","floor":6,"key":"SMITH"},{"data":"hexamod:HauntingEcho","floor":8,"key":"SMITH"},{"floor":10,"key":"REST"},{"data":"hexamod:RadiantFlame","floor":18,"key":"SMITH"}],"circlet_count":0,"master_deck":["hexamod:Strike","hexamod:Strike+1","hexamod:Strike+1","hexamod:Defend","hexamod:Defend","hexamod:Defend","hexamod:Sear+1","hexamod:Float+1","hexamod:Hexaguard","hexamod:SpectralAdrenaline+1","hexamod:HauntingEcho+1","hexamod:BacktrackSmack","hexamod:Hexaguard+1","hexamod:HeatCrush","hexamod:RadiantFlame+1","hexamod:FirstSeal","hexamod:FirstSeal","hexamod:SuperheatedStrike","hexamod:Firestarter","hexamod:SecondSeal","hexamod:SixthSeal","hexamod:Hexaguard+1","hexamod:ExtraCrispy","Shame","hexamod:NightmareGuise+1"],"relics":["hexamod:SpiritBrand","Art of War","ReplayTheSpireMod:Ring of Exchange","ReplayTheSpireMod:Ring of Addiction","SacredBark","Potion Belt","Boot","Chameleon Ring","Orichalcum","Bag of Preparation","Sling","Replay:Bandana"],"acts_visited":["Exordium","TheCity"],"potions_floor_usage":[9,15,16,16,16,16],"damage_taken":[{"damage":22,"enemies":"Lagavulin","floor":2,"turns":7},{"damage":0,"enemies":"Jaw Worm","floor":3,"turns":3},{"damage":0,"enemies":"2 Louse","floor":4,"turns":3},{"damage":21,"enemies":"downfall:Heads","floor":9,"turns":7},{"damage":0,"enemies":"Small Slimes","floor":12,"turns":2},{"damage":0,"enemies":"downfall:FleeingMerchant","floor":14,"turns":4},{"damage":9,"enemies":"Exordium Wildlife","floor":15,"turns":6},{"damage":0,"enemies":"downfall:Watcher","floor":16,"turns":3},{"damage":48,"enemies":"3 Byrds","floor":19,"turns":9},{"damage":18,"enemies":"Spheric Guardian","floor":20,"turns":5},{"damage":32,"enemies":"Snake Plant","floor":22,"turns":6},{"damage":18,"enemies":"Centurion and Healer","floor":23,"turns":3}],"seed_played":"283883988048676501","potions_obtained":[{"floor":2,"key":"BlessingOfTheForge"},{"floor":3,"key":"DuplicationPotion"},{"floor":5,"key":"Guardian:BlockOnCardUsePotion"},{"floor":5,"key":"Cursed Concoction"},{"floor":5,"key":"PowerPotion"},{"floor":11,"key":"SkillPotion"},{"floor":15,"key":"Fire Potion"},{"floor":16,"key":"GamblersBrew"},{"floor":22,"key":"GamblersBrew"}],"is_trial":false,"path_per_floor":["R","E","M","M","?","R","T","R","?","R","?","M","T","$","M","B",null,"R","M","M","?","M","M"],"character_chosen":"THE_SPIRIT","items_purchased":["hexamod:FirstSeal","hexamod:SuperheatedStrike","hexamod:Firestarter","Bag of Preparation"],"campfire_rested":1,"item_purchase_floors":[14,14,14,14],"current_hp_per_floor":[77,55,55,55,55,55,55,55,34,56,26,26,26,26,31,45,73,73,39,35,35,17,0,0],"gold":225,"neow_bonus":"TEN_PERCENT_HP_BONUS","is_daily":false,"chose_seed":false,"campfire_upgraded":4,"win_rate":0.0,"timestamp":1608562255,"path_taken":["R","E","M","M","?","R","T","R","?","R","?","M","?","$","M","BOSS","R","M","M","?","M","M"],"items_purchased_type":["Card","Card","Card","Relic"],"build_version":"2020-12-13","purchased_purges":0,"victory":false,"max_hp_per_floor":[77,77,77,77,77,77,77,77,75,75,75,75,73,73,73,73,73,73,73,71,71,71,69,69],"card_choices":[{"not_picked":["hexamod:DynamicBlow","hexamod:HeatCrush"],"picked":"hexamod:Hexaguard","floor":2},{"not_picked":["hexamod:FastForward","hexamod:GhostShield"],"picked":"hexamod:SpectralAdrenaline","floor":3},{"not_picked":["hexamod:AdvancingGuard","hexamod:SwordOfDarkness"],"picked":"hexamod:HauntingEcho","floor":4},{"not_picked":["hexamod:BacktrackSmack","hexamod:HeatCrush"],"picked":"hexamod:Hexaguard","floor":11},{"not_picked":["hexamod:BacktrackSmack","hexamod:Again"],"picked":"hexamod:HeatCrush","floor":12},{"not_picked":["hexamod:TimeOfNeed","hexamod:GhostLash"],"picked":"hexamod:RadiantFlame","floor":14},{"not_picked":["hexamod:SoulSteal","hexamod:NightmareStrike"],"picked":"hexamod:SecondSeal","floor":15},{"not_picked":["hexamod:Toasty","hexamod:TurnItUp"],"picked":"hexamod:SixthSeal","floor":16},{"not_picked":["hexamod:CatchUp","hexamod:NightmareGuise"],"picked":"hexamod:Hexaguard+1","floor":19},{"not_picked":["hexamod:GhostLash","hexamod:GhostflameBarrier"],"picked":"hexamod:ExtraCrispy","floor":20},{"not_picked":["hexamod:SpectersWail","hexamod:InspiringFlames"],"picked":"hexamod:NightmareGuise+1","floor":22}],"player_experience":508115,"relics_obtained":[{"floor":2,"key":"Art of War"},{"floor":5,"key":"ReplayTheSpireMod:Ring of Exchange"},{"floor":5,"key":"ReplayTheSpireMod:Ring of Addiction"},{"floor":5,"key":"SacredBark"},{"floor":5,"key":"Potion Belt"},{"floor":7,"key":"Boot"},{"floor":11,"key":"Chameleon Ring"},{"floor":13,"key":"Orichalcum"}],"event_choices":[{"damage_healed":0,"gold_gain":0,"player_choice":"Stole Relic","damage_taken":0,"relics_obtained":["Replay:Bandana"],"max_hp_gain":0,"max_hp_loss":0,"event_name":"Addict","floor":21,"gold_loss":0,"cards_obtained":["Shame"]}],"is_beta":false,"boss_relics":[{"not_picked":["Velvet Choker","Cursed Key"],"picked":"Sling"}],"items_purged_floors":[],"is_endless":false,"potions_floor_spawned":[2,3,15,16,22],"killed_by":"Centurion and Healer","ascension_level":0}}