{"host":"ErinAnne","time":1608516205,"event":{"mods":["AchievementEnabler","BaseMod","Colored Map","Colored Powertips","Downfall","Highlight Path","Minty Spire (QoL Compilation)","Relic Stats","Replay The Spire","Slay the Relics Exporter","StSLib","everything is the same but u backflip on backflip"],"gold_per_floor":[99,99,99,129,404,432,509,524,540,574,674,26,49,68,78,78,78,78],"floor_reached":16,"playtime":1655,"items_purged":["Regret"],"score":168,"play_id":"17db2607-b03e-4bdf-9b6c-0140dda88cf3","local_time":"20201220200325","is_ascension_mode":false,"campfire_choices":[{"data":"champ:Taunt","floor":1,"key":"SMITH"},{"data":"champ:Backstep","floor":3,"key":"SMITH"}],"circlet_count":0,"master_deck":["champ:Strike","champ:Strike","champ:Strike","champ:Strike","champ:Defend","champ:Defend","champ:Defend","champ:Defend","champ:Execute","champ:Taunt+1","champ:Backstep+1","champ:SwordThrow","champ:BerserkersShout","champ:PerfectedStrike","champ:Encircle","champ:MurderStrike","champ:Devastate","champ:PreciseThrust","champ:Circumvent+1","CommonCold","champ:Taunt+1","Replay:SS_hec_1","champ:SkillfulDodge+1","champ:PerfectedStrike","champ:FanOfKnives","champ:FanOfKnives","champ:ArenaPreparation+1","champ:DefensiveStyle","champ:DefensiveShout+1","champ:HeartStrike","champ:BladeFlurry"],"relics":["champ:ChampionCrown","downfall:HeartsMalice","Strawberry","Replay:Mystery Machine","Toxic Egg 2","FossilizedHelix","downfall:GremlinSack","BargainBundle","Mirror"],"acts_visited":["Exordium"],"potions_floor_usage":[15,16,16],"damage_taken":[{"damage":0,"enemies":"Small Slimes","floor":2,"turns":1},{"damage":0,"enemies":"3 Sentries","floor":4,"turns":1},{"damage":0,"enemies":"Lagavulin","floor":6,"turns":1},{"damage":12,"enemies":"Cultist","floor":8,"turns":4},{"damage":11,"enemies":"2 Louse","floor":9,"turns":3},{"damage":19,"enemies":"Gremlin Nob","floor":10,"turns":3},{"damage":49,"enemies":"Gremlin Nob","floor":11,"turns":5},{"damage":13,"enemies":"downfall:FleeingMerchant","floor":12,"turns":4},{"damage":41,"enemies":"Large Slime","floor":14,"turns":8},{"damage":22,"enemies":"3 Louse","floor":15,"turns":2},{"damage":58,"enemies":"downfall:Watcher","floor":16,"turns":8}],"seed_played":"-2031979716015012554","potions_obtained":[{"floor":4,"key":"Slimebound:ThreeZeroPotion"},{"floor":8,"key":"Elixir"},{"floor":9,"key":"SpeedPotion"},{"floor":11,"key":"ColorlessPotion"}],"is_trial":false,"path_per_floor":["R","M","R","E","?","E","T","M","M","E","?","$","T","M","M","B"],"character_chosen":"THE_CHAMP","items_purchased":["champ:FanOfKnives","champ:ArenaPreparation+1","BargainBundle","champ:DefensiveStyle","champ:DefensiveShout+1","champ:HeartStrike","Mirror"],"campfire_rested":0,"item_purchase_floors":[12,12,12,12,12,12,12],"current_hp_per_floor":[90,90,90,97,97,97,97,93,85,78,49,44,44,37,35,0,0,0],"gold":78,"neow_bonus":"THREE_ENEMY_KILL","is_daily":false,"chose_seed":false,"campfire_upgraded":2,"win_rate":0.0,"timestamp":1608516205,"path_taken":["R","M","R","E","?","E","T","M","?","E","?","$","?","M","M","BOSS"],"items_purchased_type":["Card","Card","Relic","Card","Card","Card","Relic"],"build_version":"2020-12-18","purchased_purges":1,"victory":false,"max_hp_per_floor":[90,90,90,97,97,97,97,97,97,97,97,97,97,97,97,97,97,97],"relic_stats":{"counters":[11,37],"obtain_stats":[{"BargainBundle":12,"downfall:GremlinSack":11,"Strawberry":4,"champ:ChampionCrown":0,"downfall:HeartsMalice":0,"Replay:Mystery Machine":6,"Toxic Egg 2":7,"Mirror":12,"FossilizedHelix":10},{"BargainBundle":8,"downfall:GremlinSack":7,"Strawberry":2,"champ:ChampionCrown":0,"downfall:HeartsMalice":0,"Replay:Mystery Machine":3,"Toxic Egg 2":3,"Mirror":8,"FossilizedHelix":6},{"BargainBundle":19,"downfall:GremlinSack":15,"Strawberry":0,"champ:ChampionCrown":0,"downfall:HeartsMalice":0,"Replay:Mystery Machine":0,"Toxic Egg 2":0,"Mirror":19,"FossilizedHelix":10}]},"card_choices":[{"not_picked":["champ:AdrenalArmor","champ:StanceDance"],"picked":"champ:Backstep","floor":2},{"not_picked":["champ:ViciousMockery","champ:Backstep"],"picked":"champ:SwordThrow","floor":4},{"not_picked":["champ:Circumvent","champ:DeathBlow"],"picked":"champ:BerserkersShout","floor":6},{"not_picked":["champ:CrookedStrike","champ:StanceDance+1"],"picked":"champ:PerfectedStrike","floor":8},{"not_picked":["champ:Duel","champ:BringItOn+1"],"picked":"champ:Encircle","floor":9},{"not_picked":["champ:Haymaker","champ:DeathBlow"],"picked":"champ:MurderStrike","floor":10},{"not_picked":["champ:DefensiveShout+1","champ:BerserkersShout+1"],"picked":"champ:SkillfulDodge+1","floor":11},{"not_picked":["champ:GladiatorsShout+1","champ:Lariat+1"],"picked":"champ:PerfectedStrike","floor":12},{"not_picked":["champ:BringItOn+1","champ:Riposte+1"],"picked":"champ:BladeFlurry","floor":14},{"not_picked":["champ:PerfectedStrike","champ:Devastate","champ:Circumvent+1"],"picked":"SKIP","floor":15}],"player_experience":72673,"relics_obtained":[{"floor":4,"key":"Strawberry"},{"floor":6,"key":"Replay:Mystery Machine"},{"floor":7,"key":"Toxic Egg 2"},{"floor":10,"key":"FossilizedHelix"},{"floor":11,"key":"downfall:GremlinSack"}],"event_choices":[],"is_beta":true,"boss_relics":[],"items_purged_floors":[12],"is_endless":false,"potions_floor_spawned":[4,8,9,11],"killed_by":"downfall:Watcher","ascension_level":0}}