{"host":"40bskn0fwnfkmxz7","time":1608538589,"event":{"mods":["BaseMod","Minty Spire (QoL Compilation)","Replay The Spire","StSLib"],"gold_per_floor":[15,25,25,35,51,51,61,88,114,114,146,162,172,204,204,302,302,187,197,197,197,214,214,214,214],"floor_reached":24,"playtime":1078,"items_purged":[],"score":245,"play_id":"a167da0e-662c-4ee0-9b61-ecc789535776","local_time":"20201221101629","is_ascension_mode":false,"campfire_choices":[{"data":"Envenom","floor":6,"key":"SMITH"},{"data":"Catalyst","floor":10,"key":"SMITH"},{"floor":15,"key":"REST"}],"circlet_count":0,"master_deck":["Strike_G","Strike_G","Strike_G","Defend_G","Defend_G","Survivor","Neutralize","Envenom+1","Catalyst+1","Dodge and Roll","Backstab","Well Laid Plans","Deadly Poison","Adrenaline","Writhe","Deadly Poison+1","Fluid Movement","CommonCold"],"relics":["Ring of the Snake","Pear","PreservedInsect","ReplayTheSpireMod:TigerMarble","Orichalcum","Kintsugi","Ring of Hypnosis"],"acts_visited":["Exordium","TheCity"],"potions_floor_usage":[8,8,11,14,16,16,18],"damage_taken":[{"damage":4,"enemies":"Small Slimes","floor":1,"turns":5},{"damage":2,"enemies":"Cultist","floor":2,"turns":5},{"damage":0,"enemies":"2 Louse","floor":4,"turns":6},{"damage":10,"enemies":"Lots of Slimes","floor":5,"turns":7},{"damage":2,"enemies":"2 Fungi Beasts","floor":7,"turns":5},{"damage":6,"enemies":"Gremlin Nob","floor":8,"turns":3},{"damage":25,"enemies":"Lagavulin","floor":11,"turns":7},{"damage":0,"enemies":"Blue Slaver","floor":12,"turns":3},{"damage":0,"enemies":"Large Slime","floor":13,"turns":5},{"damage":0,"enemies":"Gremlin Nob","floor":14,"turns":2},{"damage":11,"enemies":"Hexaghost","floor":16,"turns":6},{"damage":2,"enemies":"2 Thieves","floor":18,"turns":4},{"damage":19,"enemies":"Spheric Guardian","floor":19,"turns":5},{"damage":41,"enemies":"3 Cultists","floor":22,"turns":7},{"damage":0,"enemies":"Chosen and Byrds","floor":24,"turns":1}],"seed_played":"2458214080469671024","potions_obtained":[{"floor":1,"key":"CultistPotion"},{"floor":5,"key":"Weak Potion"},{"floor":7,"key":"Fire Potion"},{"floor":12,"key":"Poison Potion"},{"floor":13,"key":"ColorlessPotion"},{"floor":14,"key":"Poison Potion"},{"floor":18,"key":"SpeedPotion"},{"floor":19,"key":"SmokeBomb"}],"is_trial":false,"path_per_floor":["M","M","?","M","M","R","M","E","T","R","E","M","M","E","R","B",null,"M","M","PTL","PTL","M","?","M"],"character_chosen":"THE_SILENT","items_purchased":[],"campfire_rested":1,"item_purchase_floors":[],"current_hp_per_floor":[66,64,64,64,54,54,52,56,56,56,31,31,31,31,55,44,80,78,59,59,59,18,18,18,18],"gold":214,"neow_bonus":"THREE_RARE_CARDS","is_daily":false,"chose_seed":false,"campfire_upgraded":2,"win_rate":0.0,"timestamp":1608538589,"path_taken":["M","M","?","M","M","R","M","E","T","R","E","M","M","E","R","BOSS","M","?","PTL","PTL","M","?","M"],"items_purchased_type":[],"build_version":"2020-12-13","purchased_purges":0,"victory":false,"max_hp_per_floor":[70,70,70,70,70,70,70,80,80,80,80,80,80,80,80,80,80,80,80,80,80,80,80,80,80],"card_choices":[{"not_picked":["Doppelganger","A Thousand Cuts"],"picked":"Envenom","floor":0},{"not_picked":["All Out Attack","Deflect"],"picked":"Catalyst","floor":1},{"not_picked":["Quick Slash","Slice"],"picked":"Dodge and Roll","floor":2},{"not_picked":["Prepared","ReplayTheSpireMod:Shiv Toss","Slice"],"picked":"SKIP","floor":4},{"not_picked":["Outmaneuver","Dash"],"picked":"Backstab","floor":5},{"not_picked":["Underhanded Strike","Leg Sweep"],"picked":"Well Laid Plans","floor":7},{"not_picked":["Malaise","Masterful Stab","Dodge and Roll"],"picked":"SKIP","floor":8},{"not_picked":["Sucker Punch","Bane"],"picked":"Deadly Poison","floor":11},{"not_picked":["Dagger Throw","Outmaneuver","Replay:Bag of Tricks"],"picked":"SKIP","floor":12},{"not_picked":["Dagger Throw","Dash","Slice"],"picked":"SKIP","floor":13},{"not_picked":["Crippling Poison","Draining Mist","Tactician"],"picked":"SKIP","floor":14},{"not_picked":["Envenom","Tools of the Trade"],"picked":"Adrenaline","floor":16},{"not_picked":["Well Laid Plans","Eviscerate","PiercingWail"],"picked":"SKIP","floor":18},{"not_picked":["PiercingWail","Well Laid Plans"],"picked":"Deadly Poison+1","floor":19},{"not_picked":["Well Laid Plans","Flechettes"],"picked":"Fluid Movement","floor":22}],"player_experience":459341,"relics_obtained":[{"floor":8,"key":"Pear"},{"floor":9,"key":"PreservedInsect"},{"floor":11,"key":"ReplayTheSpireMod:TigerMarble"},{"floor":14,"key":"Orichalcum"},{"floor":23,"key":"Ring of Hypnosis"}],"event_choices":[{"damage_healed":0,"gold_gain":0,"player_choice":"Leave","damage_taken":0,"max_hp_gain":0,"max_hp_loss":0,"event_name":"FaceTrader","floor":3,"gold_loss":0}],"is_beta":false,"boss_relics":[{"not_picked":["Velvet Choker","Replay:Drink Me"],"picked":"Kintsugi"}],"items_purged_floors":[],"is_endless":false,"potions_floor_spawned":[1,5,7,12,13,14,18,19],"killed_by":"Chosen and Byrds","ascension_level":0}}