{"host":"709gjpjg43u3i5a8","time":1608514382,"event":{"mods":["BaseMod","Colored Map","Colored Powertips","Downfall","Hermit","Hubris","Infinite Spire","Marisa????????","Minty Spire (QoL Compilation)","Remilia??????","StSLib","Td1madao Mod","The Animator","The Bug Knight","The Cursed","The Disciple","The Hierophant","The Jungle","The Servant 0.9.4"],"gold_per_floor":[99,99,199,225,225,252,252,266,266,266,266],"floor_reached":10,"playtime":508,"items_purged":[],"score":97,"play_id":"056486dd-176a-40ae-afda-bace9b65cf4e","local_time":"20201220183302","is_ascension_mode":false,"campfire_choices":[{"data":"sneckomod:Unknown","floor":1,"key":"SMITH"}],"circlet_count":0,"master_deck":["sneckomod:Strike","sneckomod:Strike","sneckomod:Strike","sneckomod:Defend","sneckomod:Defend","sneckomod:TailWhip","sneckomod:SnekBite","sneckomod:Unknown+1","sneckomod:Unknown","sneckomod:SoulDraw","sneckomod:Restock","hubris:DuctTapeCard","sneckomod:UnknownClassTHE_UNNAMED","sneckomod:UnknownClassINFINITE_BLACK","infinitespire:Starlight"],"relics":["sneckomod:SneckoSoul","downfall:HeartsMalice","Frozen Egg 2","hubris:DuctTape","Letter Opener"],"acts_visited":["Exordium"],"potions_floor_usage":[],"damage_taken":[{"damage":0,"enemies":"Small Slimes","floor":2,"turns":1},{"damage":0,"enemies":"Gremlin Nob","floor":4,"turns":1},{"damage":0,"enemies":"Cultist","floor":5,"turns":1},{"damage":40,"enemies":"Lagavulin","floor":6,"turns":11},{"damage":13,"enemies":"Jaw Worm","floor":8,"turns":6},{"damage":37,"enemies":"Gremlin Nob","floor":10,"turns":3}],"seed_played":"9021352828854630291","potions_obtained":[{"floor":8,"key":"LiquidMemories"}],"is_trial":false,"path_per_floor":["R","M","?","E","M","E","T","M","?","E"],"character_chosen":"THE_SNECKO","items_purchased":[],"campfire_rested":0,"item_purchase_floors":[],"current_hp_per_floor":[90,90,90,90,90,51,51,39,16,0,0],"gold":266,"neow_bonus":"THREE_ENEMY_KILL","is_daily":false,"chose_seed":false,"campfire_upgraded":1,"win_rate":0.0,"timestamp":1608514382,"path_taken":["R","M","?","E","M","E","T","?","?","E"],"items_purchased_type":[],"build_version":"2020-12-13","purchased_purges":0,"victory":false,"max_hp_per_floor":[90,90,90,90,90,91,91,92,92,92,92],"card_choices":[{"not_picked":["sneckomod:IronFang","sneckomod:UnknownCommonAttack"],"picked":"sneckomod:SoulDraw","floor":2},{"not_picked":["sneckomod:SerpentIdol","sneckomod:ImprovisedAttack"],"picked":"sneckomod:Restock","floor":4},{"not_picked":["sneckomod:QuickMove","sneckomod:QuickBite"],"picked":"sneckomod:DiceBlock","floor":5},{"not_picked":["sneckomod:QuickBite","sneckomod:Unknown2Cost"],"picked":"sneckomod:UnknownClassTHE_UNNAMED","floor":6},{"not_picked":["sneckomod:UnknownClassHEXA_GHOST_PURPLE","sneckomod:UnknownStrike"],"picked":"sneckomod:UnknownClassINFINITE_BLACK","floor":8},{"not_picked":["infinitespire:Menacing","infinitespire:Oblivion"],"picked":"infinitespire:Starlight","floor":9}],"player_experience":355922,"relics_obtained":[{"floor":4,"key":"Frozen Egg 2"},{"floor":6,"key":"hubris:DuctTape"},{"floor":7,"key":"Letter Opener"}],"event_choices":[],"is_beta":false,"boss_relics":[],"items_purged_floors":[],"is_endless":false,"potions_floor_spawned":[8],"killed_by":"Gremlin Nob","ascension_level":0}}