{"host":"3olzf542l24t7rz7","time":1608580697,"event":{"mods":["Aspiration","BaseMod","BetterRewards","Colored Map","Colored Powertips","Conspire","Halation","Hubris","Infinite Spire","Luminous","Minty Spire (QoL Compilation)","Replay The Spire","Shop Mod","StSLib","The Blue Laboratory","The Runesmith","TheSwordswoman","Waifu the Spire","WarShipGirlsR/????R mod","vexMod"],"gold_per_floor":[110,29,29,29,48,81,81,81,11,35,35,50,50,73,46,86,86,206,206,224,224,224,224,242,242,273,273,273,273,273],"floor_reached":29,"playtime":2380,"items_purged":[],"score":259,"play_id":"7910c7d5-b55b-4122-b5d3-fed75ea67c67","local_time":"20201221145817","is_ascension_mode":true,"campfire_choices":[{"floor":13,"key":"REST"},{"floor":17,"key":"REST"},{"floor":25,"key":"REST"},{"floor":27,"key":"REST"}],"circlet_count":0,"master_deck":["Strike_B","Strike_B","Strike_B","Strike_B","Defend_B","Defend_B+1","Defend_B","Defend_B","Dualcast","Beam Cell","Beam Cell","Ball Lightning","Defragment","Gash","hubris:DuctTapeCard","ReplayTheSpireMod:Omega Cannon","Tempest+1"],"relics":["Cracked Core","Golden Idol","vexMod:InvisibilityCloak","infinitespire:Broken Mirror","War Paint","Bottled Tornado","hubris:DuctTape","SlaversCollar","halation:LettersToHer","Singing Bowl"],"acts_visited":["Exordium","TheCity"],"potions_floor_usage":[16,18,20,24],"damage_taken":[{"damage":4,"enemies":"Jaw Worm","floor":1,"turns":4},{"damage":4,"enemies":"2 Louse","floor":5,"turns":3},{"damage":16,"enemies":"3 Sentries","floor":6,"turns":7},{"damage":0,"enemies":"Cultist","floor":12,"turns":2},{"damage":7,"enemies":"Large Slime","floor":14,"turns":4},{"damage":18,"enemies":"Gremlin Nob","floor":16,"turns":4},{"damage":27,"enemies":"Fading Forest","floor":18,"turns":11},{"damage":0,"enemies":"3 Byrds","floor":20,"turns":2},{"damage":18,"enemies":"2 Thieves","floor":24,"turns":2},{"damage":65,"enemies":"Gremlin Leader","floor":26,"turns":5},{"damage":45,"enemies":"Book of Stabbing","floor":29,"turns":4}],"seed_played":"-5620923561538908511","potions_obtained":[{"floor":6,"key":"blueLaboratory:LouseDecoction"},{"floor":12,"key":"blueLaboratory:NullPotion"},{"floor":18,"key":"AttackPotion"},{"floor":20,"key":"Adrenaline Potion"}],"is_trial":false,"path_per_floor":["M","$","?","T","M","E","PTL","PTL","$","T","T","M","R","M","?","E","R","B",null,"M","?","?","?","M","R","E","R","T","E"],"character_chosen":"DEFECT","items_purchased":["Hello World","Defragment"],"campfire_rested":4,"item_purchase_floors":[2,9],"current_hp_per_floor":[78,78,58,58,54,38,38,38,38,38,38,38,62,55,55,37,61,44,82,82,82,82,82,64,82,17,41,41,0,0],"gold":273,"neow_bonus":"TEN_PERCENT_HP_BONUS","is_daily":false,"chose_seed":false,"campfire_upgraded":0,"win_rate":0.0,"timestamp":1608580697,"path_taken":["M","$","?","?","M","E","PTL","PTL","?","?","T","M","R","?","?","E","R","BOSS","M","?","?","?","M","R","E","R","T","E"],"items_purchased_type":["Card","Card"],"build_version":"2020-12-13","purchased_purges":0,"victory":false,"max_hp_per_floor":[82,82,82,82,82,82,82,82,82,82,82,82,82,82,82,82,82,82,82,82,82,82,82,82,82,82,82,82,82,82],"card_choices":[{"not_picked":["Stack","Sweeping Beam"],"picked":"Beam Cell","floor":1},{"not_picked":["Barrage","Streamline"],"picked":"Beam Cell","floor":5},{"not_picked":["ReplayTheSpireMod:GoodbyeWorld","Stack"],"picked":"Ball Lightning","floor":6},{"not_picked":["Streamline","Rebound","Redo"],"picked":"SKIP","floor":12},{"not_picked":["Reboot","Darkness"],"picked":"Gash","floor":14},{"not_picked":["Stack","Sunder"],"picked":"Static Discharge","floor":16},{"not_picked":["Rainbow","ReplayRNGCard"],"picked":"ReplayTheSpireMod:Omega Cannon","floor":18},{"not_picked":["Stack","Hologram","Redo"],"picked":"SKIP","floor":20},{"not_picked":["Stack","Hologram","Redo"],"picked":"SKIP","floor":20},{"not_picked":["Panic Button","Cold Snap+1"],"picked":"Tempest+1","floor":24},{"not_picked":["Beam Cell","Sweeping Beam","Darkness"],"picked":"SKIP","floor":26}],"player_experience":420197,"relics_obtained":[{"floor":4,"key":"vexMod:InvisibilityCloak"},{"floor":6,"key":"infinitespire:Broken Mirror"},{"floor":10,"key":"War Paint"},{"floor":11,"key":"Bottled Tornado"},{"floor":16,"key":"hubris:DuctTape"},{"floor":26,"key":"halation:LettersToHer"},{"floor":28,"key":"Singing Bowl"},{"floor":28,"key":"halation:LettersToHer"}],"event_choices":[{"damage_healed":0,"gold_gain":0,"player_choice":"Take Damage","damage_taken":20,"relics_obtained":["Golden Idol"],"max_hp_gain":0,"max_hp_loss":0,"event_name":"Golden Idol","floor":3,"gold_loss":0},{"damage_healed":0,"gold_gain":0,"player_choice":"Left Gold","damage_taken":0,"max_hp_gain":0,"max_hp_loss":0,"event_name":"World of Goop","floor":15,"gold_loss":27},{"cards_removed":["Static Discharge"],"damage_healed":0,"gold_gain":0,"player_choice":"Offered Uncommon","damage_taken":0,"max_hp_gain":0,"max_hp_loss":0,"event_name":"Bonfire Elementals","floor":23,"gold_loss":0}],"is_beta":false,"boss_relics":[{"not_picked":["Replay:Bronze Core","vexMod:CursedCompass"],"picked":"SlaversCollar"}],"items_purged_floors":[],"is_endless":false,"potions_floor_spawned":[6,12,18,20],"killed_by":"Book of Stabbing","ascension_level":1}}