{"host":"gzuytev79v4mazik","time":1608564724,"event":{"mods":["ATMod(°¢èªMod)","Act Like it!","BaseMod","CapriCore","Hallownest","Infinite Spire","Jorbs\u0027s Wanderer Trilogy","Luminous","Minty Spire (QoL Compilation)","Prisma Mod","Rare Cards Sparkle","Remilia£¨ÀÙÃ×ÀòÑÇ£©","Replay The Spire","StSLib","The Alterego","The Bug Knight","The Immortal"],"gold_per_floor":[119,119,180,195,155,189,204,204,228,228,243,243,271,321,321,321,321],"floor_reached":16,"playtime":873,"items_purged":[],"score":110,"play_id":"9a65e8c2-cf48-4a11-9b7f-b5aae7f9fa88","local_time":"20201221233204","is_ascension_mode":false,"campfire_choices":[{"data":"alterego_mod:Weigh","floor":8,"key":"SMITH"},{"floor":10,"key":"REST"},{"data":"alterego_mod:IndependentAction","floor":12,"key":"SMITH"},{"data":"alterego_mod:BrynhildrsRune","floor":15,"key":"SMITH"}],"circlet_count":0,"master_deck":["alterego_mod:Strike","alterego_mod:Strike","alterego_mod:Strike","alterego_mod:Strike","alterego_mod:Defend","alterego_mod:Defend","alterego_mod:Defend","alterego_mod:Defend","alterego_mod:Impale","alterego_mod:BigMeatyClaws","alterego_mod:BrynhildrsRune+1","alterego_mod:Rip","alterego_mod:IndependentAction+1","alterego_mod:Swimsuit","alterego_mod:Cycle+1","alterego_mod:GachaTicket","alterego_mod:Weigh+1","alterego_mod:Stockings","alterego_mod:DestructionOfProperty"],"relics":["alterego_mod:MasochisticConstitution","AT_ATBox","NeowsBlessing","SsserpentHead","Replay:Mystery Machine","Regal Pillow","infinitespire:PuzzleCube"],"acts_visited":["Exordium"],"potions_floor_usage":[],"damage_taken":[{"damage":0.0,"enemies":"2 Louse","floor":1.0,"turns":1.0},{"damage":0.0,"enemies":"Cultist","floor":3.0,"turns":1.0},{"damage":0.0,"enemies":"Small Slimes","floor":4.0,"turns":1.0},{"damage":24.0,"enemies":"Gremlin Nob","floor":6.0,"turns":4.0},{"damage":44,"enemies":"Exordium Thugs","floor":7,"turns":7},{"damage":11,"enemies":"Exordium Wildlife","floor":11,"turns":4},{"damage":21,"enemies":"HollowMod:MossKnight","floor":13,"turns":9},{"damage":39,"enemies":"The Guardian","floor":16,"turns":6}],"seed_played":"1451544704744807297","potions_obtained":[{"floor":6.0,"key":"LiquidMemories"},{"floor":11,"key":"Fire Potion"}],"is_trial":false,"path_per_floor":["M","?","M","M","$","E","M","R","T","R","M","R","E","?","R","B"],"character_chosen":"The_Alterego","items_purchased":["alterego_mod:Cycle+1"],"campfire_rested":1,"item_purchase_floors":[5],"current_hp_per_floor":[70,70,70,70,70,47,11,11,11,47,51,51,31,31,31,0,0],"gold":321,"neow_bonus":"THREE_ENEMY_KILL","is_daily":false,"chose_seed":false,"campfire_upgraded":3,"win_rate":0.0,"timestamp":1608564724,"path_taken":["M","?","?","M","$","E","M","R","T","R","M","R","E","?","R","BOSS"],"items_purchased_type":["Card"],"build_version":"2020-12-13","purchased_purges":0,"victory":false,"max_hp_per_floor":[70,70,70,70,70,71,72,72,72,72,73,73,74,74,74,74,74],"card_choices":[{"not_picked":["alterego_mod:Pet","alterego_mod:Smother"],"picked":"alterego_mod:Rip","floor":1.0},{"not_picked":["alterego_mod:BusterCard","alterego_mod:Undulate"],"picked":"alterego_mod:IndependentAction","floor":3.0},{"not_picked":["alterego_mod:RocketPunch","alterego_mod:Skirt"],"picked":"alterego_mod:Swimsuit","floor":4.0},{"not_picked":["alterego_mod:SakuraFive","alterego_mod:GoddessCore"],"picked":"alterego_mod:GachaTicket","floor":6.0},{"not_picked":["alterego_mod:PerceptionDisorder","alterego_mod:Lingerie"],"picked":"alterego_mod:Weigh","floor":7},{"not_picked":["alterego_mod:Clap","alterego_mod:Pet"],"picked":"alterego_mod:Stockings","floor":11},{"not_picked":["alterego_mod:Bloomers","alterego_mod:Maid"],"picked":"alterego_mod:DestructionOfProperty","floor":13}],"player_experience":362786,"relics_obtained":[{"floor":6.0,"key":"Replay:Mystery Machine"},{"floor":9,"key":"Regal Pillow"},{"floor":13,"key":"infinitespire:PuzzleCube"}],"event_choices":[{"damage_healed":0.0,"max_hp_gain":0.0,"max_hp_loss":0.0,"gold_gain":0.0,"event_name":"FaceTrader","player_choice":"Trade","floor":2.0,"gold_loss":0.0,"damage_taken":0.0,"relics_obtained":["SsserpentHead"]},{"damage_healed":0,"gold_gain":0,"player_choice":"Ignored","damage_taken":0,"max_hp_gain":0,"max_hp_loss":0,"event_name":"NoteForYourself","floor":14,"gold_loss":0}],"is_beta":false,"boss_relics":[],"items_purged_floors":[],"is_endless":false,"potions_floor_spawned":[6,11],"killed_by":"The Guardian","ascension_level":0}}