{"host":"vumwfieg2b2mnrfl","time":1608591670,"event":{"mods":["AchievementEnabler","BaseMod","Minty Spire (QoL Compilation)","Rare Cards Sparkle","Relic Stats"],"gold_per_floor":[366,74,93,111,111,140,152,168,168,208,208,198,235,262,262,368,368,382,406,200,222,235,276,276,276,276,314,389,389,199,225,225,225,225],"floor_reached":33,"playtime":1638,"items_purged":["Parasite"],"score":491,"play_id":"f86de768-0bdc-4acf-9d42-c5ceb8a275eb","local_time":"20201221170110","is_ascension_mode":true,"campfire_choices":[{"floor":11.0,"key":"REST"},{"floor":15.0,"key":"REST"},{"floor":25.0,"key":"RECALL"},{"floor":29,"key":"REST"},{"floor":32,"key":"REST"}],"circlet_count":0,"master_deck":["AscendersBane","Strike_R","Strike_R","Strike_R","Strike_R","Defend_R","Defend_R","Defend_R","Defend_R","Bash","Spot Weakness","Reaper","Fire Breathing","Sentinel","Disarm","Armaments","Anger","Armaments","Heavy Blade","Bludgeon","Pommel Strike","Demon Form","True Grit","Disarm","Heavy Blade","Impervious","Hemokinesis+1","Armaments"],"relics":["Burning Blood","Strange Spoon","Omamori","White Beast Statue","CeramicFish","Gambling Chip","Fusion Hammer","HandDrill","Regal Pillow","Paper Frog","Potion Belt","Bottled Lightning"],"acts_visited":["Exordium","TheCity"],"potions_floor_usage":[33,33,33,33],"damage_taken":[{"damage":7.0,"enemies":"2 Louse","floor":1.0,"turns":2.0},{"damage":1.0,"enemies":"Cultist","floor":3.0,"turns":4.0},{"damage":3.0,"enemies":"Jaw Worm","floor":4.0,"turns":4.0},{"damage":56.0,"enemies":"Lagavulin","floor":6.0,"turns":9.0},{"damage":20.0,"enemies":"Red Slaver","floor":7.0,"turns":8.0},{"damage":19.0,"enemies":"2 Fungi Beasts","floor":8.0,"turns":8.0},{"damage":24.0,"enemies":"Gremlin Nob","floor":10.0,"turns":4.0},{"damage":22.0,"enemies":"Exordium Thugs","floor":12.0,"turns":4.0},{"damage":40.0,"enemies":"3 Sentries","floor":13.0,"turns":6.0},{"damage":9.0,"enemies":"Large Slime","floor":14.0,"turns":7.0},{"damage":22.0,"enemies":"Slime Boss","floor":16.0,"turns":10.0},{"damage":27.0,"enemies":"Spheric Guardian","floor":18.0,"turns":4.0},{"damage":24.0,"enemies":"Shell Parasite","floor":19.0,"turns":10.0},{"damage":14.0,"enemies":"Snake Plant","floor":21.0,"turns":10.0},{"damage":36.0,"enemies":"Shelled Parasite and Fungi","floor":22.0,"turns":8.0},{"damage":55.0,"enemies":"Gremlin Leader","floor":23.0,"turns":8.0},{"damage":31.0,"enemies":"Book of Stabbing","floor":27.0,"turns":7.0},{"damage":75,"enemies":"Slavers","floor":31,"turns":8},{"damage":70,"enemies":"Collector","floor":33,"turns":6}],"seed_played":"-895673752394009330","potions_obtained":[{"floor":1.0,"key":"Strength Potion"},{"floor":3.0,"key":"PowerPotion"},{"floor":4.0,"key":"Dexterity Potion"},{"floor":10.0,"key":"Fruit Juice"},{"floor":12.0,"key":"BloodPotion"},{"floor":13.0,"key":"Ancient Potion"},{"floor":18.0,"key":"DuplicationPotion"},{"floor":23.0,"key":"GamblersBrew"},{"floor":31,"key":"FearPotion"}],"is_trial":false,"path_per_floor":["M","$","M","M","?","E","M","M","T","E","R","M","E","M","R","B",null,"M","M","$","M","M","E","?","R","T","E","?","R","$","E","R","B"],"character_chosen":"IRONCLAD","items_purchased":["Reaper","Strange Spoon","Disarm","HandDrill","Potion Belt","Armaments"],"campfire_rested":4,"item_purchase_floors":[2,2,20,20,30,30],"current_hp_per_floor":[71,71,76,77,77,40,36,33,33,27,50,53,40,37,61,58,76,55,53,53,61,60,82,82,82,82,62,54,82,82,28,67,0,0],"gold":225,"neow_bonus":"TWO_FIFTY_GOLD","is_daily":false,"chose_seed":false,"campfire_upgraded":0,"win_rate":0.0,"timestamp":1608591670,"path_taken":["M","$","M","M","?","E","M","?","T","E","R","M","E","M","R","BOSS","M","M","$","M","M","E","?","R","T","E","?","R","$","E","R","BOSS"],"items_purchased_type":["Card","Relic","Card","Relic","Relic","Card"],"build_version":"2020-12-13","purchased_purges":1,"victory":false,"max_hp_per_floor":[80,77,77,77,77,77,77,77,77,77,77,82,82,82,82,82,82,82,82,82,82,82,82,82,82,82,82,82,82,82,82,82,82,82],"relic_stats":{"Strange Spoon":[25],"Regal Pillow":19,"counters":[19,127],"CeramicFish":99,"Gambling Chip":[39],"HandDrill":[12],"obtain_stats":[{"Potion Belt":30,"Strange Spoon":2,"Regal Pillow":23,"CeramicFish":10,"Gambling Chip":13,"Fusion Hammer":17,"Omamori":6,"HandDrill":20,"Bottled Lightning":31,"Burning Blood":0,"White Beast Statue":9,"Paper Frog":27},{"Potion Belt":17,"Strange Spoon":1,"Regal Pillow":16,"CeramicFish":7,"Gambling Chip":9,"Fusion Hammer":11,"Omamori":4,"HandDrill":13,"Bottled Lightning":18,"Burning Blood":0,"White Beast Statue":6,"Paper Frog":17},{"Potion Belt":113,"Strange Spoon":2,"Regal Pillow":106,"CeramicFish":39,"Gambling Chip":49,"Fusion Hammer":66,"Omamori":19,"HandDrill":80,"Bottled Lightning":121,"Burning Blood":0,"White Beast Statue":35,"Paper Frog":113}],"Burning Blood":102},"card_choices":[{"not_picked":["Searing Blow","Twin Strike"],"picked":"Spot Weakness","floor":1.0},{"not_picked":["Perfected Strike","Thunderclap","Dual Wield"],"picked":"SKIP","floor":3.0},{"not_picked":["Pummel","Heavy Blade"],"picked":"Fire Breathing","floor":4.0},{"not_picked":["Havoc","Shrug It Off"],"picked":"Disarm","floor":6.0},{"not_picked":["Evolve","Heavy Blade"],"picked":"Armaments","floor":7.0},{"not_picked":["Spot Weakness","Bloodletting"],"picked":"Anger","floor":8.0},{"not_picked":["Iron Wave","Warcry"],"picked":"Armaments","floor":10.0},{"not_picked":["Burning Pact","Sword Boomerang"],"picked":"Heavy Blade","floor":12.0},{"not_picked":["Uppercut","Havoc"],"picked":"Bludgeon","floor":13.0},{"not_picked":["Perfected Strike","Pommel Strike","Iron Wave"],"picked":"SKIP","floor":14.0},{"not_picked":["Perfected Strike","Iron Wave"],"picked":"Pommel Strike","floor":14.0},{"not_picked":["Impervious","Immolate"],"picked":"Demon Form","floor":16.0},{"not_picked":["Clash","Twin Strike","Body Slam"],"picked":"SKIP","floor":18.0},{"not_picked":["Twin Strike","Warcry"],"picked":"True Grit","floor":19.0},{"not_picked":["Havoc","Thunderclap"],"picked":"Heavy Blade","floor":21.0},{"not_picked":["Pommel Strike","Intimidate","Rage"],"picked":"SKIP","floor":22.0},{"not_picked":["Searing Blow","Sword Boomerang+1"],"picked":"Impervious","floor":23.0},{"not_picked":["Twin Strike","Heavy Blade"],"picked":"Hemokinesis+1","floor":27.0},{"not_picked":["Clothesline","Pommel Strike","Dark Embrace"],"picked":"SKIP","floor":31}],"player_experience":279856,"relics_obtained":[{"floor":6.0,"key":"Omamori"},{"floor":9.0,"key":"White Beast Statue"},{"floor":10.0,"key":"CeramicFish"},{"floor":13.0,"key":"Gambling Chip"},{"floor":23.0,"key":"Regal Pillow"},{"floor":27.0,"key":"Paper Frog"},{"floor":31,"key":"Bottled Lightning"}],"event_choices":[{"damage_healed":0.0,"max_hp_gain":0.0,"max_hp_loss":0.0,"gold_gain":0.0,"cards_transformed":["Strike_R"],"event_name":"Transmorgrifier","player_choice":"Transformed","floor":5.0,"gold_loss":0.0,"damage_taken":0.0,"cards_obtained":["Sentinel"]},{"damage_healed":0.0,"max_hp_gain":0.0,"max_hp_loss":0.0,"gold_gain":0.0,"event_name":"Vampires","player_choice":"Ignored","floor":24.0,"gold_loss":0.0,"damage_taken":0.0},{"damage_healed":0,"gold_gain":75,"player_choice":"Touch","damage_taken":8,"max_hp_gain":0,"max_hp_loss":0,"event_name":"FaceTrader","floor":28,"gold_loss":0}],"is_beta":false,"boss_relics":[{"not_picked":["Runic Cube","Black Blood"],"picked":"Fusion Hammer"}],"items_purged_floors":[2],"is_endless":false,"potions_floor_spawned":[1,3,4,10,12,13,14,16,18,19,21,22,23,27,31],"killed_by":"Collector","ascension_level":10}}