{"host":"utqe55yv0jihe4d6","time":1608518227,"event":{"mods":["2.2 Compatiblity","AchievementEnabler","BaseMod","Block Reminder","Colored Map","Colored Powertips","Minty Spire (QoL Compilation)","Quick Restart","Rare Cards Sparkle","Relic Stats","SuperFastMode"],"gold_per_floor":[115,125,125,125,150,150,191,214,239,266,305,10,49,73,73,168,168,184,7,7,20,35,78,78,117,117,117,117],"floor_reached":27,"playtime":793,"items_purged":["Strike_R"],"score":542,"play_id":"22edd4d4-3319-4724-8294-13953f773335","local_time":"20201220213707","is_ascension_mode":true,"campfire_choices":[{"data":"Anger","floor":6.0,"key":"SMITH"},{"floor":15.0,"key":"REST"},{"floor":24,"key":"REST"}],"circlet_count":0,"master_deck":["AscendersBane","Strike_R","Strike_R","Strike_R","Defend_R+1","Defend_R","Defend_R","Defend_R","Bash+1","Anger+1","Fiend Fire","Metallicize","Pommel Strike","Limit Break","Flash of Steel","Iron Wave","True Grit","Rage"],"relics":["Busted Crown","Golden Idol","MealTicket","Art of War","Bronze Scales","MawBank","OrangePellets","Mango","Runic Pyramid","Happy Flower","Toy Ornithopter"],"acts_visited":["Exordium","TheCity"],"potions_floor_usage":[23,23,27],"damage_taken":[{"damage":6.0,"enemies":"2 Louse","floor":1.0,"turns":2.0},{"damage":2.0,"enemies":"Jaw Worm","floor":2.0,"turns":3.0},{"damage":1.0,"enemies":"Cultist","floor":5.0,"turns":3.0},{"damage":3.0,"enemies":"Gremlin Nob","floor":7.0,"turns":3.0},{"damage":8.0,"enemies":"Blue Slaver","floor":8.0,"turns":3.0},{"damage":22.0,"enemies":"3 Sentries","floor":11.0,"turns":6.0},{"damage":12.0,"enemies":"Lagavulin","floor":13.0,"turns":4.0},{"damage":3.0,"enemies":"Lots of Slimes","floor":14.0,"turns":5.0},{"damage":40.0,"enemies":"Slime Boss","floor":16.0,"turns":9.0},{"damage":0,"enemies":"Spheric Guardian","floor":18,"turns":3},{"damage":0,"enemies":"Chosen","floor":21,"turns":4},{"damage":14,"enemies":"Snake Plant","floor":22,"turns":3},{"damage":41,"enemies":"Gremlin Leader","floor":23,"turns":7},{"damage":38,"enemies":"Book of Stabbing","floor":25,"turns":6},{"damage":23,"enemies":"Cultist and Chosen","floor":27,"turns":7}],"seed_played":"-5300568712400607225","potions_obtained":[{"floor":2.0,"key":"Strength Potion"},{"floor":7.0,"key":"EntropicBrew"},{"floor":13.0,"key":"Weak Potion"},{"floor":16.0,"key":"AttackPotion"},{"floor":21,"key":"DuplicationPotion"},{"floor":25,"key":"DuplicationPotion"}],"is_trial":false,"path_per_floor":["M","M","?","?","M","R","E","M","T","T","E","$","E","M","R","B",null,"M","$","?","M","M","E","R","E","T","M"],"character_chosen":"IRONCLAD","items_purchased":["OrangePellets","Metallicize","AttackPotion","Flash of Steel"],"campfire_rested":2,"item_purchase_floors":[12,12,12,19],"current_hp_per_floor":[62,60,60,40,39,39,36,28,28,28,6,21,23,20,44,4,63,63,78,78,78,64,23,47,9,9,0,0],"gold":117,"neow_bonus":"BOSS_RELIC","is_daily":false,"chose_seed":false,"campfire_upgraded":1,"win_rate":0.0,"timestamp":1608518227,"path_taken":["M","M","?","?","M","R","E","M","T","?","E","$","E","M","R","BOSS","M","?","?","?","M","E","R","E","T","M"],"items_purchased_type":["Relic","Card","Potion","Card"],"build_version":"2020-12-13","purchased_purges":1,"victory":false,"max_hp_per_floor":[75,75,68,68,68,68,68,68,68,68,68,68,82,82,82,82,82,82,82,82,82,82,82,82,82,82,82,82],"relic_stats":{"OrangePellets":[2],"Busted Crown":28,"Happy Flower":[4],"counters":[15,68],"Golden Idol":84,"Bronze Scales":[150],"MealTicket":30,"Art of War":[1],"MawBank":12,"obtain_stats":[{"OrangePellets":12,"Busted Crown":0,"Happy Flower":23,"Golden Idol":3,"Bronze Scales":10,"MealTicket":7,"Mango":13,"Art of War":9,"MawBank":11,"Burning Blood":0,"Toy Ornithopter":25,"Runic Pyramid":17},{"OrangePellets":6,"Busted Crown":0,"Happy Flower":13,"Golden Idol":2,"Bronze Scales":5,"MealTicket":4,"Mango":7,"Art of War":5,"MawBank":6,"Burning Blood":0,"Toy Ornithopter":14,"Runic Pyramid":9},{"OrangePellets":20,"Busted Crown":0,"Happy Flower":55,"Golden Idol":5,"Bronze Scales":14,"MealTicket":11,"Mango":24,"Art of War":14,"MawBank":20,"Burning Blood":0,"Toy Ornithopter":61,"Runic Pyramid":38}],"Toy Ornithopter":5},"card_choices":[{"not_picked":[],"picked":"Anger","floor":1.0},{"not_picked":["Anger"],"picked":"SKIP","floor":2.0},{"not_picked":["Rupture"],"picked":"SKIP","floor":5.0},{"not_picked":[],"picked":"Fiend Fire","floor":7.0},{"not_picked":["Clash"],"picked":"SKIP","floor":8.0},{"not_picked":["Seeing Red"],"picked":"SKIP","floor":11.0},{"not_picked":["Heavy Blade"],"picked":"SKIP","floor":13.0},{"not_picked":[],"picked":"Pommel Strike","floor":14.0},{"not_picked":[],"picked":"Limit Break","floor":16.0},{"not_picked":["Iron Wave"],"picked":"SKIP","floor":18},{"not_picked":[],"picked":"True Grit","floor":21},{"not_picked":["Sword Boomerang"],"picked":"SKIP","floor":22},{"not_picked":[],"picked":"Rage","floor":23},{"not_picked":["Iron Wave"],"picked":"SKIP","floor":25}],"player_experience":2816397,"relics_obtained":[{"floor":7.0,"key":"MealTicket"},{"floor":9.0,"key":"Art of War"},{"floor":10.0,"key":"Bronze Scales"},{"floor":11.0,"key":"MawBank"},{"floor":13.0,"key":"Mango"},{"floor":23,"key":"Happy Flower"},{"floor":25,"key":"Toy Ornithopter"}],"event_choices":[{"damage_healed":0.0,"max_hp_gain":0.0,"max_hp_loss":7.0,"gold_gain":0.0,"event_name":"Golden Idol","player_choice":"Lose Max HP","floor":3.0,"gold_loss":0.0,"damage_taken":0.0,"relics_obtained":["Golden Idol"]},{"damage_healed":0.0,"max_hp_gain":0.0,"max_hp_loss":0.0,"gold_gain":0.0,"event_name":"Shining Light","player_choice":"Entered Light","floor":4.0,"gold_loss":0.0,"damage_taken":20.0,"cards_upgraded":["Defend_R","Bash"]},{"damage_healed":0,"gold_gain":0,"cards_transformed":["Strike_R"],"player_choice":"Transformed","damage_taken":0,"max_hp_gain":0,"max_hp_loss":0,"event_name":"Transmorgrifier","floor":20,"gold_loss":0,"cards_obtained":["Iron Wave"]}],"is_beta":false,"boss_relics":[{"not_picked":["Sozu","Philosopher\u0027s Stone"],"picked":"Runic Pyramid"}],"items_purged_floors":[19],"is_endless":false,"potions_floor_spawned":[2,7,11,13,16,21,22,25],"killed_by":"Cultist and Chosen","ascension_level":20}}