{"host":"kstmajdnxm8lto3o","time":1608587753,"event":{"mods":["Aspiration","BaseMod","Better Third Choice","BetterRewards","CCEM","Conspire","Downfall","Gremlin Skip","Highlight Path","Hubris","Minty Spire (QoL Compilation)","Replay The Spire","Shop Mod","Spicy Shops","StSLib"],"gold_per_floor":[117,117,117,131,231,231,258,276,276,276,306,324,31,31,31,128,128,138,151,151,151,151,151,177,177,177,192,225,225,239,257,257,359,359,378,390,407,407,19,19,49,49,49,49,49,78,96,96,96,96,96],"floor_reached":50,"playtime":2876,"items_purged":["hubris:Compulsion"],"score":731,"play_id":"938ff3f5-b9a3-424a-aae7-260d09be3754","local_time":"20201221165553","is_ascension_mode":true,"campfire_choices":[{"data":"Sweeping Beam","floor":6,"key":"SMITH"},{"data":"BasicCrystalCard","floor":10,"key":"SMITH"},{"floor":15,"key":"REST"},{"data":"Echo Form","floor":23,"key":"SMITH"},{"data":"Streamline","floor":29,"key":"SMITH"},{"floor":32,"key":"REST"},{"floor":40,"key":"RECALL"},{"floor":42,"key":"REST"},{"floor":45,"key":"REST"},{"floor":49,"key":"REST"}],"circlet_count":0,"master_deck":["Strike_B","Strike_B","Strike_B+1","Defend_B+1","Defend_B+1","Defend_B+1","Defend_B+1","Zap+1","Dualcast+1","Panic Button+1","Sweeping Beam+1","BasicCrystalCard+1","Echo Form+1","Streamline+1","Sweeping Beam+1","Ball Lightning+1","Conserve Battery+1","Turbo+1","Thunder Strike+1","Darkness+1","BootSequence+1","Go for the Eyes+1","ReplayTheSpireMod:Omega Cannon+1","Electrodynamics","Parasite","Ball Lightning+1"],"relics":["Cracked Core","Replay:Rubber Ducky","Singing Bowl","Thread and Needle","Lizard Tail","Empty Cage","conspire:BottledYoYo","CCEMRelics:GrindingGear","aspiration:PoetsPen_weak","Replay:Baseball","ReplayTheSpireMod:CursedCoin","hubris:MedicalManual","Centennial Puzzle","Vajra","Whetstone"],"acts_visited":["Exordium","TheCity","TheBeyond"],"potions_floor_usage":[24,24,50],"damage_taken":[{"damage":1,"enemies":"Jaw Worm","floor":1,"turns":2},{"damage":0,"enemies":"2 Louse","floor":4,"turns":2},{"damage":17,"enemies":"Lagavulin","floor":7,"turns":6},{"damage":0,"enemies":"Cultist","floor":8,"turns":2},{"damage":36,"enemies":"3 Sentries","floor":11,"turns":6},{"damage":2,"enemies":"Lots of Slimes","floor":12,"turns":4},{"damage":29,"enemies":"Fading Forest","floor":16,"turns":11},{"damage":0,"enemies":"Shell Parasite","floor":18,"turns":7},{"damage":0,"enemies":"Chosen","floor":19,"turns":4},{"damage":7,"enemies":"Slavers","floor":24,"turns":5},{"damage":0,"enemies":"Snecko","floor":27,"turns":3},{"damage":29,"enemies":"Book of Stabbing","floor":28,"turns":6},{"damage":0,"enemies":"3 Cultists","floor":30,"turns":5},{"damage":0,"enemies":"Chosen and Byrds","floor":31,"turns":5},{"damage":42,"enemies":"Pondfish","floor":33,"turns":13},{"damage":0,"enemies":"Orb Walker","floor":35,"turns":4},{"damage":0,"enemies":"3 Darklings","floor":36,"turns":3},{"damage":23,"enemies":"Jaw Worm Horde","floor":37,"turns":5},{"damage":49,"enemies":"Giant Head","floor":41,"turns":10},{"damage":39,"enemies":"Nemesis","floor":46,"turns":9},{"damage":9,"enemies":"Writhing Mass","floor":47,"turns":6},{"damage":93,"enemies":"Donu and Deca","floor":50,"turns":7}],"seed_played":"3338466529754760060","potions_obtained":[{"floor":7,"key":"ColorlessPotion"},{"floor":12,"key":"Strength Potion"},{"floor":16,"key":"Adrenaline Potion"},{"floor":30,"key":"Dexterity Potion"},{"floor":31,"key":"Languid Potion"},{"floor":35,"key":"CultistPotion"}],"is_trial":false,"path_per_floor":["M","?","?","M","?","R","E","M","T","R","E","M","$","$","R","B",null,"M","M","?","?","?","R","E","?","T","M","E","R","M","M","R","B",null,"M","M","M","?","$","R","E","R","T","$","R","E","M","?","R","B"],"character_chosen":"DEFECT","items_purchased":["Lizard Tail","Replay:Baseball","ReplayTheSpireMod:Omega Cannon","ReplayTheSpireMod:CursedCoin","hubris:MedicalManual"],"campfire_rested":5,"item_purchase_floors":[13,39,39,39,39],"current_hp_per_floor":[74,74,74,74,74,74,57,57,57,57,21,21,21,21,44,27,79,79,79,79,79,79,79,74,74,74,74,45,45,47,47,71,29,83,83,83,60,60,60,60,11,35,35,35,59,22,13,13,38,0,0],"gold":96,"neow_bonus":"RANDOM_EVENT","is_daily":false,"chose_seed":false,"campfire_upgraded":4,"win_rate":0.0,"timestamp":1608587753,"path_taken":["M","?","?","M","?","R","E","M","T","R","E","?","?","$","R","BOSS","M","M","?","?","?","R","E","?","T","M","E","R","M","M","R","BOSS","M","M","M","?","$","R","E","R","T","?","R","E","M","?","R","BOSS"],"items_purchased_type":["Relic","Relic","Card","Relic","Relic"],"build_version":"2020-12-13","purchased_purges":1,"victory":false,"max_hp_per_floor":[75,75,75,75,75,75,75,75,75,75,75,77,77,77,77,79,79,79,79,79,79,79,79,81,81,81,81,81,81,83,83,83,83,83,83,83,83,83,83,83,83,83,83,83,83,85,85,85,85,85,85],"card_choices":[{"not_picked":["Sweeping Beam","Reprogram"],"picked":"Panic Button","floor":1},{"not_picked":["Turbo","Cold Snap"],"picked":"Sweeping Beam","floor":4},{"not_picked":["Hologram","conspire:Rain","Rebound"],"picked":"SKIP","floor":7},{"not_picked":["Hyperbeam","Stack"],"picked":"BasicCrystalCard","floor":8},{"not_picked":["Ball Lightning","Recycle"],"picked":"Echo Form","floor":11},{"not_picked":["Barrage","ReplayTheSpireMod:Repulse","ReplaySort"],"picked":"Singing Bowl","floor":12},{"not_picked":["Multi-Cast","hubris:DoWhile","Creative AI"],"picked":"Singing Bowl","floor":16},{"not_picked":["Beam Cell","Coolheaded"],"picked":"Streamline","floor":18},{"not_picked":["BasicCrystalCard","Stack"],"picked":"Sweeping Beam+1","floor":19},{"not_picked":["Compile Driver","conspire:SharedLibrary","Sunder"],"picked":"Singing Bowl","floor":24},{"not_picked":["Panic Button","BasicCrystalCard"],"picked":"Ball Lightning+1","floor":27},{"not_picked":["Coolheaded","FIFO Queue"],"picked":"Conserve Battery+1","floor":28},{"not_picked":["Stack+1","Sweeping Beam","Compile Driver"],"picked":"Singing Bowl","floor":30},{"not_picked":["Leap","Force Field"],"picked":"Turbo+1","floor":31},{"not_picked":["All For One","Echo Form"],"picked":"Thunder Strike","floor":33},{"not_picked":["Beam Cell","Hologram"],"picked":"Darkness+1","floor":35},{"not_picked":["Reinforced Body+1","White Noise+1"],"picked":"BootSequence+1","floor":36},{"not_picked":["Storm","Conserve Battery"],"picked":"Go for the Eyes","floor":37},{"not_picked":["Compile Driver+1","BasicCrystalCard"],"picked":"Electrodynamics","floor":41},{"not_picked":["Biased Cognition","Stack","Coolheaded"],"picked":"Singing Bowl","floor":46},{"not_picked":["Static Discharge+1","Barrage+1"],"picked":"Ball Lightning+1","floor":47}],"player_experience":477827,"relics_obtained":[{"floor":7,"key":"Replay:Rubber Ducky"},{"floor":9,"key":"Singing Bowl"},{"floor":11,"key":"Thread and Needle"},{"floor":24,"key":"conspire:BottledYoYo"},{"floor":28,"key":"CCEMRelics:GrindingGear"},{"floor":41,"key":"Centennial Puzzle"},{"floor":43,"key":"Vajra"},{"floor":46,"key":"Whetstone"}],"event_choices":[{"damage_healed":0,"gold_gain":0,"player_choice":"Box","damage_taken":0,"relics_obtained":["CCEMRelics:SpiritsEdge"],"max_hp_gain":0,"max_hp_loss":0,"event_name":"Big Fish","floor":0,"gold_loss":0,"cards_obtained":["Regret"]},{"damage_healed":0,"gold_gain":100,"player_choice":"Pray","damage_taken":0,"max_hp_gain":0,"max_hp_loss":0,"event_name":"Golden Shrine","floor":5,"gold_loss":0},{"damage_healed":0,"gold_gain":0,"player_choice":"Ignored","damage_taken":0,"max_hp_gain":0,"max_hp_loss":0,"event_name":"Ghosts","floor":21,"gold_loss":0},{"damage_healed":0,"gold_gain":0,"player_choice":"Ignored","damage_taken":0,"max_hp_gain":0,"max_hp_loss":0,"event_name":"Vampires","floor":22,"gold_loss":0},{"damage_healed":0,"gold_gain":0,"player_choice":"Ignored","damage_taken":0,"max_hp_gain":0,"max_hp_loss":0,"event_name":"Transmorgrifier","floor":38,"gold_loss":0},{"damage_healed":0,"gold_gain":0,"player_choice":"Upgraded","damage_taken":0,"max_hp_gain":0,"max_hp_loss":0,"event_name":"Upgrade Shrine","floor":48,"gold_loss":0,"cards_upgraded":["Thunder Strike"]}],"is_beta":false,"boss_relics":[{"not_picked":["CCEMRelics:TransientCore","hubris:VirtuousBlindfold"],"picked":"Empty Cage"},{"not_picked":["aspiration:WatcherSkillbook","conspire:SpecialSausage"],"picked":"aspiration:PoetsPen_weak"}],"items_purged_floors":[39],"is_endless":false,"potions_floor_spawned":[7,12,16,18,30,31,35,41],"killed_by":"Donu and Deca","ascension_level":1}}