{"host":"cbnfbo28eyz4xcn1","time":1608585833,"event":{"mods":["BaseMod","Colored Map","Colored Powertips","Infinite Spire","Minty Spire (QoL Compilation)","Replay The Spire","StSLib"],"gold_per_floor":[114,128,128,203,221,239,262,262,262,283,283,308,308,7,7,131,131,144,144,144,144],"floor_reached":20,"playtime":740,"items_purged":[],"score":232,"play_id":"4b2c55cd-d814-4b2c-bd61-800717dedb88","local_time":"20201221222353","is_ascension_mode":true,"campfire_choices":[{"floor":8,"key":"REST"},{"data":"Skewer","floor":11,"key":"SMITH"},{"data":"Poisoned Stab","floor":13,"key":"SMITH"},{"data":"Infinite Blades","floor":15,"key":"SMITH"}],"circlet_count":0,"master_deck":["Strike_G","Strike_G","Strike_G","Strike_G","Strike_G","Defend_G","Defend_G","Defend_G","Defend_G","Defend_G","Survivor","Neutralize","Skewer+1","Infinite Blades+1","Hidden Blade","Poisoned Stab+1","Quick Slash","Well Laid Plans","ReplayTheSpireMod:Scrap Shanks","Wraith Form v2","Footwork","Spreading Infection"],"relics":["Ring of the Snake","Potion Belt","Golden Idol","infinitespire:CursedDice","Snake Skull","Lee\u0027s Waffle","Ring of Panic","ReplayTheSpireMod:Ring of Challenge"],"acts_visited":["Exordium","TheCity"],"potions_floor_usage":[10,16,16],"damage_taken":[{"damage":2,"enemies":"2 Louse","floor":1,"turns":4},{"damage":9,"enemies":"Small Slimes","floor":2,"turns":3},{"damage":3,"enemies":"Cultist","floor":5,"turns":4},{"damage":12,"enemies":"Blue Slaver","floor":6,"turns":4},{"damage":0,"enemies":"2 Fungi Beasts","floor":7,"turns":4},{"damage":10,"enemies":"Gremlin Gang","floor":10,"turns":5},{"damage":1,"enemies":"Blue Slaver","floor":12,"turns":3},{"damage":51,"enemies":"The Guardian","floor":16,"turns":8},{"damage":33,"enemies":"Spheric Guardian","floor":18,"turns":4}],"seed_played":"5617692158281831680","potions_obtained":[{"floor":1,"key":"CultistPotion"},{"floor":7,"key":"Regen Potion"},{"floor":10,"key":"GhostInAJar"},{"floor":16,"key":"GamblersBrew"}],"is_trial":false,"path_per_floor":["M","M","?","?","M","M","M","R","T","M","R","M","R","$","R","B",null,"M","?","AVR"],"character_chosen":"THE_SILENT","items_purchased":["Snake Skull","Lee\u0027s Waffle"],"campfire_rested":1,"item_purchase_floors":[14,14],"current_hp_per_floor":[61,52,52,41,38,26,26,45,45,47,47,46,46,72,72,21,59,26,26,26,26],"gold":144,"neow_bonus":"RANDOM_COMMON_RELIC","is_daily":false,"chose_seed":false,"campfire_upgraded":3,"win_rate":0.0,"timestamp":1608585833,"path_taken":["M","M","?","?","M","M","M","R","T","M","R","M","R","$","R","BOSS","M","?","AVR"],"items_purchased_type":["Relic","Relic"],"build_version":"2020-12-13","purchased_purges":0,"victory":false,"max_hp_per_floor":[70,70,65,65,65,65,65,65,65,65,65,65,65,72,72,72,72,72,72,72,72],"card_choices":[{"not_picked":["Catalyst","ReplayTheSpireMod:Tripwire"],"picked":"Skewer","floor":1},{"not_picked":["Flying Knee","Dodge and Roll"],"picked":"Infinite Blades","floor":2},{"not_picked":["Underhanded Strike","Deadly Poison"],"picked":"Hidden Blade","floor":5},{"not_picked":["Caltrops","Prepared"],"picked":"Poisoned Stab","floor":6},{"not_picked":["Tactician","Sucker Punch"],"picked":"Quick Slash","floor":7},{"not_picked":["Flying Knee","Escape Plan"],"picked":"Well Laid Plans","floor":10},{"not_picked":["Well Laid Plans","Underhanded Strike"],"picked":"ReplayTheSpireMod:Scrap Shanks","floor":12},{"not_picked":["Storm of Steel","Adrenaline"],"picked":"Wraith Form v2","floor":16},{"not_picked":["Flying Knee","Deadly Poison"],"picked":"Footwork","floor":18}],"player_experience":443684,"relics_obtained":[{"floor":9,"key":"infinitespire:CursedDice"},{"floor":19,"key":"Ring of Panic"},{"floor":19,"key":"ReplayTheSpireMod:Ring of Challenge"}],"event_choices":[{"damage_healed":0,"gold_gain":0,"player_choice":"Lose Max HP","damage_taken":0,"relics_obtained":["Golden Idol"],"max_hp_gain":0,"max_hp_loss":5,"event_name":"Golden Idol","floor":3,"gold_loss":0},{"damage_healed":0,"gold_gain":75,"player_choice":"Gather Gold","damage_taken":11,"max_hp_gain":0,"max_hp_loss":0,"event_name":"World of Goop","floor":4,"gold_loss":0}],"is_beta":false,"boss_relics":[{"not_picked":["Snecko Eye","Replay:Drink Me","Kintsugi"]}],"items_purged_floors":[],"is_endless":false,"potions_floor_spawned":[1,7,10,16],"ascension_level":8}}