{"host":"xyexbe31ku0ov20l","time":1608538560,"event":{"mods":["AchievementEnabler","AlwaysNeverKeys","BaseMod","Bestiary","Block Reminder","Colored Map","Colored Powertips","Curses Come First","Displayed Cursed Tome","Minty Spire (QoL Compilation)","Permanent Neow","Quick Restart","Random Character Button","Rare Cards Sparkle","Relic Stats","StSLib"],"gold_per_floor":[117,117,129,141,153,165,177,210,245,296,329,341,341],"floor_reached":12,"playtime":1354,"items_purged":[],"score":152,"play_id":"0446590e-d930-4534-9feb-572381cb2f27","local_time":"20201221001600","is_ascension_mode":true,"campfire_choices":[{"floor":7,"key":"REST"}],"circlet_count":0,"master_deck":["AscendersBane","Strike_G","Strike_G","Strike_G","Strike_G","Strike_G","Defend_G","Defend_G","Defend_G","Defend_G","Defend_G","Survivor","Neutralize","Deflect","Injury","Backstab","Deadly Poison","Catalyst"],"relics":["Busted Crown","MawBank","Golden Idol","Darkstone Periapt","Mummified Hand","Lantern","Bottled Lightning"],"acts_visited":["Exordium"],"potions_floor_usage":[10,12],"damage_taken":[{"damage":8,"enemies":"Small Slimes","floor":1,"turns":4},{"damage":7,"enemies":"Jaw Worm","floor":8,"turns":6},{"damage":33,"enemies":"3 Sentries","floor":10,"turns":16},{"damage":0,"enemies":"2 Louse","floor":11,"turns":2},{"damage":36,"enemies":"Gremlin Nob","floor":12,"turns":3}],"seed_played":"-2008101800038064881","potions_obtained":[{"floor":8,"key":"SneckoOil"},{"floor":10,"key":"Explosive Potion"}],"is_trial":false,"path_per_floor":["M","?","?","?","T","?","R","M","T","E","M","E"],"character_chosen":"THE_SILENT","items_purchased":[],"campfire_rested":1,"item_purchase_floors":[],"current_hp_per_floor":[51,51,51,51,51,33,52,45,45,12,12,0,0],"gold":341,"neow_bonus":"BOSS_RELIC","is_daily":false,"chose_seed":false,"campfire_upgraded":0,"win_rate":0.0,"timestamp":1608538560,"path_taken":["M","?","?","?","?","?","R","M","T","E","?","E"],"items_purchased_type":[],"build_version":"2020-12-13","purchased_purges":0,"victory":false,"max_hp_per_floor":[66,66,66,66,66,66,66,66,66,66,66,66,66],"relic_stats":{"Darkstone Periapt":0,"Busted Crown":8,"counters":[5,31],"Golden Idol":16,"Mummified Hand":[0],"MawBank":120,"obtain_stats":[{"Darkstone Periapt":5,"Lantern":9,"Busted Crown":0,"Golden Idol":3,"Mummified Hand":6,"Bottled Lightning":10,"MawBank":2,"Ring of the Snake":0},{"Darkstone Periapt":1,"Lantern":2,"Busted Crown":0,"Golden Idol":1,"Mummified Hand":1,"Bottled Lightning":3,"MawBank":1,"Ring of the Snake":0},{"Darkstone Periapt":4,"Lantern":10,"Busted Crown":0,"Golden Idol":4,"Mummified Hand":4,"Bottled Lightning":26,"MawBank":4,"Ring of the Snake":0}]},"card_choices":[{"not_picked":[],"picked":"Deflect","floor":1},{"not_picked":[],"picked":"Backstab","floor":8},{"not_picked":[],"picked":"Deadly Poison","floor":10},{"not_picked":[],"picked":"Catalyst","floor":11}],"player_experience":2259397,"relics_obtained":[{"floor":5,"key":"Darkstone Periapt"},{"floor":9,"key":"Lantern"},{"floor":10,"key":"Bottled Lightning"}],"event_choices":[{"damage_healed":0,"gold_gain":0,"player_choice":"Box","damage_taken":0,"relics_obtained":["MawBank"],"max_hp_gain":0,"max_hp_loss":0,"event_name":"Big Fish","floor":2,"gold_loss":0,"cards_obtained":["Regret"]},{"damage_healed":0,"gold_gain":0,"player_choice":"Take Wound","damage_taken":0,"relics_obtained":["Golden Idol"],"max_hp_gain":0,"max_hp_loss":0,"event_name":"Golden Idol","floor":3,"gold_loss":0,"cards_obtained":["Injury"]},{"cards_removed":["Regret"],"damage_healed":0,"gold_gain":0,"player_choice":"Forget","damage_taken":0,"max_hp_gain":0,"max_hp_loss":0,"event_name":"Living Wall","floor":4,"gold_loss":0},{"damage_healed":0,"gold_gain":0,"player_choice":"Success","damage_taken":18,"relics_obtained":["Mummified Hand"],"max_hp_gain":0,"max_hp_loss":0,"event_name":"Scrap Ooze","floor":6,"gold_loss":0}],"is_beta":false,"boss_relics":[],"items_purged_floors":[],"is_endless":false,"potions_floor_spawned":[8,10],"killed_by":"Gremlin Nob","ascension_level":20}}