{"host":"kta213tp32cz47du","time":1608571288,"event":{"mods":["BaseMod","Better Altar","Better Match","Better Note","Better Sensory Stone","Better Skull","Better Third Choice","Better Vampires","Colored Map","Colored Powertips","Conspire","Curses Come First","Displayed Cursed Tome","Downfall","Force Act Four","Hubris","Infinite Spire","JesterMod","Magitek Elite","Marisa????????","Minty Spire (QoL Compilation)","Permanent Neow","Potion Indicator Mod","QueenMod","Quick Restart","Rare Cards Sparkle","Replay The Spire","Shade Mod","Shop Mod","Spikes Relics","StSLib","The Animator","The Blue Laboratory","The Bug Knight","The Cursed","The Servant 0.9.4","TheSwordswoman","TheVelvet","TheWitcher","vexMod"],"gold_per_floor":[99,99,109,109,128,138,138,138,164,89,103,103,7,25,36,134,134,134,134,162,162,162,190,190,190,220,220,220,21,21,34,54,157,157,157,167,67,97,115,115,115,40,40,40,57,67,67,87,107,107],"floor_reached":51,"playtime":5689,"items_purged":[],"score":808,"play_id":"4b792068-0c7d-4269-9992-23fff24bb9f0","local_time":"20201221172128","is_ascension_mode":false,"campfire_choices":[{"floor":1,"key":"DIG"},{"data":"Guardian:TwinSlam","floor":4,"key":"SMITH"},{"data":"Guardian:TimeSifter","floor":8,"key":"SMITH"},{"data":"Guardian:SphericShield","floor":10,"key":"SMITH"},{"data":"Guardian:CurlUp","floor":10,"key":"SMITH"},{"data":"Guardian:CrystalBeam","floor":18,"key":"SMITH"},{"data":"Guardian:Reroute","floor":18,"key":"SMITH"},{"data":"infinitespire:UltimateForm","floor":21,"key":"SMITH"},{"data":"infinitespire:Starlight","floor":21,"key":"SMITH"},{"data":"Guardian:PiercingHide","floor":25,"key":"SMITH"},{"data":"Guardian:DecasProtection","floor":25,"key":"SMITH"},{"data":"Guardian:Strike_Guardian","floor":27,"key":"SMITH"},{"data":"Guardian:Strike_Guardian","floor":27,"key":"SMITH"},{"data":"hubris:DuctTapeCard","floor":35,"key":"SMITH"},{"data":"Guardian:RevengeProtocol","floor":35,"key":"SMITH"},{"data":"Guardian:WalkerClaw","floor":40,"key":"SMITH"},{"data":"Guardian:Reroute","floor":40,"key":"SMITH"},{"data":"Guardian:Incinerate","floor":42,"key":"SMITH"},{"data":"Guardian:Preprogram","floor":42,"key":"SMITH"},{"data":"Guardian:Strike_Guardian","floor":44,"key":"SMITH"},{"data":"Guardian:Defend_Guardian","floor":44,"key":"SMITH"}],"circlet_count":0,"master_deck":["Guardian:Strike_Guardian+1","Guardian:Defend_Guardian","Guardian:Defend_Guardian+1","Guardian:Defend_Guardian","Guardian:Defend_Guardian","Guardian:CurlUp+1","Guardian:TwinSlam+1","Guardian:TimeSifter+1","Guardian:SphericShield+1","Guardian:Reroute+1","Guardian:CrystalBeam+1","Guardian:DecasProtection+1","Guardian:PiercingHide+1","Guardian:TwinSlam+1","infinitespire:Starlight+1","infinitespire:UltimateForm+1","Guardian:Reroute+1","Guardian:Preprogram+1","Guardian:Incinerate+1","hubris:DuctTapeCard+2","Guardian:TemporalStrike+1","Guardian:Emergency+1","Guardian:RevengeProtocol+1","Guardian:WalkerClaw+1","Guardian:Planning+1","Guardian:DecasProtection+1","Guardian:ChargeUp+1","Guardian:Gem_Purple","Guardian:TimeBomb"],"relics":["Guardian:ModeShifter","Lantern","hubris:OldNail","Replay:Arrowhead","downfall:HeartBlessingGreen","hubris:TerracottaHorce","DollysMirror","Honey Jar","Potion Belt","Snack Pack","ReplayTheSpireMod:TigerMarble","Mango","hubris:DuctTape","Runic Pyramid","Pen Nib","downfall:HeartBlessingBlue","hubris:Icosahedron"],"acts_visited":["Exordium","TheCity","TheBeyond"],"potions_floor_usage":[16,16,16,20,50],"damage_taken":[{"damage":0,"enemies":"2 Louse","floor":3,"turns":3},{"damage":0,"enemies":"Small Slimes","floor":5,"turns":4},{"damage":0,"enemies":"infinitespire:Voidling","floor":6,"turns":4},{"damage":38,"enemies":"HollowMod:MossKnight","floor":9,"turns":18},{"damage":0,"enemies":"conspire:2 RoseBushes","floor":11,"turns":6},{"damage":0,"enemies":"downfall:FleeingMerchant","floor":13,"turns":4},{"damage":10,"enemies":"Large Slime","floor":14,"turns":6},{"damage":0,"enemies":"Exordium Wildlife","floor":15,"turns":5},{"damage":17,"enemies":"downfall:Defect","floor":16,"turns":11},{"damage":3,"enemies":"conspire:Head Lice","floor":20,"turns":7},{"damage":5,"enemies":"Book of Stabbing","floor":23,"turns":4},{"damage":19,"enemies":"conspire:SneckoGhost","floor":26,"turns":8},{"damage":0,"enemies":"downfall:FleeingMerchant","floor":29,"turns":4},{"damage":0,"enemies":"conspire:FuzzyDice","floor":31,"turns":2},{"damage":0,"enemies":"Chosen","floor":32,"turns":4},{"damage":0,"enemies":"downfall:Ironclad","floor":33,"turns":6},{"damage":0,"enemies":"Orb Walker","floor":36,"turns":3},{"damage":12,"enemies":"Reptomancer","floor":38,"turns":4},{"damage":5,"enemies":"3 Darklings","floor":39,"turns":3},{"damage":8,"enemies":"Jaw Worm Horde","floor":45,"turns":3},{"damage":0,"enemies":"Spire Growth","floor":46,"turns":2},{"damage":0,"enemies":"4 Shapes","floor":48,"turns":3},{"damage":0,"enemies":"Writhing Mass","floor":49,"turns":3},{"damage":12,"enemies":"downfall:Silent","floor":50,"turns":6}],"seed_played":"-2825920661442305685","potions_obtained":[{"floor":3,"key":"Venom Potion"},{"floor":9,"key":"blueLaboratory:StoneskinPotion"},{"floor":14,"key":"blueLaboratory:TrueEctoplasm"},{"floor":15,"key":"BlessingOfTheForge"},{"floor":16,"key":"LiquidMemories"},{"floor":20,"key":"blueLaboratory:HorrorPotion"},{"floor":26,"key":"blueLaboratory:HummingbirdPotion"},{"floor":32,"key":"Explosive Potion"},{"floor":33,"key":"blueLaboratory:TrueEctoplasm"},{"floor":45,"key":"DistilledChaos"},{"floor":48,"key":"Swift Potion"},{"floor":49,"key":"LiquidMemories"}],"is_trial":false,"path_per_floor":["R_BF","?","M","R","M","M","T","R","E","R","M","?","$","M","M","B",null,"R","AVR","E","R","?","E","T","R","E","R","?","$","T","M","M","B",null,"R","M","NS","E","M","R","T","R","?","R","M","M","?","M","M","B",null],"character_chosen":"GUARDIAN","items_purchased":["Guardian:DecasProtection","Guardian:FloatingOrbs","Guardian:Preprogram","Guardian:Incinerate"],"campfire_rested":0,"item_purchase_floors":[13,29,29,29],"current_hp_per_floor":[80,80,80,80,80,80,80,80,42,42,42,42,42,32,32,15,64,64,64,71,71,71,66,66,66,75,75,75,92,92,94,94,94,94,94,94,94,94,94,94,94,104,104,104,104,104,104,104,104,94],"gold":107,"neow_bonus":"REMOVE_CARD","is_daily":false,"chose_seed":false,"campfire_upgraded":20,"win_rate":0.0,"timestamp":1608571288,"path_taken":["R_BF","?","M","R","M","M","T","R","E","R","M","?","$","?","M","BOSS","R","AVR","E","R","?","E","T","R","E","R","?","$","?","M","M","BOSS","R","M","NS","E","M","R","T","R","?","R","?","?","?","M","M","BOSS"],"items_purchased_type":["Card","Card","Card","Card"],"build_version":"2020-12-13","purchased_purges":0,"victory":true,"max_hp_per_floor":[80,80,80,80,80,80,80,80,80,80,80,80,80,80,80,80,80,80,80,80,80,80,80,80,80,94,94,94,94,94,94,94,94,94,94,94,94,94,94,94,94,104,104,104,104,104,104,104,104,104],"card_choices":[{"not_picked":["Guardian:TemporalStrike","Guardian:TemporalShield"],"picked":"Guardian:Gem_Blue","floor":3},{"not_picked":["Guardian:Planning","Guardian:RollAttack"],"picked":"Guardian:TimeSifter","floor":5},{"not_picked":["Guardian:Gem_Red","Guardian:PrismaticBeam"],"picked":"Guardian:Gem_Purple","floor":6},{"not_picked":["Guardian:RefractedBeam","Guardian:PolyBeam"],"picked":"Guardian:SphericShield","floor":9},{"not_picked":["Guardian:TemporalStrike","Guardian:WalkerClaw"],"picked":"Guardian:Reroute","floor":11},{"not_picked":["Guardian:VentSteam","Guardian:ShieldCharger"],"picked":"Guardian:CrystalBeam","floor":13},{"not_picked":["Guardian:PolyBeam","Guardian:Emergency"],"picked":"Guardian:PiercingHide","floor":14},{"not_picked":["Guardian:BronzeArmor","Guardian:TemporalStrike"],"picked":"Guardian:Gem_Purple","floor":15},{"not_picked":["Guardian:StasisField","Guardian:RevengeProtocol"],"picked":"Guardian:Gem_Orange","floor":16},{"not_picked":["Guardian:Incinerate","Guardian:PrismaticBarrier+1","Guardian:Recover"],"picked":"Guardian:Gem_Crimson","floor":20},{"not_picked":["Guardian:SentryBeam+1","Guardian:Gem_Cyan","Guardian:TemporalStrike+1"],"picked":"Guardian:Gem_Synthetic","floor":23},{"not_picked":["Guardian:Gem_Blue","Guardian:TimeCapacitor","Guardian:Harden"],"picked":"Guardian:Gem_Fragmented","floor":26},{"not_picked":["Guardian:VentSteam+1","Guardian:Gem_Cyan","Guardian:PiercingHide"],"picked":"Guardian:Reroute","floor":29},{"not_picked":["Guardian:CrystalBeam","Guardian:WalkerClaw","Guardian:ChargeCore"],"picked":"Guardian:TemporalStrike+1","floor":31},{"not_picked":["Guardian:PiercingHide","Guardian:Gem_Orange","Guardian:TimeCapacitor"],"picked":"Guardian:Emergency+1","floor":32},{"not_picked":["Guardian:TimeSifter","Guardian:ConstructionForm","Guardian:HyperBeam_Guardian"],"picked":"Guardian:RevengeProtocol","floor":33},{"not_picked":["Guardian:Gem_Lightblue","Guardian:VentSteam","Guardian:Incinerate"],"picked":"Guardian:WalkerClaw","floor":36},{"not_picked":["Guardian:Reroute","Guardian:TemporalShield+1","Guardian:FastForward"],"picked":"Guardian:Gem_Lightblue","floor":38},{"not_picked":["Guardian:Gem_Fragmented","Guardian:WalkerClaw","Guardian:Gem_Cyan"],"picked":"Guardian:Planning+1","floor":39},{"not_picked":["Guardian:TimeCapacitor","Guardian:VentSteam+1","Guardian:ShieldCharger+1"],"picked":"Guardian:DecasProtection+1","floor":45},{"not_picked":["Guardian:Gem_Green","Guardian:PrimingBeam+1","Guardian:RollAttack+1"],"picked":"Guardian:ChargeUp+1","floor":46},{"not_picked":["Guardian:AncientConstruct","Guardian:TemporalShield","Guardian:BronzeArmor+1"],"picked":"Guardian:Gem_Purple","floor":48},{"not_picked":["Guardian:Incinerate+1","Guardian:MultiBeam","Guardian:TemporalShield+1"],"picked":"Guardian:TimeBomb","floor":49}],"player_experience":284753,"relics_obtained":[{"floor":1,"key":"Lantern"},{"floor":7,"key":"hubris:OldNail"},{"floor":9,"key":"Replay:Arrowhead"},{"floor":20,"key":"Potion Belt"},{"floor":23,"key":"Snack Pack"},{"floor":24,"key":"ReplayTheSpireMod:TigerMarble"},{"floor":26,"key":"Mango"},{"floor":30,"key":"hubris:DuctTape"},{"floor":38,"key":"Pen Nib"}],"event_choices":[{"cards_removed":["Guardian:Defend_Guardian"],"damage_healed":0,"gold_gain":0,"player_choice":"Give","damage_taken":0,"max_hp_gain":0,"max_hp_loss":0,"event_name":"betterNote:BetterNote","floor":12,"gold_loss":0,"cards_obtained":["Strike_R"]}],"is_beta":false,"boss_relics":[{"not_picked":["vexMod:MegatonBomb","Cursed Key"],"picked":"hubris:TerracottaHorce"},{"not_picked":["Kintsugi","hubris:GrandSneckoEye"],"picked":"Runic Pyramid"}],"items_purged_floors":[],"is_endless":false,"potions_floor_spawned":[3,9,14,15,16,20,26,32,33,45,48,49],"ascension_level":0}}