{"host":"21h5e52imz35vo8g","time":1608552256,"event":{"mods":["AchievementEnabler","BaseMod","Colored Map","Colored Powertips","Googly Eyes","Minty Spire (QoL Compilation)","Quick Restart","Rare Cards Sparkle","Replay The Spire","StSLib"],"gold_per_floor":[114,13,88,88,88,88,99,99,99,99,134,153,153,181,181,181,181],"floor_reached":16,"playtime":1552,"items_purged":["Defend_R"],"score":143,"play_id":"f6517e35-b39e-4e73-9be3-a4bcbbe869c9","local_time":"20201221200416","is_ascension_mode":true,"campfire_choices":[{"data":"Bash","floor":6.0,"key":"SMITH"},{"data":"Armaments","floor":10.0,"key":"SMITH"},{"data":"Inflame","floor":15.0,"key":"SMITH"}],"circlet_count":0,"master_deck":["Strike_R","Strike_R","Strike_R","Strike_R","Defend_R","Defend_R","Defend_R","Bash+1","Inflame+1","Flex","Infernal Blade+1","Armaments+1","Dual Wield+1"],"relics":["Mark of Pain","Golden Egg","Bag of Marbles","Replay:Baseball","Calipers"],"acts_visited":[],"potions_floor_usage":[],"damage_taken":[{"damage":0.0,"enemies":"Cultist","floor":1.0,"turns":3.0},{"damage":0.0,"enemies":"Small Slimes","floor":7.0,"turns":2.0},{"damage":5.0,"enemies":"3 Sentries","floor":11.0,"turns":4.0},{"damage":0.0,"enemies":"Jaw Worm","floor":12.0,"turns":3.0},{"damage":25.0,"enemies":"Lagavulin","floor":14.0,"turns":5.0},{"damage":0,"enemies":"Hexaghost","floor":16,"turns":2}],"seed_played":"-3489104876819206874","potions_obtained":[{"floor":1.0,"key":"AttackPotion"},{"floor":12.0,"key":"Weak Potion"},{"floor":14.0,"key":"BloodPotion"}],"is_trial":false,"path_per_floor":["M","$","?","?","?","R","M","$","T","R","E","M","?","E","R","B"],"character_chosen":"IRONCLAD","items_purchased":["Flex"],"campfire_rested":0,"item_purchase_floors":[2],"current_hp_per_floor":[72,72,61,49,49,49,49,49,49,49,44,44,44,35,35,35,35],"gold":181,"neow_bonus":"BOSS_RELIC","is_daily":false,"chose_seed":false,"campfire_upgraded":3,"win_rate":0.0,"timestamp":1608552256,"path_taken":["M","$","?","?","?","R","M","$","T","R","E","M","?","E","R","BOSS"],"items_purchased_type":["Card"],"build_version":"2020-12-13","purchased_purges":1,"victory":false,"max_hp_per_floor":[80,80,80,80,80,80,80,80,80,80,80,80,80,80,80,80,80],"card_choices":[{"not_picked":["Carnage","Heavy Blade"],"picked":"Inflame","floor":1.0},{"not_picked":["True Grit","Twin Strike"],"picked":"Armaments","floor":7.0},{"not_picked":["Havoc","ReplayTheSpireMod:Strike From Hell"],"picked":"Dual Wield","floor":11.0},{"not_picked":["Iron Wave","Body Slam","Shockwave"],"picked":"SKIP","floor":12.0},{"not_picked":["Body Slam","Clash","Sentinel"],"picked":"SKIP","floor":14.0}],"player_experience":303175,"relics_obtained":[{"floor":9.0,"key":"Bag of Marbles"},{"floor":11.0,"key":"Replay:Baseball"},{"floor":14.0,"key":"Calipers"}],"event_choices":[{"damage_healed":0.0,"max_hp_gain":0.0,"max_hp_loss":0.0,"gold_gain":75.0,"event_name":"World of Goop","player_choice":"Gather Gold","floor":3.0,"gold_loss":0.0,"damage_taken":11.0},{"damage_healed":0.0,"max_hp_gain":0.0,"max_hp_loss":0.0,"gold_gain":0.0,"event_name":"Scrap Ooze","player_choice":"Success","floor":4.0,"gold_loss":0.0,"damage_taken":12.0,"relics_obtained":["Golden Egg"]},{"damage_healed":0.0,"max_hp_gain":0.0,"max_hp_loss":0.0,"gold_gain":0.0,"event_name":"Living Wall","player_choice":"Grow","floor":13.0,"gold_loss":0.0,"damage_taken":0.0,"cards_upgraded":["Dual Wield"]}],"is_beta":false,"boss_relics":[],"items_purged_floors":[2],"is_endless":false,"potions_floor_spawned":[1,12,14],"killed_by":"Hexaghost","ascension_level":7}}