{"host":"j1qceugmsvfpp1ru","time":1608559550,"event":{"mods":["2.2 Compatiblity","AchievementEnabler","Act Like it!","BaseMod","Better Altar","Better Third Choice","Block Reminder","Colored Map","Conspire","Downfall","Elementarium","Highlight Path","Hubris","Infinite Spire","Marked Mod","Menagerie","Minty Spire (QoL Compilation)","Replay The Spire","Retaliation","Shade Mod","Spicy Shops","StSLib","The Animator","Waifu the Spire"],"gold_per_floor":[197,197,197,197,230,230,311,338,338,367,395,395,414,414,436,549,549,549,549,569,569,90,110,182,202,253,103,166,192,212,212,238,347,347,347,398,32,32,32,32,32,71,88,88,106,30,45,57,78,78],"floor_reached":51,"playtime":5951,"items_purged":["Pain"],"score":759,"play_id":"98d9dc5b-4805-4311-b758-9963949f4aa1","local_time":"20201221230550","is_ascension_mode":false,"campfire_choices":[{"data":"hexamod:TimeOfNeed","floor":6,"key":"SMITH"},{"data":"hexamod:GhostOfSpirePast","floor":9,"key":"SMITH"},{"floor":18,"key":"RECALL"},{"data":"Replay:SS_hec_1","floor":27,"key":"SMITH"},{"floor":35,"key":"DIG"},{"data":"hexamod:TimeOfNeed","floor":39,"key":"SMITH"},{"floor":44,"key":"REST"}],"circlet_count":0,"master_deck":["hexamod:Strike+1","hexamod:Strike+1","hexamod:Strike+1","hexamod:Strike+1","hexamod:Defend+1","hexamod:Defend+1","hexamod:Defend","hexamod:Sear","hexamod:Float","hexamod:SecondSeal","hexamod:InspiringFlames","hexamod:GhostOfSpirePast+1","hexamod:WildfireWeapon+1","hexamod:BacktrackSmack","hexamod:HexaLevel","hexamod:FirstSeal","hexamod:FlamesFromBeyond","hexamod:FlamesFromBeyond","hexamod:EmpoweredFlame","hexamod:VolcanoVisage","hexamod:GhostLash+1","hexamod:ThermalTransfer+1","Replay:SS_hec_1+1","hexamod:ThermalTransfer+1","hexamod:StepThrough+1","hexamod:EmpoweredFlame","hexamod:EtherealExpedition+1","hexamod:TimeOfNeed+1","hexamod:SpectersWail+1","hexamod:Firestarter+1","hexamod:FourthSeal","expansioncontent:StudyTheSpire+1","animator:Gillette+1","hexamod:SixthSeal"],"relics":["hexamod:SpiritBrand","downfall:HeartsMalice","conspire:Dentures","Molten Egg 2","Whetstone","Bottled Lightning","WarpedTongs","hubris:ScarierMask","downfall:KnowingSkull","Happy Flower","Oddly Smooth Stone","Replay:Bottled Eggs","Darkstone Periapt","downfall:HeartBlessingRed","downfall:HeartBlessingGreen","hubris:DeckOfHolding","hubris:RunicObelisk","hexamod:IceCube","Meat on the Bone","PreservedInsect","Pear","Onion Ring","War Paint","MealTicket"],"acts_visited":["Exordium","TheCity","TheBeyond"],"potions_floor_usage":[16,22,22,23,26,33,37,37,37,37,50,50,50,50],"damage_taken":[{"damage":0,"enemies":"Small Slimes","floor":4,"turns":1},{"damage":0,"enemies":"Lagavulin","floor":5,"turns":1},{"damage":0,"enemies":"3 Sentries","floor":8,"turns":1},{"damage":4,"enemies":"Cultist","floor":10,"turns":4},{"damage":1,"enemies":"2 Louse","floor":11,"turns":2},{"damage":9,"enemies":"2 Fungi Beasts","floor":13,"turns":4},{"damage":1,"enemies":"Blue Slaver","floor":15,"turns":4},{"damage":31,"enemies":"downfall:Ironclad","floor":16,"turns":7},{"damage":20,"enemies":"conspire:FuzzyDice","floor":20,"turns":5},{"damage":6,"enemies":"downfall:FleeingMerchant","floor":22,"turns":6},{"damage":9,"enemies":"3 Byrds","floor":23,"turns":4},{"damage":8,"enemies":"Shelled Parasite and Fungi","floor":25,"turns":4},{"damage":20,"enemies":"Nightmare","floor":26,"turns":10},{"damage":4,"enemies":"Snake Plant","floor":28,"turns":3},{"damage":10,"enemies":"Sentry and Sphere","floor":29,"turns":4},{"damage":26,"enemies":"Shelled Parasite and Fungi","floor":30,"turns":6},{"damage":1,"enemies":"Snecko","floor":32,"turns":4},{"damage":19,"enemies":"downfall:Watcher","floor":33,"turns":9},{"damage":4,"enemies":"3 Darklings","floor":36,"turns":5},{"damage":5,"enemies":"downfall:FleeingMerchant","floor":37,"turns":4},{"damage":67,"enemies":"Giant Head","floor":42,"turns":9},{"damage":7,"enemies":"3 Shapes","floor":43,"turns":2},{"damage":11,"enemies":"Spire Growth","floor":45,"turns":5},{"damage":9,"enemies":"3 Darklings","floor":47,"turns":4},{"damage":15,"enemies":"4 Shapes","floor":48,"turns":3},{"damage":5,"enemies":"Writhing Mass","floor":49,"turns":4},{"damage":21,"enemies":"downfall:Defect","floor":50,"turns":6}],"seed_played":"8753013945079143948","potions_obtained":[{"floor":8,"key":"Flashbang"},{"floor":13,"key":"Doom Potion"},{"floor":16,"key":"hexamod:DoubleChargePotion"},{"floor":23,"key":"ColorlessPotion"},{"floor":28,"key":"Fire Potion"},{"floor":36,"key":"Fire Potion"},{"floor":42,"key":"Fire Potion"},{"floor":42,"key":"LiquidBronze"},{"floor":47,"key":"hexamod:DoubleChargePotion"}],"is_trial":false,"path_per_floor":["R_BF","?","?","M","E","R","T","E","R","M","M","?","M","?","M","B",null,"R","?","M","?","$","M","T","M","NM","R","M","M","M","AVR","M","B",null,"R_BF","M","$","?","R","?","T","E","M","R","M","$","M","M","M","B",null],"character_chosen":"THE_SPIRIT","items_purchased":["Replay:SS_hec_1","Happy Flower","Oddly Smooth Stone","hexamod:FourthSeal","PreservedInsect","Pear","expansioncontent:StudyTheSpire","Energy Potion","MealTicket"],"campfire_rested":1,"item_purchase_floors":[22,22,22,37,37,37,37,37,46],"current_hp_per_floor":[42,42,42,42,42,42,42,42,42,38,44,44,49,49,55,31,70,70,70,64,57,51,63,63,55,49,49,52,49,37,37,47,35,70,70,70,80,80,80,80,80,59,52,76,72,72,70,62,57,55],"gold":78,"neow_bonus":"THREE_ENEMY_KILL","is_daily":false,"chose_seed":false,"campfire_upgraded":4,"win_rate":0.0,"timestamp":1608559550,"path_taken":["R_BF","?","?","M","E","R","T","E","R","M","M","?","M","?","M","BOSS","R","?","M","?","$","M","T","M","NM","R","?","M","M","AVR","M","BOSS","R_BF","M","$","?","R","?","T","E","M","R","M","$","M","?","M","BOSS"],"items_purchased_type":["Card","Relic","Relic","Card","Relic","Relic","Card","Potion","Relic"],"build_version":"2020-12-13","purchased_purges":1,"victory":true,"max_hp_per_floor":[70,70,70,70,70,70,70,70,70,70,70,70,70,70,70,70,70,70,70,70,70,70,70,70,70,70,70,70,70,70,70,70,70,70,70,70,80,80,80,80,80,80,80,80,80,80,80,80,80,80],"card_choices":[{"not_picked":["hexamod:ThermalTransfer","hexamod:HeatShield"],"picked":"hexamod:SecondSeal","floor":1},{"not_picked":["hexamod:HeatMetal","hexamod:BacktrackSmack"],"picked":"hexamod:InspiringFlames","floor":1},{"not_picked":["hexamod:NightmareGuise","hexamod:NightmareStrike"],"picked":"hexamod:GhostOfSpirePast","floor":1},{"not_picked":["hexamod:HauntingEcho","hexamod:EmpoweredFlame"],"picked":"hexamod:BacktrackSmack","floor":4},{"not_picked":["hexamod:SpectralAdrenaline","hexamod:Firestarter"],"picked":"hexamod:TimeOfNeed","floor":5},{"not_picked":["hexamod:UnleashSpirits+1","hexamod:AdvancingGuard"],"picked":"hexamod:HexaLevel","floor":8},{"not_picked":["hexamod:GhostOfSpireFuture","hexamod:BurningTouch"],"picked":"hexamod:FirstSeal","floor":10},{"not_picked":["hexamod:RainOfEmbers+1","hexamod:InspiringFlames"],"picked":"hexamod:FlamesFromBeyond","floor":11},{"not_picked":["hexamod:Hexaguard","hexamod:NightmareGuise"],"picked":"hexamod:FlamesFromBeyond","floor":13},{"not_picked":["hexamod:HeatShield","hexamod:DynamicBlow+1"],"picked":"hexamod:EmpoweredFlame","floor":15},{"not_picked":["hexamod:CrushingStance+1","hexamod:WildfireWeapon"],"picked":"hexamod:VolcanoVisage","floor":16},{"not_picked":["hexamod:InspiringFlames+1","hexamod:GhostShield"],"picked":"hexamod:GhostLash+1","floor":20},{"not_picked":["hexamod:ParanormalForm","hexamod:SpectralAdrenaline+1"],"picked":"hexamod:ThermalTransfer+1","floor":22},{"not_picked":["hexamod:ShieldOfDarkness","hexamod:Haunt+1"],"picked":"hexamod:ThermalTransfer+1","floor":23},{"not_picked":["hexamod:ThermalTransfer+1","hexamod:FastForward","hexamod:GhostOfSpireFuture"],"picked":"SKIP","floor":25},{"not_picked":["hexamod:RainOfEmbers+1","hexamod:FastForward"],"picked":"hexamod:StepThrough+1","floor":26},{"not_picked":["hexamod:InspiringFlames+1","hexamod:HexaLevel"],"picked":"hexamod:EmpoweredFlame","floor":28},{"not_picked":["hexamod:BacktrackSmack+1","hexamod:FirstSeal","hexamod:NightmareGuise"],"picked":"SKIP","floor":29},{"not_picked":["hexamod:SecondSeal","hexamod:InspiringFlames","hexamod:AdvancingGuard"],"picked":"SKIP","floor":30},{"not_picked":["hexamod:ThermalTransfer+1","hexamod:GhostLash+1"],"picked":"hexamod:EtherealExpedition+1","floor":32},{"not_picked":["hexamod:WildfireWeapon","hexamod:EmpoweringStance"],"picked":"hexamod:TimeOfNeed","floor":33},{"not_picked":["hexamod:GhostOfSpireFuture+1","hexamod:NecessarySacrifice"],"picked":"hexamod:SpectersWail+1","floor":36},{"not_picked":["hexamod:GhostLash+1","hexamod:Haunt+1"],"picked":"hexamod:Firestarter+1","floor":37},{"not_picked":["hexamod:GhostOfSpireFuture","hexamod:UnleashSpirits+1","hexamod:FastForward"],"picked":"SKIP","floor":42},{"not_picked":["hexamod:FastForward","hexamod:AdvancingGuard","hexamod:GhostShield+1"],"picked":"SKIP","floor":43},{"not_picked":["hexamod:AdvancingGuard+1","hexamod:PhantomFireball+1","hexamod:BacktrackSmack+1"],"picked":"SKIP","floor":45},{"not_picked":["hexamod:EtherealExpedition+1","hexamod:HauntingEcho+1"],"picked":"hexamod:SixthSeal","floor":47},{"not_picked":["hexamod:Hexaguard","hexamod:NightmareGuise+1","hexamod:Firestarter+1"],"picked":"SKIP","floor":48},{"not_picked":["hexamod:InspiringFlames+1","hexamod:ThermalTransfer+1","hexamod:NightmareStrike+1"],"picked":"SKIP","floor":49}],"player_experience":391060,"relics_obtained":[{"floor":5,"key":"conspire:Dentures"},{"floor":7,"key":"Molten Egg 2"},{"floor":8,"key":"Whetstone"},{"floor":24,"key":"Replay:Bottled Eggs"},{"floor":26,"key":"Darkstone Periapt"},{"floor":35,"key":"Meat on the Bone"},{"floor":41,"key":"Onion Ring"},{"floor":42,"key":"War Paint"}],"event_choices":[{"damage_healed":0,"gold_gain":0,"player_choice":"Rummage","damage_taken":0,"relics_obtained":["WarpedTongs"],"max_hp_gain":0,"max_hp_loss":0,"event_name":"Accursed Blacksmith","floor":14,"gold_loss":0,"cards_obtained":["Pain"]},{"damage_healed":0,"gold_gain":0,"player_choice":"Leave","damage_taken":0,"max_hp_gain":0,"max_hp_loss":0,"event_name":"conspire:Investor","floor":19,"gold_loss":0},{"cards_removed":["hexamod:TimeOfNeed"],"damage_healed":0,"gold_gain":0,"player_choice":"Took Card","damage_taken":0,"max_hp_gain":0,"max_hp_loss":0,"event_name":"NoteForYourself","floor":40,"gold_loss":0,"cards_obtained":["animator:Gillette"]}],"is_beta":false,"boss_relics":[{"not_picked":["conspire:SlowCooker","ChewingGum"],"picked":"hubris:ScarierMask"},{"not_picked":["hubris:BlackHole","Snecko Eye"],"picked":"hexamod:IceCube"}],"items_purged_floors":[22],"is_endless":false,"potions_floor_spawned":[8,13,16,23,28,30,32,36,42,43],"ascension_level":0}}