{"host":"f0gpob8hq9vgebej","time":1608534011,"event":{"mods":["AchievementEnabler","BaseMod","Googly Eyes","Minty Spire (QoL Compilation)","Quick Restart","SuperFastMode"],"gold_per_floor":[110,120,70,85,98,98,118,136,161,161,179,179,204,55,55,55,55],"floor_reached":16,"playtime":403,"items_purged":["Defend_G"],"score":166,"play_id":"a3dc437e-0088-4000-b12d-237531307b7b","local_time":"20201221160011","is_ascension_mode":true,"campfire_choices":[{"data":"Calculated Gamble","floor":6,"key":"SMITH"},{"data":"Neutralize","floor":10,"key":"SMITH"},{"data":"Envenom","floor":15,"key":"SMITH"}],"circlet_count":0,"master_deck":["AscendersBane","Strike_G","Strike_G","Strike_G","Strike_G","Defend_G","Defend_G","Defend_G","Defend_G","Survivor","Neutralize+1","Backflip","Sucker Punch","PiercingWail","Calculated Gamble+1","Escape Plan","Prepared","Envenom+1","Blade Dance","Cloak And Dagger"],"relics":["Ring of the Snake","Oddly Smooth Stone","Art of War"],"acts_visited":["Exordium"],"potions_floor_usage":[13,13],"damage_taken":[{"damage":16,"enemies":"Jaw Worm","floor":1,"turns":8},{"damage":5,"enemies":"2 Louse","floor":2,"turns":5},{"damage":0,"enemies":"Small Slimes","floor":4,"turns":4},{"damage":0,"enemies":"Exordium Wildlife","floor":5,"turns":4},{"damage":5,"enemies":"2 Fungi Beasts","floor":7,"turns":5},{"damage":0,"enemies":"Blue Slaver","floor":8,"turns":6},{"damage":2,"enemies":"Looter","floor":11,"turns":3},{"damage":29,"enemies":"Lagavulin","floor":13,"turns":9},{"damage":19,"enemies":"Hexaghost","floor":16,"turns":12}],"seed_played":"8653630674629456722","potions_obtained":[{"floor":1,"key":"DistilledChaos"},{"floor":4,"key":"Fire Potion"}],"is_trial":false,"path_per_floor":["M","M","?","M","M","R","M","M","T","R","M","?","E","$","R","B"],"character_chosen":"THE_SILENT","items_purchased":["Blade Dance","Cloak And Dagger"],"campfire_rested":0,"item_purchase_floors":[14,14],"current_hp_per_floor":[54,49,49,49,49,49,44,44,44,44,42,47,18,18,18,0,0],"gold":55,"neow_bonus":"TEN_PERCENT_HP_BONUS","is_daily":false,"chose_seed":false,"campfire_upgraded":3,"win_rate":0.0,"timestamp":1608534011,"path_taken":["M","M","?","M","M","R","M","M","T","R","M","?","E","$","R","BOSS"],"items_purchased_type":["Card","Card"],"build_version":"2020-12-13","purchased_purges":1,"victory":false,"max_hp_per_floor":[77,77,77,77,77,77,77,77,77,77,77,82,82,82,82,82,82],"card_choices":[{"not_picked":["Flying Knee","Dodge and Roll"],"picked":"Backflip","floor":1},{"not_picked":["Dagger Throw","Outmaneuver"],"picked":"Sucker Punch","floor":2},{"not_picked":["Quick Slash","Riddle With Holes"],"picked":"PiercingWail","floor":4},{"not_picked":["Cloak And Dagger","Sucker Punch"],"picked":"Calculated Gamble","floor":5},{"not_picked":["Leg Sweep","Flechettes"],"picked":"Escape Plan","floor":7},{"not_picked":["Dodge and Roll","Choke","A Thousand Cuts"],"picked":"SKIP","floor":8},{"not_picked":["Cloak And Dagger","Flying Knee"],"picked":"Prepared","floor":11},{"not_picked":["Dodge and Roll","PiercingWail"],"picked":"Envenom","floor":13}],"player_experience":180596,"relics_obtained":[{"floor":9,"key":"Oddly Smooth Stone"},{"floor":13,"key":"Art of War"}],"event_choices":[{"cards_removed":["Strike_G"],"damage_healed":0,"gold_gain":0,"player_choice":"Card Removal","damage_taken":0,"max_hp_gain":0,"max_hp_loss":0,"event_name":"The Cleric","floor":3,"gold_loss":50},{"damage_healed":0,"gold_gain":0,"player_choice":"Donut","damage_taken":0,"max_hp_gain":5,"max_hp_loss":0,"event_name":"Big Fish","floor":12,"gold_loss":0}],"is_beta":false,"boss_relics":[],"items_purged_floors":[14],"is_endless":false,"potions_floor_spawned":[1,4,11],"killed_by":"Hexaghost","ascension_level":12}}