{"host":"n2kcse4gu4kap8to","time":1608573676,"event":{"mods":["Act Like it!","Aspiration","BaseMod","Conspire","Dota2Spire","Gensokyo","Minty Spire (QoL Compilation)","Pale of the Ancients","Replay The Spire","Spicy Shops","StSLib","TestMod","The Gatherer","[IsaacMod]ÒÔÈö¼âËþ","vexMod","¡¾ÒÅÎï¿¨ÅÆ¡¿REMEMod"],"gold_per_floor":[112,132,142,42,54,54,81,81,129,408,423,423,423],"floor_reached":12,"playtime":629,"items_purged":[],"score":185,"play_id":"f5f6ca3b-781c-4e9e-9810-bcd18f853d6d","local_time":"20201222020116","is_ascension_mode":true,"campfire_choices":[{"data":"Havoc","floor":6,"key":"SMITH"},{"data":"Carnage","floor":8,"key":"SMITH"}],"circlet_count":0,"master_deck":["AscendersBane","Strike_R","Strike_R","Strike_R","Strike_R","Strike_R","Defend_R","Defend_R","Defend_R","Defend_R","Bash","Gatherer:HeartToFruit","ReplayTheSpireMod:LeadingStrike","Iron Wave","Carnage+1","Havoc+1","Reaper","REME_Scribble+1","True Grit+1"],"relics":["REME_ComplimentaryCards","testmod-TestBox","HushsDoor","TheBible","testmod-IntensifyImprint","Honey Jar","Vajra","HowToJump","Toxic Egg 2","Dota2Spire:AssaultCuirass"],"acts_visited":["Gensokyo:Gensokyo"],"potions_floor_usage":[7,7],"damage_taken":[{"damage":9.0,"enemies":"Gensokyo:Gryphon","floor":1.0,"turns":4.0},{"damage":8.0,"enemies":"Gensokyo:3_Fairies","floor":2.0,"turns":4.0},{"damage":0.0,"enemies":"Gensokyo:Python","floor":3.0,"turns":2.0},{"damage":10,"enemies":"Gensokyo:Kitsune","floor":5,"turns":3},{"damage":19,"enemies":"Gensokyo:Mamizou","floor":7,"turns":9},{"damage":39,"enemies":"Gensokyo:Aya","floor":10,"turns":4},{"damage":16,"enemies":"Gensokyo:Python_and_Kodama","floor":11,"turns":4},{"damage":100000002,"enemies":"Gensokyo:Mamizou","floor":12,"turns":3}],"seed_played":"-7424387907003816288","potions_obtained":[{"floor":1.0,"key":"SteroidPotion"},{"floor":5,"key":"Regen Potion"},{"floor":11,"key":"PowerPotion"}],"is_trial":false,"path_per_floor":["M","M","M","COS","M","R","E","R","T","E","M","E"],"character_chosen":"IRONCLAD","items_purchased":[],"campfire_rested":0,"item_purchase_floors":[],"current_hp_per_floor":[62,54,57,57,50,50,46,46,46,16,12,0,0],"gold":423,"neow_bonus":"BOSS_RELIC","is_daily":false,"chose_seed":false,"campfire_upgraded":2,"win_rate":0.0,"timestamp":1608573676,"path_taken":["M","?","M","COS","M","R","E","R","T","E","M","E"],"items_purchased_type":[],"build_version":"2020-12-13","purchased_purges":0,"victory":false,"max_hp_per_floor":[78,78,81,81,84,84,84,84,84,87,93,96,96],"card_choices":[{"not_picked":[],"picked":"SuicideKing","floor":0.0},{"not_picked":["Perfected Strike","Cleave","Body Slam"],"picked":"ReplayTheSpireMod:LeadingStrike","floor":1.0},{"not_picked":["Sword Boomerang","Headbutt","Twin Strike"],"picked":"Iron Wave","floor":2.0},{"not_picked":["Iron Wave","Warcry","Wild Strike"],"picked":"Carnage","floor":3.0},{"not_picked":["Iron Wave","Massacre","Combust"],"picked":"Havoc","floor":5},{"not_picked":["Evolve","Pommel Strike","Entrench"],"picked":"Reaper","floor":7},{"not_picked":["Anger","Intimidate+1","Armaments+1"],"picked":"REME_Scribble+1","floor":10},{"not_picked":["Entrench+1","Replay:Undeath\u0027s Touch","Cleave"],"picked":"True Grit+1","floor":11}],"player_experience":975235,"relics_obtained":[{"floor":7,"key":"Vajra"},{"floor":9,"key":"HowToJump"},{"floor":10,"key":"Toxic Egg 2"}],"event_choices":[],"is_beta":false,"boss_relics":[],"items_purged_floors":[],"is_endless":false,"potions_floor_spawned":[1,5,11],"killed_by":"Gensokyo:Mamizou","ascension_level":20}}