{"host":"axbb6sj12fvt0d3b","time":1608532697,"event":{"mods":["AchievementEnabler","BaseMod","Better Altar","Better Match","Better Note","Better Sensory Stone","Better Skull","Better Third Choice","BetterRewards","Colored Map","Conspire","Downfall","Hermit","Highlight Path","Infinite Spire","Mimic Mod","Minty Spire (QoL Compilation)","Replay The Spire","Shop Mod","Spicy Shops","StSLib","The Cursed","The Jungle","The Runesmith","The Sage"],"gold_per_floor":[117,117,117,132,132,132,174,188,224,257,10,29,46,62,62,162,162,176,176,109,122,135,165,165,184,184,209,229,229,4,19,19,117,117,127,127,127,145,145,145],"floor_reached":39,"playtime":3767,"items_purged":["Sickly"],"score":518,"play_id":"13eb4516-2dee-4118-86fc-3a77f0ec27ae","local_time":"20201221003817","is_ascension_mode":false,"campfire_choices":[{"floor":6.0,"key":"REST"},{"floor":15,"key":"REST"},{"floor":24,"key":"REST"},{"data":"TheCursedMod:SpitefulPlan","floor":32,"key":"SMITH"}],"circlet_count":0,"master_deck":["TheCursedMod:Strike_TheCursed","TheCursedMod:Strike_TheCursed","TheCursedMod:Strike_TheCursed","TheCursedMod:Strike_TheCursed","TheCursedMod:Defend_TheCursed","TheCursedMod:Defend_TheCursed","TheCursedMod:Defend_TheCursed","TheCursedMod:Defend_TheCursed","TheCursedMod:CursedWand","TheCursedMod:CleanUpWorkshop","TheCursedMod:Dregs","TheCursedMod:CursedShiv","Voices","infinitespire:Starlight","TheCursedMod:SurpriseAttack","Apotheosis+1","TheCursedMod:CursedShiv","TheCursedMod:SpreadPlague","TheCursedMod:CursedAmulet","TheCursedMod:StingEye","TheCursedMod:SmokeScreen","TheCursedMod:CursedBoomerang","TheCursedMod:CircleOfCorruption","TheCursedMod:Obscuration","TheCursedMod:NeowsMight","TheCursedMod:Stigma","TheCursedMod:HellfireBreathing","TheCursedMod:CircleOfBlood","TheCursedMod:Hemoplague","TheCursedMod:TroublousMinions+1","TheCursedMod:Obscuration","Normality","Amnesia","TheCursedMod:SpitefulPlan+1","TheCursedMod:Hemoplague","TheCursedMod:HellfireBreathing","TheCursedMod:Neurasthenia","Injury","Neutralize","TheCursedMod:AntiAging","expansioncontent:LastStand","infinitespire:Collect","TheCursedMod:CircleOfFlame+1","Mind Blast","Good Instincts","TheCursedMod:TacticalStrike+1"],"relics":["TheCursedMod:BlackMagic101","Smiling Mask","PreservedInsect","Blood Vial","Regal Pillow","Boot","Cursed Key","Matryoshka","Replay:Mystery Machine","infinitespire:BottledMercury","Potion Belt","Nunchaku","Oddly Smooth Stone","ReplayTheSpireMod:SealedPack","TheCursedMod:BlackMagicAdvanced"],"acts_visited":["Exordium","TheCity","TheBeyond"],"potions_floor_usage":[7,16,16,21,28,31,33],"damage_taken":[{"damage":0.0,"enemies":"Cultist","floor":1.0,"turns":4.0},{"damage":0.0,"enemies":"Small Slimes","floor":4.0,"turns":4.0},{"damage":66,"enemies":"conspire:MimicChest","floor":7,"turns":12},{"damage":0,"enemies":"2 Louse","floor":8,"turns":3},{"damage":2,"enemies":"Large Slime","floor":9,"turns":9},{"damage":0,"enemies":"Large Slime","floor":10,"turns":4},{"damage":8,"enemies":"Large Slime","floor":12,"turns":6},{"damage":0,"enemies":"3 Louse","floor":13,"turns":2},{"damage":0,"enemies":"Blue Slaver","floor":14,"turns":3},{"damage":9,"enemies":"Slime Boss","floor":16,"turns":10},{"damage":0,"enemies":"Shell Parasite","floor":18,"turns":3},{"damage":7,"enemies":"2 Thieves","floor":21,"turns":4},{"damage":43,"enemies":"3 Cultists","floor":22,"turns":6},{"damage":18,"enemies":"conspire:SneckoGhost","floor":23,"turns":6},{"damage":0,"enemies":"Sentry and Sphere","floor":25,"turns":5},{"damage":24,"enemies":"Shelled Parasite and Fungi","floor":28,"turns":5},{"damage":14,"enemies":"Centurion and Healer","floor":31,"turns":6},{"damage":26,"enemies":"conspire:MysteriousRune","floor":33,"turns":8},{"damage":57,"enemies":"3 Darklings","floor":35,"turns":7},{"damage":0,"enemies":"3 Shapes","floor":38,"turns":4},{"damage":0,"enemies":"3 Darklings","floor":39,"turns":1}],"seed_played":"8500964889189995818","potions_obtained":[{"floor":1.0,"key":"Guardian:BlockOnCardUsePotion"},{"floor":8,"key":"conspire:TimeTravelPotion"},{"floor":13,"key":"Adrenaline Potion"},{"floor":14,"key":"Weak Potion"},{"floor":18,"key":"Weak Potion"},{"floor":25,"key":"Fire Potion"},{"floor":31,"key":"PowerPotion"}],"is_trial":false,"path_per_floor":["M","?","?","M","?","R","?","M","MIM","MIM","$","M","M","M","R","B",null,"M","?","$","M","M","E","R","M","T","T","M","?","$","M","R","B",null,"M","AVR","?","M","M"],"character_chosen":"THE_CURSED","items_purchased":["TheCursedMod:SmokeScreen","Boot","TheCursedMod:HellfireBreathing","Oddly Smooth Stone","TheCursedMod:Hemoplague"],"campfire_rested":3,"item_purchase_floors":[11,11,20,30,30],"current_hp_per_floor":[82,64,64,74,74,82,26,41,49,66,66,70,72,74,82,73,82,82,82,82,75,43,41,80,82,82,82,66,66,66,82,82,60,82,40,40,40,59,61,61],"gold":145,"neow_bonus":"TEN_PERCENT_HP_BONUS","is_daily":false,"chose_seed":false,"campfire_upgraded":1,"win_rate":0.0,"timestamp":1608532697,"path_taken":["M","?","?","M","?","R","?","M","MIM","?","$","M","M","?","R","BOSS","M","?","$","M","M","E","R","?","T","?","M","?","$","M","R","BOSS","M","AVR","?","M","M"],"items_purchased_type":["Card","Relic","Card","Relic","Card"],"build_version":"2020-12-13","purchased_purges":1,"victory":false,"max_hp_per_floor":[82,82,82,82,82,82,82,82,82,82,82,82,82,82,82,82,82,82,82,82,82,82,82,82,82,82,82,82,82,82,82,82,82,82,82,82,82,85,85,85],"card_choices":[{"not_picked":["TheCursedMod:Evocation","TheCursedMod:RapidMovement"],"picked":"TheCursedMod:CursedShiv","floor":1.0},{"not_picked":["Replay:Fractal Strike","ReplayTheSpireMod:Black Plague"],"picked":"infinitespire:Starlight","floor":3.0},{"not_picked":["TheCursedMod:CursedAmulet","TheCursedMod:VitalStrike"],"picked":"TheCursedMod:SurpriseAttack","floor":4.0},{"not_picked":["TheCursedMod:CursedArmor","TheCursedMod:RapidMovement"],"picked":"TheCursedMod:CursedShiv","floor":7},{"not_picked":["TheCursedMod:BloodBarrier","TheCursedMod:CursedMace"],"picked":"TheCursedMod:SpreadPlague","floor":8},{"not_picked":["TheCursedMod:BloodBarrier","TheCursedMod:SoulCrush"],"picked":"TheCursedMod:CursedAmulet","floor":9},{"not_picked":["TheCursedMod:DoubleShield","TheCursedMod:FuryStrike"],"picked":"TheCursedMod:StingEye","floor":10},{"not_picked":["TheCursedMod:CursedArmor","TheCursedMod:CursedAmulet"],"picked":"TheCursedMod:CursedBoomerang","floor":12},{"not_picked":["TheCursedMod:CursedBoomerang","TheCursedMod:AshesToAshes"],"picked":"TheCursedMod:CircleOfCorruption","floor":13},{"not_picked":["TheCursedMod:VitalStrike","TheCursedMod:Evocation"],"picked":"TheCursedMod:Obscuration","floor":14},{"not_picked":["TheCursedMod:ShockAndAwe","TheCursedMod:CircleOfAbyss"],"picked":"TheCursedMod:NeowsMight","floor":16},{"not_picked":["TheCursedMod:CursedMace","TheCursedMod:SoulCrush"],"picked":"TheCursedMod:Stigma","floor":18},{"not_picked":["TheCursedMod:VitalStrike","TheCursedMod:BlessingInDisguise"],"picked":"TheCursedMod:CircleOfBlood","floor":21},{"not_picked":["TheCursedMod:CursedArmor+1","TheCursedMod:RapidMovement"],"picked":"TheCursedMod:Hemoplague","floor":22},{"not_picked":["TheCursedMod:SurpriseAttack","TheCursedMod:FleshFromBone"],"picked":"TheCursedMod:TroublousMinions+1","floor":23},{"not_picked":["TheCursedMod:SoulCrush","TheCursedMod:CursedMace"],"picked":"TheCursedMod:Obscuration","floor":25},{"not_picked":["TheCursedMod:Obscuration","TheCursedMod:ForbiddenAlchemy"],"picked":"TheCursedMod:SpitefulPlan","floor":28},{"not_picked":["TheCursedMod:SaltUponWound","TheCursedMod:WearCloak+1"],"picked":"TheCursedMod:HellfireBreathing","floor":31},{"not_picked":["TheCursedMod:DarkBarrier","TheCursedMod:StunningStrike"],"picked":"TheCursedMod:Neurasthenia","floor":33},{"not_picked":["Replay:GuardianBash","champ:Taunt"],"picked":"Neutralize","floor":34},{"not_picked":["TheCursedMod:VoidForm","TheCursedMod:CursedRelics"],"picked":"TheCursedMod:AntiAging","floor":34},{"not_picked":["Impatience","Replay:SS_fish_3"],"picked":"expansioncontent:LastStand","floor":34},{"not_picked":["infinitespire:FutureSight","infinitespire:Gouge"],"picked":"infinitespire:Collect","floor":34},{"not_picked":["TheCursedMod:VitalStrike+1","TheCursedMod:SurpriseAttack"],"picked":"TheCursedMod:CircleOfFlame+1","floor":35},{"not_picked":["Transmutation","Metamorphosis"],"picked":"Mind Blast","floor":37},{"not_picked":["Replay:SS_hec_2","Replay:Parry"],"picked":"Good Instincts","floor":37},{"not_picked":["TheCursedMod:CursedArmor","TheCursedMod:SoulCrush"],"picked":"TheCursedMod:TacticalStrike+1","floor":38}],"player_experience":98364,"relics_obtained":[{"floor":7,"key":"PreservedInsect"},{"floor":9,"key":"Blood Vial"},{"floor":10,"key":"Regal Pillow"},{"floor":23,"key":"Matryoshka"},{"floor":26,"key":"Replay:Mystery Machine"},{"floor":26,"key":"infinitespire:BottledMercury"},{"floor":27,"key":"Potion Belt"},{"floor":27,"key":"Nunchaku"}],"event_choices":[{"damage_healed":0.0,"max_hp_gain":0.0,"max_hp_loss":0.0,"gold_gain":0.0,"event_name":"betterThird:BetterScrap","player_choice":"Relic ","floor":2.0,"gold_loss":0.0,"damage_taken":18.0,"cards_obtained":["Rampage"]},{"damage_healed":74.0,"max_hp_gain":0.0,"max_hp_loss":82.0,"gold_gain":0.0,"event_name":"betterThird:BetterShining","player_choice":"Embrace","floor":5.0,"gold_loss":0.0,"damage_taken":0.0},{"cards_removed":["TheCursedMod:Dregs"],"damage_healed":0,"gold_gain":0,"player_choice":"Give","damage_taken":0,"max_hp_gain":0,"max_hp_loss":0,"event_name":"betterNote:BetterNote","floor":19,"gold_loss":0,"cards_obtained":["Strike_B"]},{"damage_healed":0,"gold_gain":0,"player_choice":"Ignored","damage_taken":0,"max_hp_gain":0,"max_hp_loss":0,"event_name":"Vampires","floor":29,"gold_loss":0},{"damage_healed":0,"gold_gain":3,"player_choice":"1","damage_taken":0,"max_hp_gain":0,"max_hp_loss":0,"event_name":"betterStone:BetterStone","floor":37,"gold_loss":0}],"is_beta":false,"boss_relics":[{"not_picked":["Ring of Chaos","Replay:Fungal Core"],"picked":"Cursed Key"},{"not_picked":["Kintsugi","Empty Cage"],"picked":"ReplayTheSpireMod:SealedPack"}],"items_purged_floors":[11],"is_endless":false,"potions_floor_spawned":[1,8,13,14,18,25,31],"killed_by":"3 Darklings","ascension_level":0}}