{"host":"ds3v42j7tpaaz1mg","time":1608536760,"event":{"mods":["AchievementEnabler","Aspiration","BaseMod","Bestiary","Better Altar","Better Note","Better Sensory Stone","BetterRewards","Block Reminder","Colored Powertips","Conspire","Downfall","Energized Spire","Halation","Hermit","Highlight Path","Hubris","Infinite Spire","Jorbs\u0027s Wanderer Trilogy","Minty Spire (QoL Compilation)","Relic Stats","Replay The Spire","StSLib","The Death Knight","The Elementalist","The Servant 0.9.4","vexMod"],"gold_per_floor":[113,113,188,203,215,249,249,249,249,276,292,303,303,320,320,519,519,536,292,410,425,425,425,455,468,468,468,468,497,497,497],"floor_reached":30,"playtime":1530,"items_purged":["DeathKnight:BludPresence"],"score":294,"play_id":"8112251c-c9d3-4321-9c9f-eaebcfe9df39","local_time":"20201221024600","is_ascension_mode":true,"campfire_choices":[{"floor":7,"key":"REST"},{"floor":15,"key":"REST"},{"data":"ReplayTheSpireMod:Brewmster","floor":23,"key":"SMITH"},{"floor":27,"key":"REST"}],"circlet_count":0,"master_deck":["DeathKnight:Strike_DeathKnight","DeathKnight:Strike_DeathKnight","DeathKnight:Strike_DeathKnight","DeathKnight:Strike_DeathKnight","DeathKnight:Strike_DeathKnight","DeathKnight:Defend_DeathKnight","DeathKnight:Defend_DeathKnight","DeathKnight:Defend_DeathKnight","DeathKnight:Defend_DeathKnight","DeathKnight:Defend_DeathKnight","DeathKnight:RuneTap","DeathKnight:RuneStrike","DeathKnight:HornOfWinter","DeathKnight:MutagenicPlague","DeathKnight:DeathStrike","DeathKnight:FrosPresence","DeathKnight:Razorice","DeathKnight:DeathGrip","DeathKnight:UnholyAssault","DeathKnight:Frostscythe","ReplayTheSpireMod:Brewmster+1","DeathKnight:Runeguard","hubris:NaturalOne","DeathKnight:AntiMagicShell+1","DeathKnight:AntiMagicShell+1"],"relics":["DeathKnight:BrokenRuneblade","infinitespire:Lucky Rock","BranchBurnRelic","Ornamental Fan","ReplayFunnel","hubris:Icosahedron","Snecko Eye","Boot","The Courier","aspiration:TomeofQuesting"],"acts_visited":["Exordium","TheCity"],"potions_floor_usage":[6,10,16,18,20,20,21,24,24,24,24,25,25,29,29,29,29,29],"damage_taken":[{"damage":7,"enemies":"Small Slimes","floor":1,"turns":5},{"damage":0,"enemies":"Cultist","floor":4,"turns":3},{"damage":4,"enemies":"2 Louse","floor":5,"turns":2},{"damage":38,"enemies":"3 Sentries","floor":6,"turns":8},{"damage":40,"enemies":"Gremlin Nob","floor":10,"turns":5},{"damage":18,"enemies":"Gremlin Gang","floor":11,"turns":8},{"damage":0,"enemies":"Large Slime","floor":12,"turns":6},{"damage":1,"enemies":"2 Fungi Beasts","floor":14,"turns":4},{"damage":56,"enemies":"Slime Boss","floor":16,"turns":9},{"damage":15,"enemies":"Spheric Guardian","floor":18,"turns":5},{"damage":13,"enemies":"Shell Parasite","floor":20,"turns":3},{"damage":23,"enemies":"Centurion and Healer","floor":21,"turns":10},{"damage":22,"enemies":"Replay:Snechameleon","floor":24,"turns":8},{"damage":0,"enemies":"Cultist and Chosen","floor":25,"turns":5},{"damage":21,"enemies":"Book of Stabbing","floor":29,"turns":6},{"damage":0,"enemies":"Shelled Parasite and Fungi","floor":30,"turns":1}],"seed_played":"-4418221620269588393","potions_obtained":[{"floor":5,"key":"PowerPotion"},{"floor":11,"key":"DeathKnight:RunicPotion"},{"floor":12,"key":"SpeedPotion"},{"floor":16,"key":"ColorlessPotion"},{"floor":18,"key":"SteroidPotion"},{"floor":24,"key":"Adrenaline Potion"},{"floor":29,"key":"Adrenaline Potion"}],"is_trial":false,"path_per_floor":["M","?","?","M","M","E","R","?","T","E","M","M","?","M","R","B",null,"M","$","M","M","?","R","E","M","T","R","?","E","M"],"character_chosen":"DEATH_KNIGHT","items_purchased":["ReplayTheSpireMod:Brewmster"],"campfire_rested":3,"item_purchase_floors":[19],"current_hp_per_floor":[61,61,55,55,51,19,39,39,39,33,21,27,27,26,46,11,68,53,53,46,23,23,23,22,22,22,42,42,42,42,42],"gold":497,"neow_bonus":"ONE_RARE_RELIC","is_daily":false,"chose_seed":false,"campfire_upgraded":1,"win_rate":0.0,"timestamp":1608536760,"path_taken":["M","?","?","?","M","E","R","?","T","E","M","?","?","M","R","BOSS","M","$","M","M","?","R","E","M","T","R","?","E","M"],"items_purchased_type":["Card"],"build_version":"2020-12-13","purchased_purges":1,"victory":false,"max_hp_per_floor":[68,68,68,68,68,68,68,68,68,68,68,68,68,68,68,68,68,68,68,68,68,68,68,68,68,68,68,68,68,68,68],"relic_stats":{"counters":[16,88],"Ornamental Fan":[32],"Snecko Eye":[58,69,62,61],"Boot":[0],"obtain_stats":[{"ReplayFunnel":10,"BranchBurnRelic":7,"hubris:Icosahedron":13,"Ornamental Fan":9,"Dead Branch":0,"Snecko Eye":17,"aspiration:TomeofQuesting":29,"The Courier":26,"infinitespire:Lucky Rock":6,"Boot":24,"DeathKnight:BrokenRuneblade":0},{"ReplayFunnel":5,"BranchBurnRelic":4,"hubris:Icosahedron":7,"Ornamental Fan":4,"Dead Branch":0,"Snecko Eye":9,"aspiration:TomeofQuesting":15,"The Courier":14,"infinitespire:Lucky Rock":4,"Boot":13,"DeathKnight:BrokenRuneblade":0},{"ReplayFunnel":23,"BranchBurnRelic":18,"hubris:Icosahedron":37,"Ornamental Fan":18,"Dead Branch":0,"Snecko Eye":50,"aspiration:TomeofQuesting":87,"The Courier":81,"infinitespire:Lucky Rock":18,"Boot":76,"DeathKnight:BrokenRuneblade":0}]},"card_choices":[{"not_picked":["DeathKnight:DreadStrike","DeathKnight:DeathGrip"],"picked":"DeathKnight:HornOfWinter","floor":1},{"not_picked":["DeathKnight:MutagenicPlague","DeathKnight:IcyTouch"],"picked":"DeathKnight:DeathStrike","floor":4},{"not_picked":["DeathKnight:ChainsOfIce","DeathKnight:UnholyFrenzy","DeathKnight:FrostStrike"],"picked":"SKIP","floor":5},{"not_picked":["DeathKnight:Ossuary","DeathKnight:HowlingBlast"],"picked":"DeathKnight:FrosPresence","floor":6},{"not_picked":["DeathKnight:DeathRune","DeathKnight:DeathCoil"],"picked":"DeathKnight:BludPresence","floor":10},{"not_picked":["DeathKnight:RuneShock","DeathKnight:BloodStrike","DeathKnight:BoneSpear"],"picked":"SKIP","floor":11},{"not_picked":["DeathKnight:MindFreeze","DeathKnight:Hemostasis"],"picked":"DeathKnight:DeathGrip","floor":12},{"not_picked":["DeathKnight:Rot","DeathKnight:ShatteringStrikes"],"picked":"DeathKnight:UnholyAssault","floor":14},{"not_picked":["DeathKnight:Runesurge","DeathKnight:BoneStorm"],"picked":"DeathKnight:Frostscythe","floor":16},{"not_picked":["DeathKnight:HornOfWinter","DeathKnight:IcyTouch","DeathKnight:FrosPresence"],"picked":"SKIP","floor":18},{"not_picked":["DeathKnight:BludPresence","DeathKnight:Pestilence+1"],"picked":"DeathKnight:Runeguard","floor":20},{"not_picked":["DeathKnight:RaiseAlly+1","DeathKnight:Runeguard","DeathKnight:HartStrike"],"picked":"SKIP","floor":21},{"not_picked":["DeathKnight:PillarOfFrost","DeathKnight:RunicCorruption"],"picked":"DeathKnight:AntiMagicShell+1","floor":24},{"not_picked":["DeathKnight:Parry+1","DeathKnight:BloodStrike+1","DeathKnight:MindFreeze"],"picked":"SKIP","floor":25},{"not_picked":["DeathKnight:ShatteringStrikes","DeathKnight:Parry","DeathKnight:MutagenicPlague"],"picked":"SKIP","floor":29}],"player_experience":561246,"relics_obtained":[{"floor":6,"key":"infinitespire:Lucky Rock"},{"floor":9,"key":"Ornamental Fan"},{"floor":10,"key":"ReplayFunnel"},{"floor":24,"key":"Boot"},{"floor":26,"key":"The Courier"},{"floor":29,"key":"aspiration:TomeofQuesting"}],"event_choices":[{"damage_healed":0,"gold_gain":75,"player_choice":"Touch","damage_taken":6,"max_hp_gain":0,"max_hp_loss":0,"event_name":"FaceTrader","floor":3,"gold_loss":0},{"damage_healed":0,"gold_gain":0,"player_choice":"1 cards matched","damage_taken":0,"max_hp_gain":0,"max_hp_loss":0,"event_name":"Match and Keep!","floor":8,"gold_loss":0,"cards_obtained":["DeathKnight:Razorice"]},{"damage_healed":0,"gold_gain":0,"player_choice":"Ignored","damage_taken":0,"max_hp_gain":0,"max_hp_loss":0,"event_name":"Ghosts","floor":22,"gold_loss":0},{"damage_healed":0,"gold_gain":0,"player_choice":"Copied","damage_taken":0,"max_hp_gain":0,"max_hp_loss":0,"event_name":"Duplicator","floor":28,"gold_loss":0,"cards_obtained":["DeathKnight:AntiMagicShell"]}],"is_beta":false,"boss_relics":[{"not_picked":["hubris:VirtuousBlindfold","hubris:HollowSoul"],"picked":"Snecko Eye"}],"items_purged_floors":[19],"is_endless":false,"potions_floor_spawned":[5,11,12,16,18,24,29],"killed_by":"Shelled Parasite and Fungi","ascension_level":1}}