{"host":"0e3sjn8nzeyxegex","time":1608555279,"event":{"mods":["Act Like it!","AlwaysNeverKeys","BaseMod","Better Altar","Better Note","Better Sensory Stone","Better Skull","Better Third Choice","Better Vampires","Colored Map","Friendly Minions","Minty Spire (QoL Compilation)","Permanent Neow","Quick Restart","StSLib","The Alterego"],"gold_per_floor":[117,131,151,168,185,214,214,66,92,92,92,108,21,47,47,151,151,151,151,101,101,101,101,51,51,51,51,51,51,51,51,51,51,51,51,51,51,51,51,51,51,51,51,51,51,51,51,51,51,51],"floor_reached":51,"playtime":3626,"items_purged":["alterego_mod:Strike","alterego_mod:Strike","alterego_mod:Strike","alterego_mod:Strike"],"score":1291,"play_id":"2681a89e-04af-4796-9bef-5f2e57ead870","local_time":"20201221075439","is_ascension_mode":true,"campfire_choices":[{"data":"alterego_mod:BrynhildrRomantia","floor":7.0,"key":"SMITH"},{"data":"alterego_mod:ChallengeComplete","floor":11.0,"key":"SMITH"},{"data":"alterego_mod:BiFurious","floor":15.0,"key":"SMITH"},{"data":"alterego_mod:TrickOrTreatment","floor":23.0,"key":"SMITH"},{"data":"alterego_mod:Belts","floor":28.0,"key":"SMITH"},{"data":"alterego_mod:BiFurious","floor":30.0,"key":"SMITH"},{"data":"alterego_mod:Pet","floor":32.0,"key":"SMITH"},{"floor":41,"key":"REST"},{"data":"alterego_mod:GoddessCore","floor":49,"key":"SMITH"}],"circlet_count":0,"master_deck":["AscendersBane","alterego_mod:Defend","alterego_mod:Defend","alterego_mod:Defend","alterego_mod:Impale","alterego_mod:BigMeatyClaws","alterego_mod:BrynhildrsRune","alterego_mod:BrynhildrRomantia+1","alterego_mod:BiFurious+1","alterego_mod:ChallengeComplete+1","alterego_mod:GoddessCore+1","alterego_mod:Cooking","alterego_mod:Cooking","alterego_mod:MagicResistance+1","alterego_mod:Bounce","alterego_mod:Pet+1","alterego_mod:Belts+1","alterego_mod:BiFurious+1","alterego_mod:TrickOrTreatment+1","alterego_mod:Jiggle+1","alterego_mod:MagicResistance+1","alterego_mod:Cooking+1","alterego_mod:BeGentle+1","alterego_mod:Pet+1","alterego_mod:MagicResistance+1","alterego_mod:Tantrum+1","alterego_mod:Pet+1","Madness+1","Madness+1","alterego_mod:MaintainEyeContact+1","alterego_mod:DestructionOfProperty+1","alterego_mod:Bounce+1","alterego_mod:Birthday+1","Flash of Steel+1","Impatience+1","alterego_mod:PresenceConcealment+1","alterego_mod:ChallengeComplete+1"],"relics":["alterego_mod:MasochisticConstitution","Smiling Mask","Bag of Marbles","Akabeko","Ectoplasm","Toxic Egg 2","Regal Pillow","Lantern","Molten Egg 2","Black Star","Mango","Oddly Smooth Stone","Darkstone Periapt","Dream Catcher","MawBank","Ancient Tea Set","Blood Vial","Unceasing Top","Calipers"],"acts_visited":["Exordium","TheCity","TheBeyond"],"potions_floor_usage":[50,50,50,50],"damage_taken":[{"damage":4.0,"enemies":"Small Slimes","floor":1.0,"turns":4.0},{"damage":6.0,"enemies":"Cultist","floor":2.0,"turns":4.0},{"damage":2.0,"enemies":"Jaw Worm","floor":3.0,"turns":6.0},{"damage":11.0,"enemies":"Looter","floor":4.0,"turns":4.0},{"damage":11.0,"enemies":"Large Slime","floor":5.0,"turns":11.0},{"damage":33.0,"enemies":"Lagavulin","floor":6.0,"turns":7.0},{"damage":30.0,"enemies":"Gremlin Gang","floor":12.0,"turns":6.0},{"damage":35.0,"enemies":"Gremlin Nob","floor":14.0,"turns":5.0},{"damage":12.0,"enemies":"The Guardian","floor":16.0,"turns":8.0},{"damage":12.0,"enemies":"Chosen","floor":18.0,"turns":3.0},{"damage":17.0,"enemies":"3 Byrds","floor":19.0,"turns":11.0},{"damage":24.0,"enemies":"3 Cultists","floor":21.0,"turns":7.0},{"damage":23.0,"enemies":"Book of Stabbing","floor":25.0,"turns":6.0},{"damage":12.0,"enemies":"Cultist and Chosen","floor":27.0,"turns":6.0},{"damage":89.0,"enemies":"Gremlin Leader","floor":29.0,"turns":11.0},{"damage":17.0,"enemies":"Snake Plant","floor":31.0,"turns":6.0},{"damage":50.0,"enemies":"Automaton","floor":33.0,"turns":15.0},{"damage":3.0,"enemies":"Orb Walker","floor":35.0,"turns":3.0},{"damage":31.0,"enemies":"3 Shapes","floor":38.0,"turns":7.0},{"damage":126.0,"enemies":"2 Orb Walkers","floor":39.0,"turns":9.0},{"damage":20,"enemies":"Giant Head","floor":40,"turns":9},{"damage":20,"enemies":"Nemesis","floor":42,"turns":13},{"damage":15,"enemies":"Spire Growth","floor":44,"turns":7},{"damage":43,"enemies":"Transient","floor":47,"turns":5},{"damage":4,"enemies":"Giant Head","floor":48,"turns":7},{"damage":73,"enemies":"Awakened One","floor":50,"turns":14}],"seed_played":"7979985370391210399","potions_obtained":[{"floor":2.0,"key":"Strength Potion"},{"floor":4.0,"key":"Explosive Potion"},{"floor":6.0,"key":"EssenceOfSteel"},{"floor":12.0,"key":"Block Potion"},{"floor":14.0,"key":"SteroidPotion"},{"floor":18.0,"key":"SteroidPotion"},{"floor":25.0,"key":"Block Potion"},{"floor":29.0,"key":"SteroidPotion"},{"floor":40,"key":"EntropicBrew"},{"floor":47,"key":"Block Potion"}],"is_trial":false,"path_per_floor":["M","M","M","M","M","E","R","$","T","?","R","M","$","E","R","B",null,"M","M","$","M","T","R","$","E","T","M","R","E","R","M","R","B",null,"M","?","?","M","?","E","R","E","T","M","?","T","M","E","R","B",null],"character_chosen":"The_Alterego","items_purchased":["alterego_mod:MagicResistance","alterego_mod:Bounce","alterego_mod:Belts"],"campfire_rested":1,"item_purchase_floors":[8,8,13],"current_hp_per_floor":[73,77,81,78,89,70,70,70,70,70,70,83,83,66,66,72,102,109,129,129,119,119,119,119,118,118,141,141,114,114,137,137,130,150,159,159,139,136,70,90,160,179,179,192,192,192,171,194,194,167],"gold":51,"neow_bonus":"ONE_RANDOM_RARE_CARD","is_daily":false,"chose_seed":false,"campfire_upgraded":8,"win_rate":0.0,"timestamp":1608555279,"path_taken":["M","M","M","M","M","E","R","$","T","?","R","M","$","E","R","BOSS","M","M","?","?","?","R","$","E","T","M","R","E","R","M","R","BOSS","M","?","?","M","?","E","R","E","T","M","?","?","?","E","R","BOSS"],"items_purchased_type":["Card","Card","Card"],"build_version":"2020-12-13","purchased_purges":4,"victory":true,"max_hp_per_floor":[73,77,81,82,89,93,93,93,93,93,93,102,102,107,107,112,112,117,130,130,135,135,135,135,136,136,141,141,146,146,151,151,156,156,161,161,161,166,181,186,186,187,187,192,192,192,193,194,194,199],"card_choices":[{"not_picked":["alterego_mod:TrashNCrash","alterego_mod:DeftHands"],"picked":"alterego_mod:BiFurious","floor":1.0},{"not_picked":["alterego_mod:Pet","alterego_mod:Maid"],"picked":"alterego_mod:ChallengeComplete","floor":2.0},{"not_picked":["alterego_mod:Smother","alterego_mod:MaintainEyeContact"],"picked":"alterego_mod:GoddessCore","floor":3.0},{"not_picked":["alterego_mod:TrashNCrash","alterego_mod:GachaTicket"],"picked":"alterego_mod:Cooking","floor":4.0},{"not_picked":["alterego_mod:Santa","alterego_mod:Antipathy","alterego_mod:Jiggle"],"picked":"SKIP","floor":5.0},{"not_picked":["alterego_mod:RocketPunch","alterego_mod:SuperDuperMasochism"],"picked":"alterego_mod:Cooking","floor":6.0},{"not_picked":["alterego_mod:DeftHands","alterego_mod:MagicResistance"],"picked":"alterego_mod:Pet","floor":12.0},{"not_picked":["alterego_mod:SakuraPetals","alterego_mod:RocketPunch"],"picked":"alterego_mod:BiFurious","floor":14.0},{"not_picked":["alterego_mod:InsideBaseball","alterego_mod:Alter"],"picked":"alterego_mod:TrickOrTreatment","floor":16.0},{"not_picked":["alterego_mod:Bloomers","alterego_mod:Punishment"],"picked":"alterego_mod:Jiggle+1","floor":18.0},{"not_picked":["alterego_mod:Maid","alterego_mod:HighServant"],"picked":"alterego_mod:MagicResistance+1","floor":19.0},{"not_picked":["alterego_mod:Belle","alterego_mod:PerceptionDisorder","alterego_mod:Complex"],"picked":"SKIP","floor":21.0},{"not_picked":["alterego_mod:TrashNCrash+1","alterego_mod:HighServant+1"],"picked":"alterego_mod:Cooking+1","floor":25.0},{"not_picked":["alterego_mod:HighServant+1","alterego_mod:BrynhildrRomantia"],"picked":"alterego_mod:BeGentle+1","floor":27.0},{"not_picked":["alterego_mod:SakuraLabyrinth+1","alterego_mod:HighServant+1"],"picked":"alterego_mod:Pet+1","floor":29.0},{"not_picked":["alterego_mod:Rip","alterego_mod:Belle+1"],"picked":"alterego_mod:MagicResistance+1","floor":31.0},{"not_picked":["alterego_mod:IdEs+1","alterego_mod:ClassAdvantage"],"picked":"alterego_mod:Tantrum+1","floor":33.0},{"not_picked":["alterego_mod:Skirt+1","alterego_mod:Cycle+1"],"picked":"alterego_mod:Pet+1","floor":35.0},{"not_picked":["alterego_mod:Rip+1","alterego_mod:GIGAMILK+1"],"picked":"alterego_mod:MaintainEyeContact+1","floor":38.0},{"not_picked":["alterego_mod:Rip","alterego_mod:TrashNCrash+1"],"picked":"alterego_mod:DestructionOfProperty+1","floor":39.0},{"not_picked":["alterego_mod:Mirror+1","alterego_mod:Belts+1","alterego_mod:Clones+1"],"picked":"SKIP","floor":40},{"not_picked":["alterego_mod:Crossover+1","alterego_mod:SakuraLabyrinth+1"],"picked":"alterego_mod:Bounce+1","floor":42},{"not_picked":["alterego_mod:Cycle+1","alterego_mod:Skirt+1"],"picked":"alterego_mod:Birthday+1","floor":44},{"not_picked":["Impatience+1","Blind+1"],"picked":"Flash of Steel+1","floor":45},{"not_picked":["Mind Blast+1","Panacea+1"],"picked":"Impatience+1","floor":45},{"not_picked":["alterego_mod:Rip","alterego_mod:Cycle+1"],"picked":"alterego_mod:PresenceConcealment+1","floor":47},{"not_picked":["alterego_mod:Clap+1","alterego_mod:PerceptionDisorder"],"picked":"alterego_mod:ChallengeComplete+1","floor":48}],"player_experience":1124583,"relics_obtained":[{"floor":6.0,"key":"Smiling Mask"},{"floor":9.0,"key":"Bag of Marbles"},{"floor":14.0,"key":"Akabeko"},{"floor":22.0,"key":"Toxic Egg 2"},{"floor":25.0,"key":"Regal Pillow"},{"floor":26.0,"key":"Lantern"},{"floor":29.0,"key":"Molten Egg 2"},{"floor":39.0,"key":"Mango"},{"floor":40,"key":"Oddly Smooth Stone"},{"floor":40,"key":"Darkstone Periapt"},{"floor":42,"key":"Dream Catcher"},{"floor":42,"key":"MawBank"},{"floor":43,"key":"Ancient Tea Set"},{"floor":46,"key":"Blood Vial"},{"floor":48,"key":"Unceasing Top"},{"floor":48,"key":"Calipers"}],"event_choices":[{"damage_healed":0.0,"max_hp_gain":0.0,"max_hp_loss":0.0,"gold_gain":0.0,"event_name":"Accursed Blacksmith","player_choice":"Forge","floor":10.0,"gold_loss":0.0,"damage_taken":0.0,"cards_upgraded":["alterego_mod:MagicResistance"]},{"cards_removed":["alterego_mod:Defend"],"damage_healed":0.0,"max_hp_gain":0.0,"max_hp_loss":0.0,"gold_gain":0.0,"event_name":"Falling","player_choice":"Removed Skill","floor":36.0,"gold_loss":0.0,"damage_taken":0.0},{"damage_healed":0.0,"max_hp_gain":0.0,"max_hp_loss":0.0,"gold_gain":0.0,"event_name":"Winding Halls","player_choice":"Embrace Madness","floor":37.0,"gold_loss":0.0,"damage_taken":20.0,"cards_obtained":["Madness","Madness"]},{"damage_healed":0.0,"max_hp_gain":0.0,"max_hp_loss":0.0,"gold_gain":0.0,"event_name":"Mysterious Sphere","player_choice":"Fight","floor":39.0,"gold_loss":0.0,"damage_taken":0.0},{"damage_healed":0,"gold_gain":3,"player_choice":"1","damage_taken":0,"max_hp_gain":0,"max_hp_loss":0,"event_name":"betterStone:BetterStone","floor":45,"gold_loss":0}],"is_beta":false,"boss_relics":[{"not_picked":["SlaversCollar","Runic Pyramid"],"picked":"Ectoplasm"},{"not_picked":["Fusion Hammer","Pandora\u0027s Box"],"picked":"Black Star"}],"items_purged_floors":[8,13,20,24],"is_endless":false,"potions_floor_spawned":[2,4,6,12,14,18,25,29,31,38,40,47,48],"ascension_level":12}}