{"host":"0jile2yd1dg679g0","time":1608580964,"event":{"mods":["AchievementEnabler","Act Like it!","BaseMod","Better Third Choice","Colored Map","Colored Powertips","Gensokyo","Hermit","Luminous","Marisa????????","Minty Spire (QoL Compilation)","Random Character Button","Spicy Shops","StSLib","The Servant 0.9.4","Transform Curses","Waifu the Spire"],"gold_per_floor":[114,14,24,24,42,71,71,71,94,94,111,111,128,162,162,259,259,274,38,56,66,66,92,92,191,218,237,237,252,252,262,262,358,358,370,370,383,8,8,8,27,27,27,27,27,40,53,73,73,73,73],"floor_reached":50,"playtime":6241,"items_purged":[],"score":499,"play_id":"f0e9f94f-555e-4cc3-8fb4-3816af5713a7","local_time":"20201221150244","is_ascension_mode":false,"campfire_choices":[{"data":"All Out Attack","floor":7.0,"key":"SMITH"},{"floor":10.0,"key":"REST"},{"data":"Envenom","floor":15.0,"key":"SMITH"},{"data":"Bouncing Flask","floor":24.0,"key":"SMITH"},{"floor":28.0,"key":"REST"},{"floor":32,"key":"REST"},{"data":"Blade Dance","floor":40,"key":"SMITH"},{"data":"Crippling Poison","floor":42,"key":"SMITH"},{"data":"PiercingWail","floor":45,"key":"SMITH"},{"floor":49,"key":"REST"}],"circlet_count":0,"master_deck":["Strike_G+1","Strike_G+1","Strike_G+1","Defend_G+1","Defend_G+1","Defend_G+1","Defend_G+1","Survivor","Neutralize","Bullet Time","Predator","Bouncing Flask+1","Bouncing Flask","All Out Attack+1","Poisoned Stab","PiercingWail+1","Acrobatics","Envenom+1","Deadly Poison","Corpse Explosion","Backflip","Bullet Time","Crippling Poison+1","Bane","All Out Attack+1","Bouncing Flask","Blade Dance+1","Terror","Unload","Bandage Up"],"relics":["Ring of the Snake","InkBottle","Smiling Mask","Mango","Pen Nib","Pantograph","Busted Crown","MutagenicStrength","The Specimen","Akabeko","WristBlade","Lee\u0027s Waffle","Bag of Preparation","Ornamental Fan","Vajra"],"acts_visited":["Gensokyo:Gensokyo","TheCity","Gensokyo:Gensokyoest"],"potions_floor_usage":[46,50,50,50],"damage_taken":[{"damage":0.0,"enemies":"Gensokyo:3_Fairies","floor":1.0,"turns":5.0},{"damage":0.0,"enemies":"Gensokyo:2_Kodama","floor":3.0,"turns":3.0},{"damage":0.0,"enemies":"Gensokyo:Gryphon","floor":5.0,"turns":3.0},{"damage":18.0,"enemies":"Gensokyo:Cirno","floor":6.0,"turns":7.0},{"damage":0.0,"enemies":"Gensokyo:LivingMonolith","floor":11.0,"turns":2.0},{"damage":5.0,"enemies":"Gensokyo:2_Rabbits","floor":13.0,"turns":2.0},{"damage":10.0,"enemies":"Gensokyo:Mamizou","floor":14.0,"turns":4.0},{"damage":17.0,"enemies":"Gensokyo:Reimu","floor":16.0,"turns":8.0},{"damage":19.0,"enemies":"Spheric Guardian","floor":18.0,"turns":4.0},{"damage":0.0,"enemies":"3 Byrds","floor":20.0,"turns":3.0},{"damage":7.0,"enemies":"Snecko","floor":21.0,"turns":4.0},{"damage":12.0,"enemies":"Gremlin Leader","floor":23.0,"turns":6.0},{"damage":26.0,"enemies":"Snake Plant","floor":27.0,"turns":4.0},{"damage":0.0,"enemies":"3 Cultists","floor":29.0,"turns":3.0},{"damage":2,"enemies":"Sentry and Sphere","floor":31,"turns":3},{"damage":65,"enemies":"Automaton","floor":33,"turns":7},{"damage":7,"enemies":"Gensokyo:3_Bats","floor":35,"turns":3},{"damage":0,"enemies":"Gensokyo:3_Boulders","floor":37,"turns":4},{"damage":13,"enemies":"Gensokyo:Dusk_and_Dawn","floor":41,"turns":4},{"damage":23,"enemies":"Gensokyo:Rafflesia","floor":46,"turns":5},{"damage":0,"enemies":"Gensokyo:4_Bats","floor":47,"turns":1},{"damage":0,"enemies":"Gensokyo:SeedOfUnknown","floor":48,"turns":3},{"damage":115,"enemies":"Gensokyo:Shinki","floor":50,"turns":10}],"seed_played":"9185118752214146712","potions_obtained":[{"floor":1.0,"key":"AttackPotion"},{"floor":3.0,"key":"Regen Potion"},{"floor":6.0,"key":"BlessingOfTheForge"},{"floor":13.0,"key":"Regen Potion"},{"floor":21.0,"key":"LiquidMemories"},{"floor":27.0,"key":"Energy Potion"},{"floor":35,"key":"GhostInAJar"},{"floor":46,"key":"Weak Potion"}],"is_trial":false,"path_per_floor":["M","?","M","?","M","E","R","?","T","R","M","?","M","E","R","B",null,"M","$","M","M","?","E","R","?","T","M","R","M","?","M","R","B",null,"M","?","M","$","?","R","M","R","T","?","R","M","M","M","R","B"],"character_chosen":"THE_SILENT","items_purchased":["Bullet Time","Crippling Poison","Bandage Up","Lee\u0027s Waffle","Bag of Preparation"],"campfire_rested":4,"item_purchase_floors":[19,19,38,38,38],"current_hp_per_floor":[70,70,70,70,70,52,52,45,45,70,70,70,65,55,55,63,84,65,65,65,58,58,60,60,60,60,34,59,59,59,57,82,19,84,77,77,77,91,91,91,82,82,82,82,82,63,63,63,90,0,0],"gold":73,"neow_bonus":"ONE_RANDOM_RARE_CARD","is_daily":false,"chose_seed":false,"campfire_upgraded":6,"win_rate":0.0,"timestamp":1608580964,"path_taken":["M","?","M","?","M","E","R","?","T","R","M","?","?","E","R","BOSS","M","?","M","?","?","E","R","?","T","M","R","M","?","M","R","BOSS","M","?","M","$","?","R","M","R","T","?","R","M","?","M","R","BOSS"],"items_purchased_type":["Card","Card","Card","Relic","Relic"],"build_version":"2020-12-13","purchased_purges":0,"victory":false,"max_hp_per_floor":[70,70,70,70,70,70,70,84,84,84,84,84,84,84,84,84,84,84,84,84,84,84,84,84,84,84,84,84,84,84,84,84,84,84,84,84,84,91,91,91,91,91,91,91,91,91,91,91,91,91,91],"card_choices":[{"not_picked":["Choke","Acrobatics"],"picked":"Predator","floor":1.0},{"not_picked":["Underhanded Strike","Reflex"],"picked":"Bouncing Flask","floor":3.0},{"not_picked":["Tactician","Heel Hook"],"picked":"Bouncing Flask","floor":5.0},{"not_picked":["Tools of the Trade","Flechettes"],"picked":"All Out Attack","floor":6.0},{"not_picked":["Quick Slash","Deadly Poison"],"picked":"Poisoned Stab","floor":11.0},{"not_picked":["Accuracy","Sucker Punch"],"picked":"PiercingWail","floor":12.0},{"not_picked":["Eviscerate","Dagger Throw"],"picked":"Acrobatics","floor":12.0},{"not_picked":["Calculated Gamble","Blade Dance"],"picked":"Envenom","floor":13.0},{"not_picked":["All Out Attack","Blur"],"picked":"Deadly Poison","floor":14.0},{"not_picked":["Storm of Steel","Envenom"],"picked":"Corpse Explosion","floor":16.0},{"not_picked":[],"picked":"Backflip","floor":18.0},{"not_picked":[],"picked":"Bane","floor":20.0},{"not_picked":[],"picked":"All Out Attack+1","floor":21.0},{"not_picked":["Bane"],"picked":"SKIP","floor":23.0},{"not_picked":[],"picked":"Bouncing Flask","floor":27.0},{"not_picked":[],"picked":"Blade Dance","floor":29},{"not_picked":[],"picked":"Terror","floor":31},{"not_picked":[],"picked":"Unload","floor":33},{"not_picked":["Prepared"],"picked":"SKIP","floor":35},{"not_picked":["Poisoned Stab+1"],"picked":"SKIP","floor":37},{"not_picked":["All Out Attack"],"picked":"SKIP","floor":41},{"not_picked":["Flechettes+1"],"picked":"SKIP","floor":46},{"not_picked":["Dodge and Roll+1"],"picked":"SKIP","floor":47},{"not_picked":["Underhanded Strike"],"picked":"SKIP","floor":48}],"player_experience":205346,"relics_obtained":[{"floor":6.0,"key":"Smiling Mask"},{"floor":9.0,"key":"Pen Nib"},{"floor":14.0,"key":"Pantograph"},{"floor":23.0,"key":"The Specimen"},{"floor":26.0,"key":"Akabeko"},{"floor":43,"key":"Ornamental Fan"}],"event_choices":[{"damage_healed":0.0,"max_hp_gain":0.0,"max_hp_loss":0.0,"gold_gain":0.0,"event_name":"Drug Dealer","player_choice":"Inject Mutagens","floor":22.0,"gold_loss":0.0,"damage_taken":0.0,"relics_obtained":["MutagenicStrength"]},{"damage_healed":0.0,"max_hp_gain":0.0,"max_hp_loss":0.0,"gold_gain":99.0,"event_name":"betterThird:BetterNest","player_choice":"Steal","floor":25.0,"gold_loss":0.0,"damage_taken":0.0},{"damage_healed":0,"gold_gain":0,"player_choice":"Simplicity","damage_taken":0,"max_hp_gain":0,"max_hp_loss":9,"event_name":"betterThird:BetterWriting","floor":30,"gold_loss":0}],"is_beta":false,"boss_relics":[{"not_picked":["Pandora\u0027s Box","Philosopher\u0027s Stone"],"picked":"Busted Crown"},{"not_picked":["HoveringKite","Coffee Dripper"],"picked":"WristBlade"}],"items_purged_floors":[],"is_endless":false,"potions_floor_spawned":[1,3,6,13,21,27,29,31,33,35,46,48],"killed_by":"Gensokyo:Shinki","ascension_level":0}}