{"host":"8by3m8mve9y2rhh4","time":1608566788,"event":{"mods":["BaseMod","Minty Spire (QoL Compilation)","Quick Restart"],"gold_per_floor":[109,122,141,141,42,73,73,101,128,128,143,143,162,180,180,282,282,301,38,58,72,83,116,116,141,141,176,194,109,120,120,120,215,215,231,231,241,255,6,6,33,50,120,150,160,195,195,220,220,220,220,220,20,51,51,51],"floor_reached":55,"playtime":3430,"items_purged":["Pain"],"score":955,"play_id":"a20181aa-8b24-4a8c-83c8-f356fcf019cc","local_time":"20201221160628","is_ascension_mode":true,"campfire_choices":[{"floor":7,"key":"REST"},{"floor":10,"key":"REST"},{"floor":15,"key":"REST"},{"floor":24,"key":"REST"},{"floor":32,"key":"REST"},{"floor":40,"key":"RECALL"},{"floor":49,"key":"REST"},{"data":"Trip","floor":52,"key":"SMITH"}],"circlet_count":0,"master_deck":["Strike_G","Strike_G","Defend_G","Defend_G","Defend_G","Defend_G","Defend_G","Survivor","Neutralize","Prepared+1","Outmaneuver","PiercingWail","Blade Dance","Cloak And Dagger","Flying Knee+1","PiercingWail","Leg Sweep","Sucker Punch","Corpse Explosion","Blade Dance+1","Well Laid Plans","Choke","Escape Plan","Deflect+1","Blade Dance","Footwork","Finisher","Trip+1","Malaise+1","Dagger Spray+1","Dagger Throw+1","Backflip+1","Noxious Fumes+1","Deflect+1","Cloak And Dagger+1"],"relics":["Ring of the Snake","Potion Belt","Vajra","Regal Pillow","WarpedTongs","WristBlade","Pen Nib","Centennial Puzzle","Bird Faced Urn","Kunai","Mercury Hourglass","Empty Cage","Shuriken","Boot","Whetstone","CaptainsWheel","War Paint","Oddly Smooth Stone","Orichalcum"],"acts_visited":["TheCity","TheBeyond","TheEnding"],"potions_floor_usage":[6,13,16,20,21,22,33,37,46,47,50,50,55],"damage_taken":[{"damage":0,"enemies":"Small Slimes","floor":1,"turns":4},{"damage":0,"enemies":"Cultist","floor":2,"turns":5},{"damage":1,"enemies":"2 Louse","floor":3,"turns":3},{"damage":70,"enemies":"Lagavulin","floor":6,"turns":13},{"damage":43,"enemies":"3 Sentries","floor":8,"turns":16},{"damage":7,"enemies":"Large Slime","floor":11,"turns":7},{"damage":5,"enemies":"Exordium Thugs","floor":13,"turns":6},{"damage":7,"enemies":"Gremlin Gang","floor":14,"turns":6},{"damage":37,"enemies":"Slime Boss","floor":16,"turns":13},{"damage":7,"enemies":"3 Byrds","floor":18,"turns":3},{"damage":0,"enemies":"Shell Parasite","floor":20,"turns":4},{"damage":1,"enemies":"Centurion and Healer","floor":21,"turns":2},{"damage":15,"enemies":"Shelled Parasite and Fungi","floor":22,"turns":4},{"damage":25,"enemies":"Gremlin Leader","floor":23,"turns":6},{"damage":7,"enemies":"Book of Stabbing","floor":25,"turns":5},{"damage":0,"enemies":"Gremlin Leader","floor":27,"turns":7},{"damage":11,"enemies":"Snecko","floor":28,"turns":4},{"damage":0,"enemies":"Snake Plant","floor":30,"turns":3},{"damage":16,"enemies":"Automaton","floor":33,"turns":8},{"damage":0,"enemies":"3 Darklings","floor":35,"turns":5},{"damage":0,"enemies":"Orb Walker","floor":37,"turns":2},{"damage":11,"enemies":"Transient","floor":38,"turns":5},{"damage":16,"enemies":"Reptomancer","floor":41,"turns":8},{"damage":5,"enemies":"Sphere and 2 Shapes","floor":42,"turns":7},{"damage":37,"enemies":"Nemesis","floor":44,"turns":7},{"damage":1,"enemies":"3 Darklings","floor":45,"turns":5},{"damage":14,"enemies":"Reptomancer","floor":46,"turns":5},{"damage":0,"enemies":"Maw","floor":47,"turns":4},{"damage":0,"enemies":"Giant Head","floor":48,"turns":6},{"damage":53,"enemies":"Time Eater","floor":50,"turns":11},{"damage":16,"enemies":"Shield and Spear","floor":54,"turns":5},{"damage":70,"enemies":"The Heart","floor":55,"turns":6}],"seed_played":"3991972205873754726","potions_obtained":[{"floor":1,"key":"Swift Potion"},{"floor":11,"key":"Regen Potion"},{"floor":13,"key":"GamblersBrew"},{"floor":16,"key":"FearPotion"},{"floor":20,"key":"CunningPotion"},{"floor":21,"key":"LiquidBronze"},{"floor":28,"key":"Poison Potion"},{"floor":33,"key":"SkillPotion"},{"floor":38,"key":"LiquidBronze"},{"floor":41,"key":"Dexterity Potion"},{"floor":44,"key":"SmokeBomb"},{"floor":45,"key":"LiquidMemories"}],"is_trial":false,"path_per_floor":["M","M","M","?","$","E","R","E","T","R","M","?","M","M","R","B",null,"M","$","M","M","M","E","R","E","T","E","M","?","M","?","R","B",null,"M","?","M","M","$","R","E","M","T","E","M","E","M","E","R","B",null,"R","$","E","B"],"character_chosen":"THE_SILENT","items_purchased":["FairyPotion","Pen Nib","Well Laid Plans","Shuriken","Oddly Smooth Stone","Energy Potion"],"campfire_rested":6,"item_purchase_floors":[5,19,19,39,53,53],"current_hp_per_floor":[77,77,76,76,76,6,29,9,9,47,40,40,49,42,77,40,77,70,70,70,69,54,29,67,60,60,62,53,53,55,43,77,61,77,77,77,77,66,66,66,54,55,55,24,27,13,15,19,57,8,77,77,77,64,0,0],"gold":51,"neow_bonus":"TEN_PERCENT_HP_BONUS","is_daily":false,"chose_seed":false,"campfire_upgraded":1,"win_rate":0.0,"timestamp":1608566788,"path_taken":["M","M","M","?","$","E","R","E","T","R","M","?","M","M","R","BOSS","M","$","M","?","M","E","R","E","T","E","M","?","M","?","R","BOSS","M","?","?","M","$","R","E","M","T","E","M","E","M","E","R","BOSS","R","$","E","BOSS"],"items_purchased_type":["Potion","Relic","Card","Relic","Relic","Potion"],"build_version":"2020-12-13","purchased_purges":1,"victory":false,"max_hp_per_floor":[77,77,77,77,77,77,77,77,77,77,77,77,77,77,77,77,77,77,77,77,77,77,77,77,77,77,77,77,77,77,77,77,77,77,77,77,77,77,77,77,77,77,77,77,77,77,77,77,77,77,77,77,77,77,77,77],"card_choices":[{"not_picked":["Finisher","Underhanded Strike"],"picked":"Prepared","floor":1},{"not_picked":["Riddle With Holes","Bane"],"picked":"Outmaneuver","floor":2},{"not_picked":["Doppelganger","Skewer"],"picked":"PiercingWail","floor":3},{"not_picked":["Infinite Blades","Reflex"],"picked":"Cloak And Dagger","floor":6},{"not_picked":["Sucker Punch","Crippling Poison"],"picked":"Flying Knee","floor":8},{"not_picked":["Bane","Underhanded Strike"],"picked":"PiercingWail","floor":11},{"not_picked":["Crippling Poison","Acrobatics"],"picked":"Leg Sweep","floor":13},{"not_picked":["Poisoned Stab","Acrobatics"],"picked":"Sucker Punch","floor":14},{"not_picked":["Night Terror","Storm of Steel"],"picked":"Corpse Explosion","floor":16},{"not_picked":["Backflip","Slice"],"picked":"Blade Dance+1","floor":18},{"not_picked":["Deflect","All Out Attack"],"picked":"Choke","floor":20},{"not_picked":["Prepared","Distraction"],"picked":"Escape Plan","floor":21},{"not_picked":["Dagger Spray+1","Deadly Poison+1"],"picked":"Deflect+1","floor":22},{"not_picked":["Heel Hook","Sucker Punch"],"picked":"Blade Dance","floor":23},{"not_picked":["Tactician","Slice","Distraction"],"picked":"SKIP","floor":25},{"not_picked":["Dodge and Roll+1","Deflect"],"picked":"Footwork","floor":27},{"not_picked":["Poisoned Stab","Underhanded Strike"],"picked":"Finisher","floor":28},{"not_picked":["Prepared","Bane","Flechettes"],"picked":"SKIP","floor":30},{"not_picked":["Storm of Steel","Wraith Form v2"],"picked":"Malaise","floor":33},{"not_picked":["Slice","Calculated Gamble"],"picked":"Dagger Spray+1","floor":35},{"not_picked":["Sucker Punch","Bane+1"],"picked":"Backflip+1","floor":37},{"not_picked":["Heel Hook","Dodge and Roll"],"picked":"Noxious Fumes+1","floor":38},{"not_picked":["Finisher","Dash+1"],"picked":"Deflect+1","floor":41},{"not_picked":["Dodge and Roll","Deflect+1","Dagger Throw+1"],"picked":"SKIP","floor":42},{"not_picked":["Dagger Throw+1","Bullet Time","Flying Knee"],"picked":"SKIP","floor":44},{"not_picked":["Dagger Throw+1","Bullet Time","Flying Knee"],"picked":"SKIP","floor":44},{"not_picked":["Outmaneuver+1","Acrobatics+1","Sucker Punch"],"picked":"SKIP","floor":45},{"not_picked":["Poisoned Stab+1","Backflip","Corpse Explosion"],"picked":"SKIP","floor":46},{"not_picked":["Outmaneuver","Acrobatics+1","Leg Sweep"],"picked":"SKIP","floor":48},{"not_picked":["Prepared","Concentrate"],"picked":"Cloak And Dagger+1","floor":54}],"player_experience":578308,"relics_obtained":[{"floor":6,"key":"Potion Belt"},{"floor":8,"key":"Vajra"},{"floor":9,"key":"Regal Pillow"},{"floor":23,"key":"Centennial Puzzle"},{"floor":25,"key":"Bird Faced Urn"},{"floor":26,"key":"Kunai"},{"floor":41,"key":"Boot"},{"floor":44,"key":"Whetstone"},{"floor":46,"key":"CaptainsWheel"},{"floor":48,"key":"War Paint"},{"floor":54,"key":"Orichalcum"}],"event_choices":[{"damage_healed":0,"gold_gain":0,"cards_transformed":["Strike_G"],"player_choice":"Change","damage_taken":0,"max_hp_gain":0,"max_hp_loss":0,"event_name":"Living Wall","floor":4,"gold_loss":0,"cards_obtained":["Blade Dance"]},{"damage_healed":0,"gold_gain":0,"player_choice":"Rummage","damage_taken":0,"relics_obtained":["WarpedTongs"],"max_hp_gain":0,"max_hp_loss":0,"event_name":"Accursed Blacksmith","floor":12,"gold_loss":0,"cards_obtained":["Pain"]},{"damage_healed":0,"gold_gain":0,"player_choice":"Obtained Relic","damage_taken":0,"relics_obtained":["Mercury Hourglass"],"max_hp_gain":0,"max_hp_loss":0,"event_name":"Addict","floor":29,"gold_loss":85},{"damage_healed":0,"gold_gain":0,"player_choice":"CARD ","damage_taken":12,"max_hp_gain":0,"max_hp_loss":0,"event_name":"Knowing Skull","floor":31,"potions_obtained":[],"gold_loss":0,"cards_obtained":["Trip"]},{"damage_healed":0,"gold_gain":0,"player_choice":"1 cards matched","damage_taken":0,"max_hp_gain":0,"max_hp_loss":0,"event_name":"Match and Keep!","floor":36,"gold_loss":0,"cards_obtained":["Dagger Throw"]}],"is_beta":false,"boss_relics":[{"not_picked":["Calling Bell","SlaversCollar"],"picked":"WristBlade"},{"not_picked":["Pandora\u0027s Box","Coffee Dripper"],"picked":"Empty Cage"}],"items_purged_floors":[19],"is_endless":false,"potions_floor_spawned":[1,11,13,16,20,21,28,33,38,41,44,45],"killed_by":"The Heart","ascension_level":1}}