{"host":"s2jwg59yskzk2eda","time":1608578942,"event":{"mods":["Act Like it!","Bard","BaseMod","Beaked The Cultist","Better Match","Better Note","Better Sensory Stone","CCEM","Colored Powertips","Conspire","Downfall","Fiend Mod","Halation","Infinite Spire","Menagerie","Minty Spire (QoL Compilation)","Replay The Spire","Spicy Shops","StSLib","The Construct","The Disciple","The Druid","The Factory","The Jungle","The Runesmith"],"gold_per_floor":[99,99,99,99,99,132,180,197,224,224,235,235,255,255,265,361,361,361,361,361,377,377,377,377,377,377,403,413,11,11,11,11],"floor_reached":30,"playtime":1788,"items_purged":[],"score":252,"play_id":"c19d2104-ec22-4517-8c55-65e8d806bbed","local_time":"20201221202902","is_ascension_mode":false,"campfire_choices":[{"data":"champ:Taunt","floor":1,"key":"SMITH"},{"data":"champ:IronFortress","floor":4,"key":"SMITH"},{"data":"champ:Circumvent","floor":10,"key":"SMITH"},{"data":"champ:HoldFirm","floor":18,"key":"SMITH"},{"data":"champ:CheapShot","floor":20,"key":"SMITH"},{"data":"RitualDagger","floor":23,"key":"SMITH"},{"data":"ReplayTheSpireMod:Book of Names","floor":26,"key":"SMITH"}],"circlet_count":0,"master_deck":["champ:Strike","champ:Strike","champ:Strike","champ:Strike+1","champ:Defend","champ:Defend","champ:Defend","champ:Defend","champ:Execute","champ:Taunt+1","champ:IronFortress+1","champ:Riposte","champ:Circumvent+1","champ:Riposte","champ:DefensiveShout","champ:FlashCut+1","champ:Lariat+1","Regret","champ:CheapShot+1","champ:HoldFirm+1","hexamod:FifthSeal","RitualDagger+1","ReplayTheSpireMod:Book of Names+1","hexamod:FirstSeal","champ:EnGarde","hexamod:SixthSeal","champ:GladiatorsShout","hexamod:SecondSeal","champ:ShieldWall","conspire:Banana"],"relics":["champ:ChampionCrown","downfall:HeartsMalice","conspire:DecoderRing","infinitespire:Lucky Rock","Centennial Puzzle","conspire:RoyalGoblet","infinitespire:Bottled Soul","Quantum Egg","Divine Protection"],"acts_visited":["Exordium","TheCity"],"potions_floor_usage":[16,16,30,30],"damage_taken":[{"damage":0,"enemies":"Cultist","floor":2,"turns":1},{"damage":0,"enemies":"2 Louse","floor":3,"turns":1},{"damage":0,"enemies":"Jaw Worm","floor":5,"turns":1},{"damage":47,"enemies":"3 Sentries","floor":6,"turns":14},{"damage":12,"enemies":"Red Slaver","floor":8,"turns":8},{"damage":25,"enemies":"Lagavulin","floor":9,"turns":8},{"damage":15,"enemies":"Exordium Wildlife","floor":11,"turns":6},{"damage":3,"enemies":"3 Louse","floor":13,"turns":4},{"damage":0,"enemies":"Blue Slaver","floor":15,"turns":2},{"damage":6,"enemies":"downfall:Defect","floor":16,"turns":9},{"damage":35,"enemies":"conspire:FuzzyDice","floor":21,"turns":10},{"damage":41,"enemies":"Gremlin Leader","floor":27,"turns":11},{"damage":2,"enemies":"Shell Parasite","floor":28,"turns":6},{"damage":0,"enemies":"downfall:FleeingMerchant","floor":29,"turns":4},{"damage":18,"enemies":"3 Cultists","floor":30,"turns":4}],"seed_played":"-1617286058504726323","potions_obtained":[{"floor":6,"key":"Block Potion"},{"floor":9,"key":"EssenceOfSteel"},{"floor":11,"key":"AttackPotion"},{"floor":16,"key":"FearPotion"},{"floor":21,"key":"Explosive Potion"}],"is_trial":false,"path_per_floor":["R","M","M","R","M","E","T","M","E","R","M","?","M","?","M","B",null,"R","?","R","M","?","R","T","?","R","E","M","$","M"],"character_chosen":"THE_CHAMP","items_purchased":["conspire:Banana","Divine Protection"],"campfire_rested":0,"item_purchase_floors":[29,29],"current_hp_per_floor":[90,90,90,90,90,48,48,41,31,31,21,21,18,18,18,12,90,90,90,90,70,64,64,64,42,42,3,1,8,0,0,0],"gold":11,"neow_bonus":"THREE_ENEMY_KILL","is_daily":false,"chose_seed":false,"campfire_upgraded":7,"win_rate":0.0,"timestamp":1608578942,"path_taken":["R","M","M","R","M","E","T","?","E","R","M","?","M","?","M","BOSS","R","?","R","M","?","R","T","?","R","E","M","?","M"],"items_purchased_type":["Card","Relic"],"build_version":"2020-12-13","purchased_purges":0,"victory":false,"max_hp_per_floor":[90,90,90,90,90,90,90,90,90,90,90,90,90,90,90,90,90,90,90,90,90,90,90,90,90,90,90,90,90,91,91,91],"card_choices":[{"not_picked":["champ:BringItOn","champ:CrookedStrike"],"picked":"champ:IronFortress","floor":2},{"not_picked":["champ:FightOn","champ:Duel"],"picked":"champ:Riposte","floor":3},{"not_picked":["champ:CrookedStrike","champ:FanOfKnives"],"picked":"champ:Circumvent","floor":5},{"not_picked":["champ:AdrenalArmor","champ:RapidStrikes","champ:SwordThrow"],"picked":"SKIP","floor":6},{"not_picked":["champ:CrookedStrike","champ:FocusedGladiator"],"picked":"champ:Riposte","floor":8},{"not_picked":["champ:CrownThrow","champ:CalledShot"],"picked":"champ:DefensiveShout","floor":9},{"not_picked":["champ:DefensiveShout","champ:BladeFlurry"],"picked":"champ:FlashCut","floor":11},{"not_picked":["champ:DeathBlow","champ:Riposte"],"picked":"champ:Lariat","floor":13},{"not_picked":["champ:BerserkerStyle","champ:TornadoPunch"],"picked":"champ:CheapShot","floor":15},{"not_picked":["champ:CrownThrow","champ:MurderStrike"],"picked":"champ:HoldFirm","floor":16},{"not_picked":["champ:ArenaPreparation+1","champ:FanOfKnives","champ:FocusedDefense"],"picked":"SKIP","floor":21},{"not_picked":["infinitespire:FinalStrike","ReplayTheSpireMod:Chaos Vortex"],"picked":"ReplayTheSpireMod:Book of Names","floor":25},{"not_picked":["hexamod:FourthSeal","hexamod:SecondSeal"],"picked":"hexamod:FirstSeal","floor":27},{"not_picked":["champ:FlashCut","champ:HeavySlash"],"picked":"champ:EnGarde","floor":27},{"not_picked":["hexamod:SecondSeal","hexamod:FourthSeal"],"picked":"hexamod:SixthSeal","floor":28},{"not_picked":["champ:Circumvent","champ:CrookedStrike+1"],"picked":"champ:GladiatorsShout","floor":28},{"not_picked":["hexamod:FirstSeal","hexamod:SixthSeal"],"picked":"hexamod:SecondSeal","floor":29},{"not_picked":["champ:PreciseThrust+1","champ:BerserkersShout"],"picked":"champ:ShieldWall","floor":29}],"player_experience":1119690,"relics_obtained":[{"floor":6,"key":"conspire:DecoderRing"},{"floor":7,"key":"infinitespire:Lucky Rock"},{"floor":9,"key":"Centennial Puzzle"},{"floor":24,"key":"infinitespire:Bottled Soul"},{"floor":27,"key":"Quantum Egg"}],"event_choices":[{"cards_removed":["champ:CheapShot"],"damage_healed":0,"gold_gain":0,"player_choice":"Take \u0026 Give","damage_taken":0,"max_hp_gain":0,"max_hp_loss":0,"event_name":"betterNote:BetterNote","floor":19,"gold_loss":0,"cards_obtained":["hexamod:FifthSeal"]}],"is_beta":false,"boss_relics":[{"not_picked":["champ:ChampionCrownUpgraded","Honey Jar"],"picked":"conspire:RoyalGoblet"}],"items_purged_floors":[],"is_endless":false,"potions_floor_spawned":[6,9,11,16,21],"killed_by":"3 Cultists","ascension_level":0}}