{"host":"n2kcse4gu4kap8to","time":1608572831,"event":{"mods":["Act Like it!","Aspiration","BaseMod","Conspire","Dota2Spire","Gensokyo","Minty Spire (QoL Compilation)","Pale of the Ancients","Replay The Spire","Spicy Shops","StSLib","TestMod","The Cursed","The Gatherer","[IsaacMod]ÒÔÈö¼âËþ","vexMod","¡¾ÒÅÎï¿¨ÅÆ¡¿REMEMod"],"gold_per_floor":[114,134,152,170,8,37,37,437,519,519,552,567,583,595,595,700,700,715,733,648,648,668,668,699,45,45,79,178,191,205,2,2,103,103,123,141,141,159,176,176,186,215,289,289,316,1,21,50,50,50,65,78,78,78,78,97,97,26,26,26],"floor_reached":61,"playtime":4719,"items_purged":["Strike_G","Defend_G","Strike_G"],"score":1345,"play_id":"909a7b06-6ac2-43cb-a857-4915b25ce747","local_time":"20201222014711","is_ascension_mode":true,"campfire_choices":[{"data":"Accuracy","floor":7.0,"key":"SMITH"},{"data":"Caltrops","floor":15.0,"key":"SMITH"},{"data":"Draining Mist","floor":23.0,"key":"SMITH"},{"data":"Flechettes","floor":32.0,"key":"SMITH"},{"data":"Hidden Blade","floor":40.0,"key":"SMITH"},{"floor":49.0,"key":"DIG"},{"floor":55,"key":"RECALL"},{"data":"Blade Dance","floor":57,"key":"SMITH"}],"circlet_count":0,"master_deck":["Strike_G","Strike_G","Strike_G","Defend_G+1","Defend_G","Defend_G","Defend_G","Survivor","Neutralize","EpicFetus+1","Gatherer:Examine+1","Blade Dance+1","Caltrops+1","Accuracy+1","Cloak And Dagger+1","ReplayTheSpireMod:From All Sides","REME_GreenPollution","testmod-SubstituteBySubterfuge","Unload","Leg Sweep+1","Draining Mist+1","Backflip+1","Cloak And Dagger+1","Venomology","Flechettes+1","Hidden Blade+1","Dagger Throw","Dagger Spray+1","conspire:DoublingDagger+1","Tools of the Trade","Eviscerate+1","Well Laid Plans+1","Distraction+1","Caltrops+1","ReplayTheSpireMod:Speed Training","Footwork+1","Expertise","Acrobatics+1"],"relics":["Ring of the Snake","REME_ComplimentaryCards","HushsDoor","GuppysTail","testmod-ChristmasGift","Omamori","Guide Book","Dota2Spire:MagicBottle","aspiration:StickyExplosives_weak","Replay:WaspNest","Eternal Feather","testmod-Prudence","SatanicBible","NineLifeCat","Dota2Spire:CrimsonGuard","Pet Ghost","BookOfRevelations","ReplayTheSpireMod:Shallot","EdensBlessing","Replay:Rubber Ducky","aspiration:SeaSaltIceCream","War Paint","Pen Nib","vexMod:PaidLearning","Dota2Spire:RefresherOrb","DoctorsRemote","ReplayTheSpireMod:TigerMarble","Shuriken","Vajra","Letter Opener","paleoftheancients:Timepiece","paleoftheancients:KeyRelic","Gremlin Horn","CultistMask","paleoftheancients:SoulOfTheWokeBloke","Ring of Panic","ReplayTheSpireMod:Ring of Exchange","SharpPlug","Replay:Baseball"],"acts_visited":["Gensokyo:Gensokyo","TheCity","TheBeyond","paleoftheancients:PaleOfTheAncients"],"potions_floor_usage":[51,52,60],"damage_taken":[{"damage":8.0,"enemies":"Gensokyo:Gryphon","floor":1.0,"turns":5.0},{"damage":0.0,"enemies":"Gensokyo:2_Kodama","floor":2.0,"turns":2.0},{"damage":10.0,"enemies":"Gensokyo:3_Fairies","floor":3.0,"turns":4.0},{"damage":3.0,"enemies":"Gensokyo:Python_and_Kodama","floor":4.0,"turns":4.0},{"damage":1.0,"enemies":"Gensokyo:Mamizou","floor":6.0,"turns":4.0},{"damage":6.0,"enemies":"Gensokyo:Cirno","floor":11.0,"turns":6.0},{"damage":14.0,"enemies":"Gensokyo:CorruptedTreant","floor":12.0,"turns":4.0},{"damage":9.0,"enemies":"Gensokyo:3_Kodama","floor":13.0,"turns":3.0},{"damage":18.0,"enemies":"Gensokyo:2_Rabbits","floor":14.0,"turns":3.0},{"damage":0.0,"enemies":"Gensokyo:Kokoro","floor":16.0,"turns":8.0},{"damage":0.0,"enemies":"Shell Parasite","floor":18.0,"turns":4.0},{"damage":30.0,"enemies":"conspire:FuzzyDice","floor":19.0,"turns":4.0},{"damage":17.0,"enemies":"3 Cultists","floor":22.0,"turns":5.0},{"damage":0.0,"enemies":"Replay:Snechameleon","floor":24.0,"turns":5.0},{"damage":0.0,"enemies":"Gremlin Leader","floor":27.0,"turns":6.0},{"damage":0.0,"enemies":"Shelled Parasite and Fungi","floor":29.0,"turns":6.0},{"damage":7.0,"enemies":"Centurion and Healer","floor":30.0,"turns":6.0},{"damage":0.0,"enemies":"Pondfish","floor":33.0,"turns":9.0},{"damage":0.0,"enemies":"3 Darklings","floor":35.0,"turns":4.0},{"damage":0.0,"enemies":"Orb Walker","floor":36.0,"turns":3.0},{"damage":0.0,"enemies":"Spire Growth","floor":38.0,"turns":4.0},{"damage":0.0,"enemies":"Sphere and 2 Shapes","floor":39.0,"turns":1.0},{"damage":0.0,"enemies":"Maw","floor":41.0,"turns":6.0},{"damage":13.0,"enemies":"Reptomancer","floor":42.0,"turns":6.0},{"damage":16.0,"enemies":"Nemesis","floor":45.0,"turns":6.0},{"damage":9.0,"enemies":"Spire Growth","floor":47.0,"turns":4.0},{"damage":36.0,"enemies":"Reptomancer","floor":48.0,"turns":6.0},{"damage":0.0,"enemies":"Donu and Deca","floor":50.0,"turns":5.0},{"damage":0,"enemies":"Donu and Deca","floor":51,"turns":6},{"damage":0,"enemies":"Donu and Deca","floor":52,"turns":2},{"damage":0,"enemies":"Donu and Deca","floor":56,"turns":1},{"damage":13,"enemies":"Delirium","floor":60,"turns":10}],"seed_played":"-7965458622047449028","potions_obtained":[{"floor":3.0,"key":"Fire Potion"},{"floor":6.0,"key":"FearPotion"},{"floor":11.0,"key":"GamblersBrew"},{"floor":16.0,"key":"SkillPotion"},{"floor":18.0,"key":"Doom Potion"},{"floor":19.0,"key":"Block Potion"},{"floor":30.0,"key":"SteroidPotion"},{"floor":56,"key":"SpeedPotion"}],"is_trial":false,"path_per_floor":["M","M","M","M","COS","E","R","?","T","?","E","M","M","M","R","B",null,"M","M","?","?","M","R","E","$","T","E","?","M","M","$","R","B",null,"M","M","?","M","M","R","M","E","T","?","E","$","M","E","R","B","M","M","?","T","R","M","R","$","?","B",null],"character_chosen":"THE_SILENT","items_purchased":["SatanicBible","REME_GreenPollution","testmod-SubstituteBySubterfuge","Unload","Leg Sweep","NineLifeCat","ReplayTheSpireMod:Shallot","EdensBlessing","Replay:Rubber Ducky","Flechettes","vexMod:PaidLearning","conspire:DoublingDagger+1","Shuriken","ReplayTheSpireMod:Speed Training","Replay:Baseball"],"campfire_rested":0,"item_purchase_floors":[17,17,17,17,17,17,25,25,25,25,31,31,46,46,58],"current_hp_per_floor":[63,64,58,64,64,70,70,70,70,56,68,56,54,40,49,70,8,8,8,8,8,6,8,8,8,8,8,8,8,5,5,8,8,1,1,1,1,1,1,1,1,1,1,1,1,1,1,1,1,1,1,1,1,1,1,1,1,1,1,1],"gold":26,"neow_bonus":"RANDOM_COMMON_RELIC","is_daily":false,"chose_seed":false,"campfire_upgraded":6,"win_rate":0.0,"timestamp":1608572831,"path_taken":["M","M","M","M","COS","E","R","?","T","?","E","?","M","M","R","BOSS","M","M","?","?","?","R","E","$","T","E","?","M","?","$","R","BOSS","M","?","?","?","M","R","M","E","T","?","E","?","M","E","R","BOSS","M","M","?","T","R","M","R","$","?","BOSS"],"items_purchased_type":["Relic","Card","Card","Card","Card","Relic","Relic","Relic","Relic","Card","Relic","Card","Relic","Card","Relic"],"build_version":"2020-12-13","purchased_purges":3,"victory":true,"max_hp_per_floor":[70,70,70,70,70,70,70,70,70,70,70,70,70,70,70,70,8,8,8,8,8,8,8,8,8,8,8,8,8,8,8,8,8,1,1,1,1,1,1,1,1,1,1,1,1,1,1,1,1,1,1,1,1,1,1,1,1,1,1,1],"card_choices":[{"not_picked":[],"picked":"EpicFetus","floor":0.0},{"not_picked":["Deadly Poison","ReplayTheSpireMod:Exploit Weakness","Acrobatics"],"picked":"SKIP","floor":1.0},{"not_picked":["Reflex","Eviscerate"],"picked":"Blade Dance","floor":2.0},{"not_picked":["Hidden Blade","Dagger Throw"],"picked":"Caltrops","floor":3.0},{"not_picked":["Flechettes","ReplayTheSpireMod:Necrosis","Slice"],"picked":"SKIP","floor":4.0},{"not_picked":["ReplayTheSpireMod:Scrap Shanks","Dagger Spray"],"picked":"Accuracy","floor":6.0},{"not_picked":["Cloak And Dagger","Flechettes","Flying Knee"],"picked":"SKIP","floor":11.0},{"not_picked":["Cloak And Dagger","Flechettes","Flying Knee"],"picked":"SKIP","floor":11.0},{"not_picked":["ReplayTheSpireMod:Shiv Toss","Flying Knee","Outmaneuver"],"picked":"SKIP","floor":12.0},{"not_picked":["Quick Slash","Backflip"],"picked":"Cloak And Dagger","floor":13.0},{"not_picked":["Flechettes","PiercingWail","Replay:Poison Smokescreen"],"picked":"SKIP","floor":14.0},{"not_picked":["REME_SpectralBlade","Night Terror"],"picked":"ReplayTheSpireMod:From All Sides","floor":16.0},{"not_picked":["Tactician","Bane"],"picked":"Draining Mist","floor":18.0},{"not_picked":["Deflect","Acrobatics"],"picked":"Backflip+1","floor":19.0},{"not_picked":["Heel Hook","Eviscerate+1"],"picked":"Cloak And Dagger+1","floor":22.0},{"not_picked":["ReplayTheSpireMod:Scrap Shanks","Outmaneuver"],"picked":"Venomology","floor":24.0},{"not_picked":["Dagger Spray","Backflip+1"],"picked":"Hidden Blade","floor":27.0},{"not_picked":["Heel Hook","Outmaneuver"],"picked":"Dagger Throw","floor":29.0},{"not_picked":["Acrobatics","Sucker Punch"],"picked":"Dagger Spray","floor":30.0},{"not_picked":["Unload","REME_CopyPotion"],"picked":"Tools of the Trade","floor":33.0},{"not_picked":["Dagger Spray","Deflect"],"picked":"Toxin Wave","floor":35.0},{"not_picked":["Dagger Spray","PiercingWail+1"],"picked":"Eviscerate+1","floor":36.0},{"not_picked":["Acrobatics+1","Heel Hook+1"],"picked":"Well Laid Plans+1","floor":38.0},{"not_picked":["Dagger Spray","Backflip+1"],"picked":"Distraction+1","floor":39.0},{"not_picked":["Poisoned Stab","Deflect+1","Prepared"],"picked":"SKIP","floor":41.0},{"not_picked":["Catalyst","Cloak And Dagger"],"picked":"Caltrops+1","floor":42.0},{"not_picked":["Bane","Dodge and Roll+1","Slice+1"],"picked":"SKIP","floor":45.0},{"not_picked":["Skewer+1","REME_SpectralBlade","PiercingWail+1"],"picked":"SKIP","floor":47.0},{"not_picked":["Noxious Fumes+1","Quick Slash+1"],"picked":"Footwork+1","floor":48.0},{"not_picked":["Eviscerate","Blade Dance"],"picked":"Expertise","floor":51},{"not_picked":["Sucker Punch","Cloak And Dagger"],"picked":"Acrobatics+1","floor":52},{"not_picked":["Underhanded Strike","Deflect+1","Acrobatics+1"],"picked":"SKIP","floor":56}],"player_experience":984024,"relics_obtained":[{"floor":6.0,"key":"Dota2Spire:MagicBottle"},{"floor":9.0,"key":"aspiration:StickyExplosives_weak"},{"floor":11.0,"key":"Eternal Feather"},{"floor":24.0,"key":"BookOfRevelations"},{"floor":26.0,"key":"aspiration:SeaSaltIceCream"},{"floor":27.0,"key":"Pen Nib"},{"floor":42.0,"key":"DoctorsRemote"},{"floor":45.0,"key":"ReplayTheSpireMod:TigerMarble"},{"floor":48.0,"key":"Vajra"},{"floor":49.0,"key":"Letter Opener"},{"floor":51,"key":"paleoftheancients:SoulOfTheWokeBloke"},{"floor":53,"key":"Ring of Panic"},{"floor":53,"key":"ReplayTheSpireMod:Ring of Exchange"},{"floor":54,"key":"SharpPlug"}],"event_choices":[{"damage_healed":0.0,"max_hp_gain":0.0,"max_hp_loss":0.0,"gold_gain":400.0,"event_name":"¶÷ÂåË¹µÄÅÌ×Ó","player_choice":"Sell","floor":8.0,"relics_lost":["testmod-TestBox"],"gold_loss":0.0,"damage_taken":0.0},{"damage_healed":0.0,"max_hp_gain":0.0,"max_hp_loss":0.0,"gold_gain":0.0,"event_name":"Addict","player_choice":"Obtained Relic","floor":20.0,"gold_loss":85.0,"damage_taken":0.0,"relics_obtained":["Dota2Spire:CrimsonGuard"]},{"damage_healed":0.0,"max_hp_gain":0.0,"max_hp_loss":0.0,"gold_gain":99.0,"event_name":"Nest","player_choice":"Stole From Cult","floor":28.0,"gold_loss":0.0,"damage_taken":0.0},{"cards_removed":["Toxin Wave"],"damage_healed":0.0,"max_hp_gain":0.0,"max_hp_loss":0.0,"gold_gain":0.0,"event_name":"Falling","player_choice":"Removed Skill","floor":37.0,"gold_loss":0.0,"damage_taken":0.0},{"damage_healed":0.0,"max_hp_gain":0.0,"max_hp_loss":0.0,"gold_gain":0.0,"event_name":"Tomb of Lord Red Mask","player_choice":"Ignored","floor":44.0,"gold_loss":0.0,"damage_taken":0.0}],"is_beta":false,"boss_relics":[{"not_picked":["REME_DemonsWealth","testmod-StringDisintegrator"],"picked":"testmod-Prudence"},{"not_picked":[]},{"not_picked":["Ring of the Serpent","conspire:SlowCooker"],"picked":"Dota2Spire:RefresherOrb"},{"not_picked":[]}],"items_purged_floors":[17,25,34],"is_endless":false,"potions_floor_spawned":[3,6,11,14,16,18,19,30,35,36,38,45,47,56],"ascension_level":1}}