{"host":"x1qj4d8ympd5jdqh","time":1608545818,"event":{"mods":["AchievementEnabler","AlwaysNeverKeys","BaseMod","Colored Map","Custom Start","DeckTracker","Highlight Path","Minty Spire (QoL Compilation)","StSLib","SuperFastMode"],"gold_per_floor":[114,114,131,231,243,268,268,282,307,307,326,358,377,394,394,470,470,482,501,501,515,515,544,469,496,572,572,589,606,606,623,623,695,695,707,707,707],"floor_reached":36,"playtime":1176,"items_purged":[],"score":986,"play_id":"ef8f2d7f-dbe9-4bb2-aeeb-e39023bbefc5","local_time":"20201221191658","is_ascension_mode":true,"campfire_choices":[{"data":"Adaptation","floor":7.0,"key":"SMITH"},{"data":"SandsOfTime","floor":10.0,"key":"SMITH"},{"data":"EmptyFist","floor":15.0,"key":"SMITH"},{"floor":27.0,"key":"REST"},{"data":"CrushJoints","floor":30.0,"key":"SMITH"},{"data":"Prostrate","floor":32.0,"key":"SMITH"}],"circlet_count":0,"master_deck":["AscendersBane","Strike_P","Strike_P","Defend_P","Defend_P","Defend_P","Eruption+1","Vigilance+1","DeceiveReality+1","Adaptation+1","FlurryOfBlows","SandsOfTime+1","Tantrum","EmptyFist+1","InnerPeace","Brilliance","CrushJoints+1","Prostrate+1","Prostrate"],"relics":["HolyWater","War Paint","Smiling Mask","Damaru","Sozu","Toy Ornithopter","Yang","Shuriken"],"acts_visited":["Exordium","TheCity","TheBeyond"],"potions_floor_usage":[],"damage_taken":[{"damage":3.0,"enemies":"Cultist","floor":1.0,"turns":5.0},{"damage":0.0,"enemies":"Jaw Worm","floor":3.0,"turns":2.0},{"damage":1.0,"enemies":"2 Louse","floor":5.0,"turns":3.0},{"damage":24.0,"enemies":"3 Sentries","floor":6.0,"turns":11.0},{"damage":1.0,"enemies":"Looter","floor":8.0,"turns":3.0},{"damage":0.0,"enemies":"Large Slime","floor":11.0,"turns":2.0},{"damage":0.0,"enemies":"Lagavulin","floor":12.0,"turns":4.0},{"damage":0.0,"enemies":"Exordium Wildlife","floor":13.0,"turns":3.0},{"damage":10.0,"enemies":"Looter","floor":14.0,"turns":3.0},{"damage":0.0,"enemies":"Hexaghost","floor":16.0,"turns":5.0},{"damage":0.0,"enemies":"Chosen","floor":18.0,"turns":2.0},{"damage":5.0,"enemies":"2 Thieves","floor":19.0,"turns":3.0},{"damage":25.0,"enemies":"Snecko","floor":21.0,"turns":4.0},{"damage":16.0,"enemies":"Slavers","floor":23.0,"turns":4.0},{"damage":9.0,"enemies":"Gremlin Leader","floor":25.0,"turns":4.0},{"damage":0.0,"enemies":"Sentry and Sphere","floor":28.0,"turns":4.0},{"damage":0.0,"enemies":"3 Cultists","floor":29.0,"turns":2.0},{"damage":0.0,"enemies":"Chosen and Byrds","floor":31.0,"turns":2.0},{"damage":7.0,"enemies":"Automaton","floor":33.0,"turns":6.0},{"damage":22.0,"enemies":"3 Shapes","floor":35.0,"turns":3.0},{"damage":35,"enemies":"3 Darklings","floor":36,"turns":2}],"seed_played":"-6384993009863040363","potions_obtained":[{"floor":1.0,"key":"FearPotion"},{"floor":5.0,"key":"Swift Potion"},{"floor":11.0,"key":"ColorlessPotion"},{"floor":12.0,"key":"SpeedPotion"},{"floor":14.0,"key":"SneckoOil"}],"is_trial":false,"path_per_floor":["M","?","M","?","M","E","R","M","T","R","M","E","M","M","R","B",null,"M","M","?","M","?","E","?","E","T","R","M","M","R","M","R","B",null,"M","M"],"character_chosen":"WATCHER","items_purchased":[],"campfire_rested":1,"item_purchase_floors":[],"current_hp_per_floor":[58,58,58,58,57,33,33,32,32,32,32,32,32,22,22,22,57,57,52,52,27,27,11,11,2,2,22,22,22,22,22,22,15,55,33,0,0],"gold":707,"neow_bonus":"UPGRADE_CARD","is_daily":false,"chose_seed":false,"campfire_upgraded":5,"win_rate":0.0,"timestamp":1608545818,"path_taken":["M","?","M","?","M","E","R","M","T","R","M","E","?","M","R","BOSS","M","M","?","M","?","E","?","E","T","R","?","M","R","M","R","BOSS","M","M"],"items_purchased_type":[],"build_version":"2020-12-13","purchased_purges":0,"victory":false,"max_hp_per_floor":[68,68,68,68,68,68,68,68,68,68,68,68,68,68,68,68,68,68,68,68,68,68,68,68,68,68,68,68,68,68,68,68,68,68,68,68,68],"card_choices":[{"not_picked":["ReachHeaven","Weave","BowlingBash"],"picked":"SKIP","floor":1.0},{"not_picked":["CrushJoints","Weave"],"picked":"Adaptation","floor":3.0},{"not_picked":["Crescendo","Evaluate"],"picked":"FlurryOfBlows","floor":5.0},{"not_picked":["Swivel","Weave"],"picked":"SandsOfTime","floor":6.0},{"not_picked":["JustLucky","ThirdEye","Evaluate"],"picked":"SKIP","floor":8.0},{"not_picked":["Protect","Prostrate","Crescendo"],"picked":"SKIP","floor":11.0},{"not_picked":["Sanctity","Collect"],"picked":"Tantrum","floor":12.0},{"not_picked":["JustLucky","DevaForm"],"picked":"EmptyFist","floor":13.0},{"not_picked":["FollowUp","Crescendo"],"picked":"InnerPeace","floor":14.0},{"not_picked":["LessonLearned","MasterReality"],"picked":"Brilliance","floor":16.0},{"not_picked":["Evaluate","Nirvana","Meditate"],"picked":"SKIP","floor":18.0},{"not_picked":["ThirdEye","Halt","Wireheading+1"],"picked":"SKIP","floor":19.0},{"not_picked":["DeceiveReality","FlurryOfBlows+1"],"picked":"CrushJoints","floor":21.0},{"not_picked":["EmptyMind","Wireheading","Consecrate"],"picked":"SKIP","floor":23.0},{"not_picked":["Swivel","CrushJoints","DeusExMachina"],"picked":"SKIP","floor":25.0},{"not_picked":["FlurryOfBlows","LikeWater+1"],"picked":"Prostrate","floor":28.0},{"not_picked":["ClearTheMind","BowlingBash","EmptyFist"],"picked":"SKIP","floor":29.0},{"not_picked":["Protect","Halt"],"picked":"Prostrate","floor":31.0},{"not_picked":["FlyingSleeves","Prostrate","PathToVictory"],"picked":"SKIP","floor":35.0}],"player_experience":1254601,"relics_obtained":[{"floor":6.0,"key":"War Paint"},{"floor":9.0,"key":"Smiling Mask"},{"floor":12.0,"key":"Damaru"},{"floor":23.0,"key":"Toy Ornithopter"},{"floor":25.0,"key":"Yang"},{"floor":26.0,"key":"Shuriken"}],"event_choices":[{"damage_healed":0.0,"max_hp_gain":0.0,"max_hp_loss":0.0,"gold_gain":0.0,"cards_transformed":["Defend_P"],"event_name":"Living Wall","player_choice":"Change","floor":2.0,"gold_loss":0.0,"damage_taken":0.0,"cards_obtained":["DeceiveReality"]},{"damage_healed":0.0,"max_hp_gain":0.0,"max_hp_loss":0.0,"gold_gain":100.0,"event_name":"Wheel of Change","player_choice":"Gold","floor":4.0,"gold_loss":0.0,"damage_taken":0.0},{"damage_healed":0.0,"max_hp_gain":0.0,"max_hp_loss":0.0,"gold_gain":0.0,"event_name":"The Mausoleum","player_choice":"Ignored","floor":20.0,"gold_loss":0.0,"damage_taken":0.0},{"cards_removed":["Strike_P"],"damage_healed":0.0,"max_hp_gain":0.0,"max_hp_loss":0.0,"gold_gain":0.0,"event_name":"Back to Basics","player_choice":"Elegance","floor":22.0,"gold_loss":0.0,"damage_taken":0.0},{"cards_removed":["Strike_P"],"damage_healed":0.0,"max_hp_gain":0.0,"max_hp_loss":0.0,"gold_gain":0.0,"event_name":"Beggar","player_choice":"Gave Gold","floor":24.0,"gold_loss":75.0,"damage_taken":0.0}],"is_beta":false,"boss_relics":[{"not_picked":["Coffee Dripper","SacredBark"],"picked":"Sozu"},{"not_picked":["Black Star","Philosopher\u0027s Stone"],"picked":"HolyWater"}],"items_purged_floors":[],"is_endless":false,"potions_floor_spawned":[1,5,11,12,14,19,21,23,28,33],"killed_by":"3 Darklings","ascension_level":20}}