{"host":"69rply1jf2d1wbmp","time":1608518989,"event":{"mods":["BaseMod","Minty Spire (QoL Compilation)","Quick Restart"],"gold_per_floor":[109,125,18,36,56,56,68,95,95,95,112,128,163,183,183,285,285,305,11,11,11,31,31,59,59,136,136,136],"floor_reached":27,"playtime":1067,"items_purged":["Strike_B"],"score":270,"play_id":"ab7b159c-78a8-40cf-99e4-49aa617ed942","local_time":"20201220214949","is_ascension_mode":false,"campfire_choices":[{"data":"Echo Form","floor":6,"key":"SMITH"},{"data":"Defragment","floor":10,"key":"SMITH"},{"floor":15,"key":"REST"},{"data":"Dualcast","floor":23,"key":"SMITH"}],"circlet_count":0,"master_deck":["Strike_B","Strike_B","Defend_B","Defend_B","Defend_B","Defend_B","Zap+1","Dualcast+1","FTL","Ball Lightning","Melter","Chill","Echo Form+1","Defragment+1","Leap","Static Discharge+1","Machine Learning+1","Capacitor+1","Hologram","Auto Shields+1","White Noise","Defragment+1"],"relics":["Cracked Core","Singing Bowl","Pear","Frozen Egg 2","Black Star","Runic Capacitor","Symbiotic Virus","Ancient Tea Set","Mercury Hourglass"],"acts_visited":["Exordium","TheCity"],"potions_floor_usage":[24,24],"damage_taken":[{"damage":1,"enemies":"Cultist","floor":1,"turns":3},{"damage":6,"enemies":"Jaw Worm","floor":2,"turns":2},{"damage":0,"enemies":"2 Louse","floor":4,"turns":2},{"damage":0,"enemies":"Large Slime","floor":5,"turns":3},{"damage":0,"enemies":"Blue Slaver","floor":7,"turns":3},{"damage":14,"enemies":"Gremlin Nob","floor":8,"turns":3},{"damage":1,"enemies":"Red Slaver","floor":11,"turns":3},{"damage":8,"enemies":"2 Fungi Beasts","floor":12,"turns":3},{"damage":34,"enemies":"Lagavulin","floor":13,"turns":6},{"damage":11,"enemies":"Large Slime","floor":14,"turns":4},{"damage":23,"enemies":"The Guardian","floor":16,"turns":9},{"damage":5,"enemies":"3 Byrds","floor":18,"turns":5},{"damage":19,"enemies":"2 Thieves","floor":22,"turns":5},{"damage":37,"enemies":"Slavers","floor":24,"turns":5},{"damage":34,"enemies":"Book of Stabbing","floor":27,"turns":4}],"seed_played":"7314688802658418044","potions_obtained":[{"floor":1,"key":"LiquidBronze"},{"floor":5,"key":"CultistPotion"},{"floor":7,"key":"Explosive Potion"},{"floor":18,"key":"Ancient Potion"}],"is_trial":false,"path_per_floor":["M","M","$","M","M","R","M","E","T","R","M","M","E","M","R","B",null,"M","$","?","$","M","R","E","?","T","E"],"character_chosen":"DEFECT","items_purchased":["Melter","Chill","Runic Capacitor","Capacitor+1"],"campfire_rested":1,"item_purchase_floors":[3,3,19,19],"current_hp_per_floor":[74,68,68,68,68,68,68,54,64,64,63,57,25,14,40,17,89,86,86,86,86,67,67,30,30,30,0,0],"gold":136,"neow_bonus":"UPGRADE_CARD","is_daily":false,"chose_seed":false,"campfire_upgraded":3,"win_rate":0.0,"timestamp":1608518989,"path_taken":["M","M","$","?","M","R","M","E","T","R","M","M","E","M","R","BOSS","M","$","?","?","M","R","E","?","T","E"],"items_purchased_type":["Card","Card","Relic","Card"],"build_version":"2020-12-13","purchased_purges":1,"victory":false,"max_hp_per_floor":[75,75,75,75,75,75,75,75,85,85,85,87,89,89,89,89,89,91,91,91,91,91,91,91,91,91,91,91],"card_choices":[{"not_picked":["Redo","Hologram"],"picked":"FTL","floor":1},{"not_picked":["FTL","Compile Driver"],"picked":"Ball Lightning","floor":2},{"not_picked":["Aggregate","Chill","Turbo"],"picked":"SKIP","floor":4},{"not_picked":["Streamline","Go for the Eyes"],"picked":"Echo Form","floor":5},{"not_picked":["Redo","Reprogram","Ball Lightning"],"picked":"SKIP","floor":7},{"not_picked":["Glacier","Beam Cell"],"picked":"Defragment","floor":8},{"not_picked":["Go for the Eyes","Conserve Battery"],"picked":"Leap","floor":11},{"not_picked":["Beam Cell","Sweeping Beam","Gash"],"picked":"Singing Bowl","floor":12},{"not_picked":["Cold Snap","Creative AI+1","Go for the Eyes"],"picked":"Singing Bowl","floor":13},{"not_picked":["Leap","Cold Snap"],"picked":"Static Discharge+1","floor":14},{"not_picked":["Meteor Strike","Amplify"],"picked":"Machine Learning+1","floor":16},{"not_picked":["Genetic Algorithm","Beam Cell","Rip and Tear"],"picked":"Singing Bowl","floor":18},{"not_picked":["Sweeping Beam+1","Consume"],"picked":"Auto Shields+1","floor":22},{"not_picked":["Streamline","BootSequence+1"],"picked":"White Noise","floor":24}],"player_experience":371376,"relics_obtained":[{"floor":8,"key":"Singing Bowl"},{"floor":9,"key":"Pear"},{"floor":13,"key":"Frozen Egg 2"},{"floor":24,"key":"Symbiotic Virus"},{"floor":24,"key":"Ancient Tea Set"},{"floor":26,"key":"Mercury Hourglass"}],"event_choices":[{"damage_healed":0,"gold_gain":0,"cards_transformed":["Strike_B"],"player_choice":"Transformed","damage_taken":0,"max_hp_gain":0,"max_hp_loss":0,"event_name":"Transmorgrifier","floor":20,"gold_loss":0,"cards_obtained":["Hologram"]},{"damage_healed":0,"gold_gain":0,"player_choice":"Copied","damage_taken":0,"max_hp_gain":0,"max_hp_loss":0,"event_name":"Duplicator","floor":25,"gold_loss":0,"cards_obtained":["Defragment"]}],"is_beta":false,"boss_relics":[{"not_picked":["Ectoplasm","Velvet Choker"],"picked":"Black Star"}],"items_purged_floors":[19],"is_endless":false,"potions_floor_spawned":[1,5,7,12,14,16,18,22],"killed_by":"Book of Stabbing","ascension_level":0}}