{"host":"6affnl2vk6en9o4b","time":1608571212,"event":{"mods":["2.2 Compatiblity","AchievementEnabler","Aspiration","BaseMod","BetterRewards","Colored Powertips","Conspire","Downfall","Friendly Minions","Googly Eyes","Highlight Path","Hubris","Minty Spire (QoL Compilation)","Replay The Spire","StSLib","Trackpad","Unceasing Turn Reminder","vexMod"],"gold_per_floor":[99,111,124,124,85,103,154,187,55,88,102,117,292,292,302,302,302,302],"floor_reached":16,"playtime":593,"items_purged":[],"score":112,"play_id":"f4b596dc-f844-4e1d-a74b-97d3518ac83e","local_time":"20201221172012","is_ascension_mode":false,"campfire_choices":[{"floor":1,"key":"DIG"},{"floor":4,"key":"RECALL"}],"circlet_count":0,"master_deck":["Slimebound:Strike_Slimebound","Slimebound:Strike_Slimebound","Slimebound:Strike_Slimebound","Slimebound:Tackle","Slimebound:Defend_Slimebound","Slimebound:Defend_Slimebound","Slimebound:Defend_Slimebound","Slimebound:Defend_Slimebound","Slimebound:Split","Slimebound:CorrosiveSpit","Slimebound:DisruptingSlam","Slimebound:Chomp","Slimebound:FinishingTackle","Slimebound:ComboTackle","Slimebound:BestDefense","Slimebound:SplitAcid","Slimebound:ForwardTackle","Slimebound:MinionMaster","Slimebound:MinionMaster","Slimebound:LeadByExample","Slimebound:RollThrough","Slimebound:RainOfGoop","Doubt","Slimebound:SamplingLick"],"relics":["Slimebound:AbsorbEndCombat","MealTicket","Anchor","conspire:GlowingRock","vexMod:MemoryStick","hubris:Towel"],"acts_visited":["Exordium"],"potions_floor_usage":[10,15,16],"damage_taken":[{"damage":4,"enemies":"2 Louse","floor":2,"turns":2},{"damage":4,"enemies":"Small Slimes","floor":3,"turns":4},{"damage":4,"enemies":"downfall:FleeingMerchant","floor":5,"turns":4},{"damage":2,"enemies":"conspire:RoseBush","floor":6,"turns":2},{"damage":33,"enemies":"3 Sentries","floor":8,"turns":6},{"damage":15,"enemies":"downfall:FleeingMerchant","floor":9,"turns":4},{"damage":33,"enemies":"Gremlin Nob","floor":10,"turns":5},{"damage":7,"enemies":"Blue Slaver","floor":11,"turns":2},{"damage":8,"enemies":"Large Slime","floor":12,"turns":5},{"damage":8,"enemies":"3 Louse","floor":15,"turns":1},{"damage":29,"enemies":"downfall:Silent","floor":16,"turns":4}],"seed_played":"-6753258424423312897","potions_obtained":[{"floor":8,"key":"BlessingOfTheForge"},{"floor":11,"key":"Dexterity Potion"},{"floor":12,"key":"Slimebound:ThreeZeroPotion"}],"is_trial":false,"path_per_floor":["R","M","M","R","$","M","T","E","$","E","M","M","?","?","M","B"],"character_chosen":"SLIMEBOUND","items_purchased":["Slimebound:ComboTackle","Slimebound:MinionMaster"],"campfire_rested":0,"item_purchase_floors":[5,9],"current_hp_per_floor":[60,60,60,60,60,58,58,33,45,24,25,25,25,25,25,0,0,0],"gold":302,"neow_bonus":"RANDOM_COMMON_RELIC","is_daily":false,"chose_seed":false,"campfire_upgraded":0,"win_rate":0.0,"timestamp":1608571212,"path_taken":["R","M","M","R","$","M","T","E","$","E","M","M","?","?","M","BOSS"],"items_purchased_type":["Card","Card"],"build_version":"2020-12-13","purchased_purges":0,"victory":false,"max_hp_per_floor":[60,60,60,60,60,60,60,60,60,60,60,60,60,60,60,60,60,60],"card_choices":[{"not_picked":["Slimebound:PressTheAttack","Slimebound:LeechEnergy"],"picked":"Slimebound:DisruptingSlam","floor":2},{"not_picked":["Slimebound:SlimeBarrage","Slimebound:SplitMire"],"picked":"Slimebound:Chomp","floor":3},{"not_picked":["Slimebound:LeechEnergy","Slimebound:Replication"],"picked":"Slimebound:FinishingTackle","floor":5},{"not_picked":["Slimebound:Equalize","Slimebound:RallyTheTroops"],"picked":"Slimebound:BestDefense","floor":6},{"not_picked":["Slimebound:Dissolve","Slimebound:FormOfPuddle"],"picked":"Slimebound:SplitAcid","floor":8},{"not_picked":["Slimebound:GoopSpray","Slimebound:LeadByExample"],"picked":"Slimebound:ForwardTackle","floor":9},{"not_picked":["Slimebound:Prepare","Slimebound:ForwardTackle"],"picked":"Slimebound:LeadByExample","floor":10},{"not_picked":["Slimebound:SplitBruiser","Slimebound:SplitMire"],"picked":"Slimebound:RollThrough","floor":11},{"not_picked":["Slimebound:LeechEnergy","Slimebound:GoopSpray"],"picked":"Slimebound:RainOfGoop","floor":12},{"not_picked":["Slimebound:ComboTackle","Slimebound:FirmFortitude"],"picked":"Slimebound:SamplingLick","floor":15}],"player_experience":188905,"relics_obtained":[{"floor":1,"key":"Anchor"},{"floor":8,"key":"conspire:GlowingRock"},{"floor":10,"key":"vexMod:MemoryStick"}],"event_choices":[],"is_beta":false,"boss_relics":[],"items_purged_floors":[],"is_endless":false,"potions_floor_spawned":[8,11,12],"killed_by":"downfall:Silent","ascension_level":0}}