{"host":"k5dhp0bkccqfauyu","time":1608525569,"event":{"mods":["BaseMod","Better Note","Better Skull","Better Vampires","Colored Map","Colored Powertips","DeckTracker","Minty Spire (QoL Compilation)","Permanent Neow","StSLib","SuperFastMode"],"gold_per_floor":[214,214,227,247,267,293,293,320,320,245,279,328,7,22,22,22,22],"floor_reached":16,"playtime":431,"items_purged":["Strike_R"],"score":240,"play_id":"07b8cb54-c16c-4de6-a6e0-7acf2142eec0","local_time":"20201221153929","is_ascension_mode":true,"campfire_choices":[{"data":"Whirlwind","floor":7,"key":"SMITH"},{"data":"Inflame","floor":15,"key":"SMITH"}],"circlet_count":0,"master_deck":["AscendersBane","Strike_R","Strike_R","Strike_R","Defend_R","Defend_R","Defend_R","Defend_R","Bash","Clothesline","Shrug It Off","Carnage","Whirlwind+1","Inflame+1","Burning Pact"],"relics":["Burning Blood","Art of War","The Courier","StrikeDummy","Bottled Flame","PreservedInsect","ClockworkSouvenir","Oddly Smooth Stone"],"acts_visited":["Exordium"],"potions_floor_usage":[6,6,6,6,11],"damage_taken":[{"damage":5,"enemies":"2 Louse","floor":1,"turns":4},{"damage":8,"enemies":"Cultist","floor":3,"turns":5},{"damage":4,"enemies":"Jaw Worm","floor":4,"turns":3},{"damage":9,"enemies":"Exordium Wildlife","floor":5,"turns":4},{"damage":4,"enemies":"3 Sentries","floor":6,"turns":6},{"damage":36,"enemies":"Lagavulin","floor":8,"turns":7},{"damage":24,"enemies":"Gremlin Nob","floor":11,"turns":4},{"damage":0,"enemies":"3 Louse","floor":14,"turns":1},{"damage":26,"enemies":"Slime Boss","floor":16,"turns":6}],"seed_played":"2647024543490239920","potions_obtained":[{"floor":2,"key":"DistilledChaos"},{"floor":2,"key":"EntropicBrew"},{"floor":8,"key":"AttackPotion"}],"is_trial":false,"path_per_floor":["M","?","M","M","M","E","R","E","T","?","E","T","$","M","R","B"],"character_chosen":"IRONCLAD","items_purchased":["ClockworkSouvenir","Oddly Smooth Stone"],"campfire_rested":0,"item_purchase_floors":[13,13],"current_hp_per_floor":[69,69,67,69,66,68,68,38,38,38,20,20,20,26,26,0,0],"gold":22,"neow_bonus":"HUNDRED_GOLD","is_daily":false,"chose_seed":false,"campfire_upgraded":2,"win_rate":0.0,"timestamp":1608525569,"path_taken":["M","?","M","?","M","E","R","E","T","?","E","?","$","M","R","BOSS"],"items_purchased_type":["Relic","Relic"],"build_version":"2020-12-13","purchased_purges":1,"victory":false,"max_hp_per_floor":[75,75,75,75,75,75,75,75,75,75,75,75,75,75,75,75,75],"card_choices":[{"not_picked":["Iron Wave","Warcry"],"picked":"Clothesline","floor":1},{"not_picked":["Pommel Strike","Clothesline"],"picked":"Shrug It Off","floor":3},{"not_picked":["Cleave","Wild Strike"],"picked":"Carnage","floor":4},{"not_picked":["Dropkick","Rage","Feel No Pain"],"picked":"SKIP","floor":5},{"not_picked":["Rampage","Bludgeon"],"picked":"Whirlwind","floor":6},{"not_picked":["Cleave","Body Slam"],"picked":"Inflame","floor":8},{"not_picked":["Fire Breathing","Dual Wield","Perfected Strike"],"picked":"SKIP","floor":11},{"not_picked":["Havoc","Headbutt"],"picked":"Burning Pact","floor":14}],"player_experience":1805986,"relics_obtained":[{"floor":6,"key":"Art of War"},{"floor":8,"key":"The Courier"},{"floor":9,"key":"StrikeDummy"},{"floor":11,"key":"Bottled Flame"},{"floor":12,"key":"PreservedInsect"}],"event_choices":[{"damage_healed":0,"gold_gain":0,"player_choice":"Got Potions","damage_taken":0,"max_hp_gain":0,"max_hp_loss":0,"event_name":"Lab","floor":2,"gold_loss":0},{"cards_removed":["Strike_R"],"damage_healed":0,"gold_gain":0,"player_choice":"Card Removal","damage_taken":0,"max_hp_gain":0,"max_hp_loss":0,"event_name":"The Cleric","floor":10,"gold_loss":75}],"is_beta":false,"boss_relics":[],"items_purged_floors":[13],"is_endless":false,"potions_floor_spawned":[3,8],"killed_by":"Slime Boss","ascension_level":20}}