{"host":"sxnl403xm2xmiyj1","time":1608551174,"event":{"mods":["AchievementEnabler","BaseMod","Colored Map","Keyboard Shortcuts","Minty Spire (QoL Compilation)","Quick Restart","StSLib","SuperFastMode"],"gold_per_floor":[115,134,209,229,229,229,257,257,257,284,334,334,352,366,366,366,366],"floor_reached":16,"playtime":254,"items_purged":[],"score":209,"play_id":"610828d2-225c-471e-a62d-eb3791739b58","local_time":"20201221204614","is_ascension_mode":true,"campfire_choices":[{"data":"Beam Cell","floor":6.0,"key":"SMITH"},{"floor":8.0,"key":"REST"},{"floor":12.0,"key":"REST"},{"data":"Zap","floor":15.0,"key":"SMITH"}],"circlet_count":0,"master_deck":["AscendersBane","Strike_B","Strike_B","Strike_B","Defend_B","Defend_B","Defend_B","Defend_B","Zap+1","Dualcast","Reboot","BootSequence","Beam Cell+1","Gash","Conserve Battery+1","Reinforced Body+1","Gash","Stack+1"],"relics":["Cracked Core","Toxic Egg 2","Singing Bowl","Art of War"],"acts_visited":["Exordium"],"potions_floor_usage":[],"damage_taken":[{"damage":2.0,"enemies":"Jaw Worm","floor":1.0,"turns":3.0},{"damage":0.0,"enemies":"2 Louse","floor":2.0,"turns":2.0},{"damage":0.0,"enemies":"Small Slimes","floor":4.0,"turns":2.0},{"damage":39.0,"enemies":"Gremlin Nob","floor":7.0,"turns":4.0},{"damage":14.0,"enemies":"Lagavulin","floor":10.0,"turns":7.0},{"damage":4.0,"enemies":"Exordium Thugs","floor":13.0,"turns":6.0},{"damage":0.0,"enemies":"Red Slaver","floor":14.0,"turns":3.0},{"damage":31,"enemies":"The Guardian","floor":16,"turns":10}],"seed_played":"1949740150322863707","potions_obtained":[{"floor":4.0,"key":"LiquidMemories"},{"floor":10.0,"key":"AttackPotion"},{"floor":14.0,"key":"SmokeBomb"}],"is_trial":false,"path_per_floor":["M","M","?","M","?","R","E","R","T","E","?","R","M","M","R","B"],"character_chosen":"DEFECT","items_purchased":[],"campfire_rested":2,"item_purchase_floors":[],"current_hp_per_floor":[62,62,51,51,44,44,5,26,26,12,12,33,29,29,29,0,0],"gold":366,"neow_bonus":"ONE_RANDOM_RARE_CARD","is_daily":false,"chose_seed":false,"campfire_upgraded":2,"win_rate":0.0,"timestamp":1608551174,"path_taken":["M","M","?","M","?","R","E","R","T","E","?","R","M","?","R","BOSS"],"items_purchased_type":[],"build_version":"2020-12-13","purchased_purges":0,"victory":false,"max_hp_per_floor":[71,71,71,71,71,71,71,71,71,71,71,71,71,71,71,71,71],"card_choices":[{"not_picked":["Steam","Leap"],"picked":"BootSequence","floor":1.0},{"not_picked":["Leap","Coolheaded"],"picked":"Beam Cell","floor":2.0},{"not_picked":["Auto Shields","Ball Lightning"],"picked":"Gash","floor":4.0},{"not_picked":["Hyperbeam","Barrage"],"picked":"Conserve Battery+1","floor":7.0},{"not_picked":["Sweeping Beam","Turbo+1"],"picked":"Reinforced Body+1","floor":10.0},{"not_picked":["Reinforced Body+1","Redo+1"],"picked":"Gash","floor":13.0},{"not_picked":["Rip and Tear","Steam+1"],"picked":"Stack+1","floor":14.0}],"player_experience":111421,"relics_obtained":[{"floor":7.0,"key":"Toxic Egg 2"},{"floor":9.0,"key":"Singing Bowl"},{"floor":10.0,"key":"Art of War"}],"event_choices":[{"damage_healed":0.0,"max_hp_gain":0.0,"max_hp_loss":0.0,"gold_gain":75.0,"event_name":"World of Goop","player_choice":"Gather Gold","floor":3.0,"gold_loss":0.0,"damage_taken":11.0},{"cards_removed":["Strike_B"],"damage_healed":0.0,"max_hp_gain":0.0,"max_hp_loss":0.0,"gold_gain":0.0,"event_name":"Golden Wing","player_choice":"Card Removal","floor":5.0,"gold_loss":0.0,"damage_taken":7.0},{"damage_healed":0.0,"max_hp_gain":0.0,"max_hp_loss":0.0,"gold_gain":50.0,"event_name":"Golden Shrine","player_choice":"Pray","floor":11.0,"gold_loss":0.0,"damage_taken":0.0}],"is_beta":false,"boss_relics":[],"items_purged_floors":[],"is_endless":false,"potions_floor_spawned":[4,10,14],"killed_by":"The Guardian","ascension_level":18}}