{"host":"qxeepl7ydvsgmfdb","time":1608558140,"event":{"mods":["AchievementEnabler","BaseMod","Colored Powertips","Minty Spire (QoL Compilation)","Quick Restart","slay the spire mod where everything is the same but ironclad has a cowboy hat"],"gold_per_floor":[109,109,122,122,142,176,190,190,190,203,378,404,404,424,424,424,424],"floor_reached":16,"playtime":658,"items_purged":[],"score":137,"play_id":"df2c7809-0975-433c-8290-0be9006999a3","local_time":"20201221084220","is_ascension_mode":false,"campfire_choices":[{"floor":8,"key":"REST"},{"floor":13,"key":"REST"},{"data":"Body Slam","floor":15,"key":"SMITH"}],"circlet_count":0,"master_deck":["Strike_R","Strike_R","Strike_R","Strike_R","Strike_R","Defend_R","Defend_R","Defend_R","Defend_R","Bash","Perfected Strike","Ghostly Armor","Berserk","Bash","Body Slam","Infernal Blade","Doubt","Shrug It Off","Body Slam+1"],"relics":["Burning Blood","Self Forming Clay","Bottled Flame","Frozen Egg 2"],"acts_visited":[],"potions_floor_usage":[6],"damage_taken":[{"damage":7.0,"enemies":"2 Louse","floor":1.0,"turns":3.0},{"damage":9,"enemies":"Small Slimes","floor":3,"turns":3},{"damage":1,"enemies":"Cultist","floor":5,"turns":3},{"damage":30,"enemies":"Lagavulin","floor":6,"turns":7},{"damage":6,"enemies":"Blue Slaver","floor":7,"turns":3},{"damage":17,"enemies":"3 Louse","floor":10,"turns":4},{"damage":52,"enemies":"3 Sentries","floor":12,"turns":12},{"damage":5,"enemies":"Exordium Thugs","floor":14,"turns":5},{"damage":50,"enemies":"Hexaghost","floor":16,"turns":11}],"seed_played":"5426354277117117416","potions_obtained":[{"floor":1.0,"key":"Weak Potion"},{"floor":12,"key":"SmokeBomb"}],"is_trial":false,"path_per_floor":["M","?","M","?","M","E","M","R","T","M","?","E","R","M","R","B"],"character_chosen":"IRONCLAD","items_purchased":[],"campfire_rested":2,"item_purchase_floors":[],"current_hp_per_floor":[71,71,68,68,73,49,49,77,77,66,66,20,48,49,49,0,0],"gold":424,"neow_bonus":"TWENTY_PERCENT_HP_BONUS","is_daily":false,"chose_seed":false,"campfire_upgraded":1,"win_rate":0.0,"timestamp":1608558140,"path_taken":["M","?","M","?","?","E","M","R","T","M","?","E","R","M","R","BOSS"],"items_purchased_type":[],"build_version":"2020-12-13","purchased_purges":0,"victory":false,"max_hp_per_floor":[96,96,96,96,96,96,96,96,96,96,96,96,96,96,96,96,96],"card_choices":[{"not_picked":["Seeing Red","Headbutt"],"picked":"Perfected Strike","floor":1.0},{"not_picked":["Sword Boomerang","Perfected Strike"],"picked":"Ghostly Armor","floor":3},{"not_picked":["Immolate","Clash","Blood for Blood"],"picked":"SKIP","floor":5},{"not_picked":["Dark Embrace","Warcry"],"picked":"Body Slam","floor":6},{"not_picked":["Havoc","Bloodletting"],"picked":"Infernal Blade","floor":7},{"not_picked":["Twin Strike","Burning Pact","Spot Weakness"],"picked":"SKIP","floor":10},{"not_picked":["Bloodletting","Headbutt"],"picked":"Shrug It Off","floor":12},{"not_picked":["Sever Soul","Clothesline"],"picked":"Body Slam","floor":14}],"player_experience":299173,"relics_obtained":[{"floor":6,"key":"Self Forming Clay"},{"floor":9,"key":"Bottled Flame"},{"floor":12,"key":"Frozen Egg 2"}],"event_choices":[{"damage_healed":0.0,"max_hp_gain":0.0,"max_hp_loss":0.0,"gold_gain":0.0,"event_name":"The Cleric","player_choice":"Leave","floor":2.0,"gold_loss":0.0,"damage_taken":0.0},{"damage_healed":0,"gold_gain":0,"player_choice":"2 cards matched","damage_taken":0,"max_hp_gain":0,"max_hp_loss":0,"event_name":"Match and Keep!","floor":4,"gold_loss":0,"cards_obtained":["Berserk","Bash"]},{"damage_healed":0,"gold_gain":175,"player_choice":"AGREE","damage_taken":0,"max_hp_gain":0,"max_hp_loss":0,"event_name":"Liars Game","floor":11,"gold_loss":0,"cards_obtained":["Doubt"]}],"is_beta":false,"boss_relics":[],"items_purged_floors":[],"is_endless":false,"potions_floor_spawned":[1,12],"killed_by":"Hexaghost","ascension_level":0}}