{"host":"utqe55yv0jihe4d6","time":1608522203,"event":{"mods":["2.2 Compatiblity","AchievementEnabler","BaseMod","Block Reminder","Colored Map","Colored Powertips","Minty Spire (QoL Compilation)","Quick Restart","Rare Cards Sparkle","Relic Stats","SuperFastMode"],"gold_per_floor":[109,15,115,132,147,147,176,176,176,176,204,20,20,37,37,111,111,130,130,30,49,68,95,95,124,151,151,151,169,179,189,189,189,189],"floor_reached":33,"playtime":1018,"items_purged":[],"score":640,"play_id":"2868a2b9-f3b6-4cc3-a5fd-de1fdac86a62","local_time":"20201220224323","is_ascension_mode":true,"campfire_choices":[{"data":"Bash","floor":6.0,"key":"SMITH"},{"data":"True Grit","floor":8.0,"key":"SMITH"},{"data":"Carnage","floor":10.0,"key":"SMITH"},{"floor":15,"key":"REST"},{"data":"Apotheosis","floor":24,"key":"SMITH"},{"floor":32,"key":"REST"}],"circlet_count":0,"master_deck":["AscendersBane","Strike_R","Strike_R","Strike_R","Strike_R","Strike_R","Defend_R","Defend_R","Defend_R","Defend_R","Bash+1","Disarm","Metallicize","Twin Strike","True Grit+1","Apotheosis+1","Shrug It Off","Inflame","Reaper","Feel No Pain+1","Flame Barrier","Rage","Inflame"],"relics":["Burning Blood","NeowsBlessing","The Courier","Bag of Preparation","Red Skull","Paper Frog","Sozu","Calipers","Toy Ornithopter","Blood Vial"],"acts_visited":["Exordium","TheCity"],"potions_floor_usage":[11],"damage_taken":[{"damage":0.0,"enemies":"Jaw Worm","floor":1.0,"turns":1.0},{"damage":0.0,"enemies":"Cultist","floor":4.0,"turns":1.0},{"damage":0.0,"enemies":"2 Louse","floor":5.0,"turns":2.0},{"damage":0.0,"enemies":"Gremlin Nob","floor":7.0,"turns":2.0},{"damage":48,"enemies":"Lagavulin","floor":11,"turns":7},{"damage":4,"enemies":"Red Slaver","floor":14,"turns":6},{"damage":15,"enemies":"Slime Boss","floor":16,"turns":9},{"damage":11,"enemies":"Shell Parasite","floor":18,"turns":5},{"damage":20,"enemies":"2 Thieves","floor":20,"turns":5},{"damage":28,"enemies":"Shelled Parasite and Fungi","floor":21,"turns":6},{"damage":11,"enemies":"Cultist and Chosen","floor":22,"turns":7},{"damage":36,"enemies":"Gremlin Leader","floor":23,"turns":8},{"damage":49,"enemies":"Book of Stabbing","floor":25,"turns":8},{"damage":45,"enemies":"Chosen and Byrds","floor":29,"turns":7},{"damage":45,"enemies":"3 Cultists","floor":30,"turns":8},{"damage":0,"enemies":"Snake Plant","floor":31,"turns":7},{"damage":97,"enemies":"Collector","floor":33,"turns":7}],"seed_played":"2701103787077636230","potions_obtained":[{"floor":4.0,"key":"FearPotion"},{"floor":7.0,"key":"SmokeBomb"}],"is_trial":false,"path_per_floor":["M","$","?","M","M","R","E","R","T","R","E","$","?","M","R","B",null,"M","?","M","M","M","E","R","E","T","?","?","M","M","M","R","B"],"character_chosen":"IRONCLAD","items_purchased":["AttackPotion","Metallicize","Apotheosis","Shrug It Off"],"campfire_rested":2,"item_purchase_floors":[2,2,12,12],"current_hp_per_floor":[74,74,74,75,75,75,75,75,75,75,33,33,15,17,39,30,64,59,59,59,54,55,58,58,21,21,21,75,36,11,27,49,0,0],"gold":189,"neow_bonus":"THREE_ENEMY_KILL","is_daily":false,"chose_seed":false,"campfire_upgraded":4,"win_rate":0.0,"timestamp":1608522203,"path_taken":["M","$","?","M","?","R","E","R","T","R","E","$","?","M","R","BOSS","M","?","?","M","M","E","R","E","T","?","?","M","M","M","R","BOSS"],"items_purchased_type":["Potion","Card","Card","Card"],"build_version":"2020-12-13","purchased_purges":0,"victory":false,"max_hp_per_floor":[75,75,75,75,75,75,75,75,75,75,75,75,75,75,75,75,75,75,75,75,75,75,75,75,75,75,75,75,75,75,75,75,75,75],"relic_stats":{"Sozu":6,"Blood Vial":6,"counters":[17,96],"Bag of Preparation":[26],"obtain_stats":[{"Sozu":17,"Blood Vial":26,"Calipers":23,"NeowsBlessing":0,"The Courier":7,"Bag of Preparation":9,"Burning Blood":0,"Red Skull":11,"Toy Ornithopter":25,"Paper Frog":13},{"Sozu":7,"Blood Vial":13,"Calipers":12,"NeowsBlessing":0,"The Courier":4,"Bag of Preparation":4,"Burning Blood":0,"Red Skull":5,"Toy Ornithopter":13,"Paper Frog":5},{"Sozu":28,"Blood Vial":67,"Calipers":59,"NeowsBlessing":0,"The Courier":6,"Bag of Preparation":6,"Burning Blood":0,"Red Skull":13,"Toy Ornithopter":67,"Paper Frog":13}],"Burning Blood":79,"Toy Ornithopter":0},"card_choices":[{"not_picked":["True Grit","Pommel Strike"],"picked":"Disarm","floor":1.0},{"not_picked":["Pommel Strike","Clothesline"],"picked":"Twin Strike","floor":4.0},{"not_picked":["Ghostly Armor","Pummel"],"picked":"True Grit","floor":5.0},{"not_picked":["Dual Wield","Barricade"],"picked":"Carnage","floor":7.0},{"not_picked":["Blood for Blood","Intimidate","Thunderclap"],"picked":"SKIP","floor":11},{"not_picked":["Thunderclap","Warcry"],"picked":"Inflame","floor":14},{"not_picked":["Corruption","Bludgeon"],"picked":"Reaper","floor":16},{"not_picked":["Bloodletting","Thunderclap"],"picked":"Feel No Pain+1","floor":18},{"not_picked":["Anger","Wild Strike+1","True Grit"],"picked":"SKIP","floor":20},{"not_picked":["Rage","True Grit","Flex+1"],"picked":"SKIP","floor":21},{"not_picked":["Infernal Blade","True Grit","Rampage"],"picked":"SKIP","floor":22},{"not_picked":["Headbutt","Power Through"],"picked":"Flame Barrier","floor":23},{"not_picked":["Uppercut","Rampage+1","Searing Blow"],"picked":"SKIP","floor":25},{"not_picked":["Clash","Iron Wave"],"picked":"Rage","floor":29},{"not_picked":["Clothesline","Clash+1","Sever Soul"],"picked":"SKIP","floor":30},{"not_picked":["Sword Boomerang","Shrug It Off"],"picked":"Inflame","floor":31}],"player_experience":2816397,"relics_obtained":[{"floor":7.0,"key":"The Courier"},{"floor":9.0,"key":"Bag of Preparation"},{"floor":11,"key":"Red Skull"},{"floor":23,"key":"Calipers"},{"floor":25,"key":"Toy Ornithopter"},{"floor":26,"key":"Blood Vial"}],"event_choices":[{"damage_healed":0.0,"max_hp_gain":0.0,"max_hp_loss":0.0,"gold_gain":100.0,"event_name":"Wheel of Change","player_choice":"Gold","floor":3.0,"gold_loss":0.0,"damage_taken":0.0},{"damage_healed":0,"gold_gain":0,"player_choice":"Success","damage_taken":18,"relics_obtained":["Paper Frog"],"max_hp_gain":0,"max_hp_loss":0,"event_name":"Scrap Ooze","floor":13,"gold_loss":0},{"damage_healed":0,"gold_gain":0,"player_choice":"Got Potions","damage_taken":0,"max_hp_gain":0,"max_hp_loss":0,"event_name":"Lab","floor":19,"gold_loss":0},{"damage_healed":0,"gold_gain":0,"player_choice":"Ignored","damage_taken":0,"max_hp_gain":0,"max_hp_loss":0,"event_name":"The Mausoleum","floor":27,"gold_loss":0},{"cards_removed":["Carnage"],"damage_healed":54,"gold_gain":0,"player_choice":"Offered Uncommon","damage_taken":0,"max_hp_gain":0,"max_hp_loss":0,"event_name":"Bonfire Elementals","floor":28,"gold_loss":0}],"is_beta":false,"boss_relics":[{"not_picked":["Calling Bell","Velvet Choker"],"picked":"Sozu"}],"items_purged_floors":[],"is_endless":false,"potions_floor_spawned":[4,7,18,22,25,31],"killed_by":"Collector","ascension_level":20}}