{"host":"y8hg8nbtd8qkv7tj","time":1608594424,"event":{"mods":["AchievementEnabler","Aspiration","BaseMod","BetterRewards","CapriCore","Colored Map","Downfall","Friendly Minions","GifTheSpireLib","GungeonMod","Hubris","Lobotomy","Minty Spire (QoL Compilation)","Replay The Spire","StSLib","The Animator","The Bladedancer","The Death Knight"],"gold_per_floor":[277,296,59,59,76,110,110,135,161,171,171,204,221,232,232,343,343,377,377],"floor_reached":18,"playtime":1225,"items_purged":[],"score":257,"play_id":"ddf442eb-f234-4d66-8281-4c4d39413c78","local_time":"20201221184704","is_ascension_mode":false,"campfire_choices":[{"floor":15,"key":"DIG"}],"circlet_count":0,"master_deck":["SpecialBullet","SpecialBullet","SpecialBullet","SpecialBullet","SpecialBullet","SpecialBullet","SpecialBullet","SpecialBullet","ControlCode","SecurityCode","TrainingCode","Spore","OldLady","UniverseFragment","Noise","GoldRush+1","Beak+1","Wellcheers","Penitence","InformationCode","Wingbeat","QueenOfHatred","WristCuter","Horn","WristCuter","GoldRush"],"relics":["CogitoBucket","aspiration:Nostalgia","PureWater","Replay:Wax Seal","Bottled Lightning","Whetstone","hubris:SphereOfDissonance","hubris:Reverence","Replay:Bandana","hubris:VirtuousBlindfold"],"acts_visited":["Exordium","TheCity"],"potions_floor_usage":[8],"damage_taken":[{"damage":10,"enemies":"Small Slimes","floor":1,"turns":2},{"damage":0,"enemies":"Cultist","floor":2,"turns":2},{"damage":10,"enemies":"Jaw Worm","floor":5,"turns":2},{"damage":14,"enemies":"Gremlin Nob","floor":6,"turns":3},{"damage":19,"enemies":"3 Sentries","floor":8,"turns":3},{"damage":7,"enemies":"Blue Slaver","floor":10,"turns":5},{"damage":0,"enemies":"Lagavulin","floor":12,"turns":1},{"damage":0,"enemies":"Large Slime","floor":13,"turns":3},{"damage":0,"enemies":"2 Fungi Beasts","floor":14,"turns":2},{"damage":0,"enemies":"Slime Boss","floor":16,"turns":5},{"damage":104,"enemies":"Shell Parasite","floor":18,"turns":6}],"seed_played":"-6914879136469385831","potions_obtained":[{"floor":2,"key":"ColorlessPotion"},{"floor":13,"key":"Energy Potion"}],"is_trial":false,"path_per_floor":["M","M","$","?","M","E","R","E","T","M","?","E","M","M","R_BF","B",null,"M"],"character_chosen":"Angela","items_purchased":["Noise","GoldRush","Beak"],"campfire_rested":0,"item_purchase_floors":[3,3,3],"current_hp_per_floor":[68,70,70,70,68,62,62,54,54,58,55,63,70,70,70,70,70,0,0],"gold":377,"neow_bonus":"NOSTALGIA","is_daily":false,"chose_seed":false,"campfire_upgraded":0,"win_rate":0.0,"timestamp":1608594424,"path_taken":["M","M","$","?","M","E","R","E","T","?","?","E","M","M","R_BF","BOSS","M"],"items_purchased_type":["Card","Card","Card"],"build_version":"2020-12-13","purchased_purges":0,"victory":false,"max_hp_per_floor":[70,70,70,70,70,70,70,70,70,70,70,70,70,70,70,70,70,70,70],"card_choices":[{"not_picked":["Regret_ego"],"picked":"Spore","floor":1},{"not_picked":["WallGazer","UniverseFragment"],"picked":"OldLady","floor":1},{"not_picked":["ShyLook","Bloodbath"],"picked":"UniverseFragment","floor":2},{"not_picked":["RedEyes","Hypocrisy"],"picked":"SKIP","floor":2},{"not_picked":["SpiderBud","MHz"],"picked":"Wellcheers","floor":5},{"not_picked":["Mimicry","Discord"],"picked":"SKIP","floor":5},{"not_picked":["MagicBullet"],"picked":"Penitence","floor":6},{"not_picked":["Amita","FourthMatchFlame"],"picked":"SKIP","floor":8},{"not_picked":["InTheNameOfLoveAndHate"],"picked":"Wingbeat","floor":10},{"not_picked":["GreedKing","PunishingBird"],"picked":"QueenOfHatred","floor":12},{"not_picked":["Discord"],"picked":"WristCuter","floor":12},{"not_picked":["TodaysExpression"],"picked":"Horn","floor":13},{"not_picked":["Noise"],"picked":"WristCuter","floor":14},{"not_picked":["Justitia"],"picked":"GoldRush","floor":16}],"player_experience":69722,"relics_obtained":[{"floor":6,"key":"Replay:Wax Seal"},{"floor":8,"key":"Bottled Lightning"},{"floor":9,"key":"Whetstone"},{"floor":12,"key":"hubris:Reverence"},{"floor":15,"key":"Replay:Bandana"}],"event_choices":[{"damage_healed":0,"gold_gain":0,"player_choice":"Ignored","damage_taken":0,"max_hp_gain":0,"max_hp_loss":0,"event_name":"NoteForYourself","floor":4,"gold_loss":0},{"damage_healed":0,"gold_gain":0,"player_choice":"Success","damage_taken":3,"relics_obtained":["hubris:SphereOfDissonance"],"max_hp_gain":0,"max_hp_loss":0,"event_name":"Scrap Ooze","floor":11,"gold_loss":0}],"is_beta":false,"boss_relics":[{"not_picked":["Empty Cage","Replay:Wanted Poster"],"picked":"hubris:VirtuousBlindfold"}],"items_purged_floors":[],"is_endless":false,"potions_floor_spawned":[2,13],"killed_by":"Shell Parasite","ascension_level":0}}