{"host":"Letariel","time":1608590488,"event":{"mods":["BaseMod","Minty Spire (QoL Compilation)"],"gold_per_floor":[113,127,127,145,95,95,127,127,154,7,7,20,20,36,36,131,131,148,148,148,232,232,232,334,334,334,334,420,45,89,124,124,149,149],"floor_reached":33,"playtime":3072,"items_purged":["Wish"],"score":265,"play_id":"21b7ecac-a109-4137-8034-e009d369a5ed","local_time":"20201221144128","is_ascension_mode":false,"campfire_choices":[{"data":"LikeWater","floor":6,"key":"SMITH"},{"floor":11,"key":"REST"},{"data":"Conclude","floor":15,"key":"SMITH"},{"data":"WaveOfTheHand","floor":23,"key":"SMITH"},{"floor":27,"key":"REST"},{"data":"SandsOfTime","floor":32,"key":"SMITH"}],"circlet_count":0,"master_deck":["Eruption+1","Vigilance","FlyingSleeves","Conclude+1","Evaluate","LikeWater+1","LikeWater+1","Establishment","SashWhip","Protect","Wish","Wish","JustLucky","FlurryOfBlows","ReachHeaven","ThirdEye+1","WaveOfTheHand+1","SandsOfTime+1","ClearTheMind","Blasphemy","CarveReality+1"],"relics":["PureWater","Blood Vial","Potion Belt","Pandora\u0027s Box","Nilry\u0027s Codex","Toy Ornithopter","Ginger","Medical Kit","Oddly Smooth Stone"],"acts_visited":["Exordium","TheCity"],"potions_floor_usage":[7,14,21,24,31,33],"damage_taken":[{"damage":2,"enemies":"Small Slimes","floor":1,"turns":5},{"damage":1,"enemies":"Jaw Worm","floor":2,"turns":3},{"damage":0,"enemies":"2 Louse","floor":4,"turns":3},{"damage":43,"enemies":"Gremlin Nob","floor":7,"turns":6},{"damage":2,"enemies":"Blue Slaver","floor":12,"turns":5},{"damage":3,"enemies":"Large Slime","floor":14,"turns":3},{"damage":3,"enemies":"Slime Boss","floor":16,"turns":12},{"damage":0,"enemies":"Spheric Guardian","floor":18,"turns":1},{"damage":0,"enemies":"3 Byrds","floor":21,"turns":7},{"damage":17,"enemies":"Gremlin Leader","floor":24,"turns":14},{"damage":9,"enemies":"Snecko","floor":28,"turns":9},{"damage":1,"enemies":"Shelled Parasite and Fungi","floor":30,"turns":7},{"damage":19,"enemies":"Centurion and Healer","floor":31,"turns":6},{"damage":73,"enemies":"Collector","floor":33,"turns":6}],"seed_played":"-1691592755671271377","potions_obtained":[{"floor":1,"key":"StancePotion"},{"floor":2,"key":"Explosive Potion"},{"floor":14,"key":"FearPotion"},{"floor":18,"key":"Block Potion"},{"floor":21,"key":"SteroidPotion"},{"floor":30,"key":"Regen Potion"},{"floor":31,"key":"SteroidPotion"}],"is_trial":false,"path_per_floor":["M","M","?","M","?","R","E","?","T","$","R","M","?","M","R","B",null,"M","?","?","M","?","R","E","?","T","R","M","$","M","M","R","B"],"character_chosen":"WATCHER","items_purchased":["Establishment","Medical Kit","Oddly Smooth Stone"],"campfire_rested":2,"item_purchase_floors":[10,29,29],"current_hp_per_floor":[70,69,69,69,69,69,26,12,12,12,33,33,33,32,32,31,72,72,59,43,45,45,45,30,30,30,53,46,46,47,50,50,0,0],"gold":149,"neow_bonus":"THREE_CARDS","is_daily":false,"chose_seed":false,"campfire_upgraded":4,"win_rate":0.0,"timestamp":1608590488,"path_taken":["M","M","?","M","?","R","E","?","T","$","R","M","?","M","R","BOSS","M","?","?","M","?","R","E","?","T","R","M","$","M","M","R","BOSS"],"items_purchased_type":["Card","Relic","Relic"],"build_version":"2020-12-18","purchased_purges":1,"victory":false,"max_hp_per_floor":[72,72,72,72,72,72,72,72,72,72,72,72,72,72,72,72,72,72,77,77,77,77,77,77,77,77,77,77,77,77,77,77,77,77],"card_choices":[{"not_picked":["Prostrate","FlurryOfBlows"],"picked":"FlyingSleeves","floor":0},{"not_picked":["FlurryOfBlows","WheelKick"],"picked":"Conclude","floor":1},{"not_picked":["FlurryOfBlows","Nirvana"],"picked":"Evaluate","floor":2},{"not_picked":["Protect","FollowUp"],"picked":"LikeWater","floor":4},{"not_picked":["Vengeance","Wireheading"],"picked":"LikeWater","floor":7},{"not_picked":["ConjureBlade","Nirvana"],"picked":"SashWhip","floor":12},{"not_picked":["Collect","CutThroughFate"],"picked":"Protect","floor":14},{"not_picked":["Scrawl","Ragnarok"],"picked":"Wish","floor":16},{"not_picked":["Tantrum","BowlingBash","FlurryOfBlows+1"],"picked":"SKIP","floor":18},{"not_picked":["Crescendo+1","ClearTheMind+1"],"picked":"ThirdEye+1","floor":21},{"not_picked":["Swivel+1","FlurryOfBlows"],"picked":"SandsOfTime","floor":24},{"not_picked":["Conclude+1","Study","CrushJoints"],"picked":"SKIP","floor":28},{"not_picked":["Evaluate+1","WheelKick","FlurryOfBlows+1"],"picked":"SKIP","floor":30},{"not_picked":["FollowUp","MentalFortress+1"],"picked":"CarveReality+1","floor":31}],"player_experience":716392,"relics_obtained":[{"floor":7,"key":"Blood Vial"},{"floor":9,"key":"Potion Belt"},{"floor":20,"key":"Nilry\u0027s Codex"},{"floor":24,"key":"Toy Ornithopter"},{"floor":26,"key":"Ginger"}],"event_choices":[{"damage_healed":0,"gold_gain":0,"player_choice":"Grow","damage_taken":0,"max_hp_gain":0,"max_hp_loss":0,"event_name":"Living Wall","floor":3,"gold_loss":0,"cards_upgraded":["Eruption"]},{"cards_removed":["Strike_P"],"damage_healed":0,"gold_gain":0,"player_choice":"Card Removal","damage_taken":0,"max_hp_gain":0,"max_hp_loss":0,"event_name":"The Cleric","floor":5,"gold_loss":50},{"damage_healed":0,"gold_gain":0,"player_choice":"Entered Light","damage_taken":14,"max_hp_gain":0,"max_hp_loss":0,"event_name":"Shining Light","floor":8,"gold_loss":0,"cards_upgraded":["LikeWater","Strike_P"]},{"damage_healed":0,"gold_gain":0,"player_choice":"Ignored","damage_taken":0,"max_hp_gain":0,"max_hp_loss":0,"event_name":"Liars Game","floor":13,"gold_loss":0},{"damage_healed":0,"gold_gain":0,"player_choice":"Shed Blood","damage_taken":18,"max_hp_gain":5,"max_hp_loss":0,"event_name":"Forgotten Altar","floor":19,"gold_loss":0},{"damage_healed":0,"gold_gain":0,"player_choice":"Obtained Book","damage_taken":16,"max_hp_gain":0,"max_hp_loss":0,"event_name":"Cursed Tome","floor":20,"gold_loss":0},{"damage_healed":0,"gold_gain":0,"player_choice":"Read","damage_taken":0,"max_hp_gain":0,"max_hp_loss":0,"event_name":"The Library","floor":22,"gold_loss":0,"cards_obtained":["WaveOfTheHand"]},{"damage_healed":0,"gold_gain":0,"cards_transformed":["ForeignInfluence","SignatureMove"],"player_choice":"Became Test Subject","damage_taken":0,"max_hp_gain":0,"max_hp_loss":0,"event_name":"Drug Dealer","floor":25,"gold_loss":0,"cards_obtained":["ClearTheMind","Blasphemy"]}],"is_beta":true,"boss_relics":[{"not_picked":["Snecko Eye","Calling Bell"],"picked":"Pandora\u0027s Box"}],"items_purged_floors":[29],"is_endless":false,"potions_floor_spawned":[1,2,14,18,21,30,31],"killed_by":"Collector","ascension_level":0}}