{"host":"xodzlm10r37577ou","time":1608532590,"event":{"mods":["Act Like it!","BaseMod","Gensokyo","Koishi","Marisa（F雨　魔理沙）","Minty Spire (QoL Compilation)","Reimu（博丽灵梦）","Replay The Spire","StSLib","【东方二次创作】八云紫mod"],"gold_per_floor":[109,123,136,136,136,162,242,10,10,20,20,30,30,48,48,143,143,157,157,174,190,201,201,201,201],"floor_reached":24,"playtime":1297,"items_purged":["Strike_Lin:ReiMu"],"score":236,"play_id":"d1245cd0-51ec-4dd8-99fa-a2d4493cc9bb","local_time":"20201221143630","is_ascension_mode":true,"campfire_choices":[{"data":"TakeOff:ReiMu","floor":11,"key":"SMITH"},{"data":"NB:ReiMu","floor":15,"key":"SMITH"},{"floor":23,"key":"REST"}],"circlet_count":0,"master_deck":["Strike_Lin:ReiMu","Defend_Lin:ReiMu","Defend_Lin:ReiMu","Defend_Lin:ReiMu","NB:ReiMu+1","Stagnation:ReiMu","OrbThrow:ReiMu","ManaGlint:ReiMu","TakeOff:ReiMu+1","ForcedLanding:ReiMu+1","UpKicking:ReiMu","YinYangSange:ReiMu","AlertArray:ReiMu","YinYang:ReiMu","SpringWay:ReiMu","ShadowOfCrow2:ReiMu","AirStrike:ReiMu+1","RainPray2:ReiMu"],"relics":["FlyPower:ReiMu","Replay:Mystery Machine","Snack Pack","Replay:Baseball","KaguraBell:ReiMu","CrownOfHeavens:ReiMu","Gensokyo:SongOfSouls"],"acts_visited":["Gensokyo:Gensokyo","Gensokyo:Gensokyoer"],"potions_floor_usage":[16,20,22,24],"damage_taken":[{"damage":2.0,"enemies":"Gensokyo:Python","floor":1.0,"turns":6.0},{"damage":3.0,"enemies":"Gensokyo:2_Kodama","floor":2.0,"turns":3.0},{"damage":0.0,"enemies":"Gensokyo:Gryphon","floor":3.0,"turns":4.0},{"damage":0.0,"enemies":"Gensokyo:Cirno","floor":6.0,"turns":5.0},{"damage":0,"enemies":"Gensokyo:5_Fairies","floor":10,"turns":4},{"damage":10,"enemies":"Gensokyo:Gryphon_and_Rabbit","floor":12,"turns":6},{"damage":0,"enemies":"Gensokyo:Kitsune","floor":14,"turns":3},{"damage":5,"enemies":"Gensokyo:Yukari","floor":16,"turns":6},{"damage":12,"enemies":"Gensokyo:CosmicMonolith","floor":18,"turns":4},{"damage":29,"enemies":"Gensokyo:3_Dogs","floor":20,"turns":5},{"damage":20,"enemies":"Gensokyo:3_Gloops","floor":21,"turns":4},{"damage":10,"enemies":"Gensokyo:Monolith_and_Dog","floor":22,"turns":4},{"damage":30,"enemies":"Gensokyo:Reisen","floor":24,"turns":6}],"seed_played":"-8936546925531765849","potions_obtained":[{"floor":2.0,"key":"CultistPotion"},{"floor":3.0,"key":"Explosive Potion"},{"floor":10,"key":"Fire Potion"},{"floor":14,"key":"BottledKami:ReiMu"},{"floor":22,"key":"Weak Potion"}],"is_trial":false,"path_per_floor":["M","M","M","?","?","E","?","$","T","M","R","M","?","M","R","B",null,"M","?","M","M","M","R","E"],"character_chosen":"REIMU","items_purchased":["Replay:Baseball"],"campfire_rested":1,"item_purchase_floors":[8],"current_hp_per_floor":[63,60,60,60,60,60,60,60,60,62,62,60,34,38,38,39,65,57,57,30,12,6,25,0,0],"gold":201,"neow_bonus":"RANDOM_COMMON_RELIC","is_daily":false,"chose_seed":false,"campfire_upgraded":2,"win_rate":0.0,"timestamp":1608532590,"path_taken":["M","?","M","?","?","E","?","$","T","M","R","M","?","M","R","BOSS","M","?","?","M","M","R","E"],"items_purchased_type":["Relic"],"build_version":"2020-12-13","purchased_purges":1,"victory":false,"max_hp_per_floor":[65,65,65,65,65,65,65,65,65,65,65,65,65,65,65,65,65,65,65,65,65,65,65,65,65],"card_choices":[{"not_picked":["SubAcupoint:ReiMu","Enchanting:ReiMu"],"picked":"OrbThrow:ReiMu","floor":1.0},{"not_picked":["Conquer:ReiMu","FantasyBorder:ReiMu"],"picked":"ManaGlint:ReiMu","floor":2.0},{"not_picked":["NineCharacters:ReiMu","UniversalSpiritual:ReiMu"],"picked":"TakeOff:ReiMu","floor":3.0},{"not_picked":["LearningPray:ReiMu","BarrageOfMoneybags:ReiMu"],"picked":"UpKicking:ReiMu","floor":6.0},{"not_picked":["UpKicking:ReiMu","EmergencyTakeOff:ReiMu"],"picked":"YinYangSange:ReiMu","floor":10},{"not_picked":["BarrageOfMoneybags:ReiMu","Meditation:ReiMu","SubcavityInstant:ReiMu"],"picked":"SKIP","floor":12},{"not_picked":["FantasyBorder:ReiMu","Conquer:ReiMu"],"picked":"AlertArray:ReiMu","floor":14},{"not_picked":["SubcavityFantasy:ReiMu","Free:ReiMu"],"picked":"YinYang:ReiMu","floor":16},{"not_picked":["Meditation:ReiMu","AirManeuver:ReiMu"],"picked":"SpringWay:ReiMu","floor":18},{"not_picked":["EmergencyTakeOff:ReiMu","AlertArray:ReiMu"],"picked":"ShadowOfCrow2:ReiMu","floor":20},{"not_picked":["MikOfLucky:ReiMu","Conquer:ReiMu"],"picked":"AirStrike:ReiMu+1","floor":21},{"not_picked":["DependentForm:ReiMu","FineLineFantasy:ReiMu+1"],"picked":"RainPray2:ReiMu","floor":22}],"player_experience":579089,"relics_obtained":[{"floor":6.0,"key":"Snack Pack"},{"floor":9,"key":"KaguraBell:ReiMu"}],"event_choices":[],"is_beta":false,"boss_relics":[{"not_picked":["Painkiller Herb","Sozu"],"picked":"CrownOfHeavens:ReiMu"}],"items_purged_floors":[8],"is_endless":false,"potions_floor_spawned":[2,3,10,14,22],"killed_by":"Gensokyo:Reisen","ascension_level":1}}