{"host":"j4nfyhit1dl35m08","time":1608520843,"event":{"mods":["BaseMod","Highlight Path","Minty Spire (QoL Compilation)","StSLib"],"gold_per_floor":[114,126,76,1,1,33,33,48,48,68,81,107,107,7,7,106,106,119,119,44,64,64,93,93,111,134,148,148,148,148],"floor_reached":29,"playtime":2097,"items_purged":["Strike_P","Regret"],"score":320,"play_id":"4db29062-82c9-4339-a9b3-c4d06fbba891","local_time":"20201220212043","is_ascension_mode":true,"campfire_choices":[{"data":"MentalFortress","floor":13,"key":"SMITH"},{"data":"Eruption","floor":15,"key":"SMITH"},{"data":"FlurryOfBlows","floor":24,"key":"SMITH"},{"floor":28,"key":"REST"}],"circlet_count":0,"master_deck":["Strike_P","Strike_P","Defend_P+1","Defend_P","Defend_P+1","Defend_P","Eruption+1","Vigilance","Nirvana","CutThroughFate","EmptyFist","MentalFortress+1","MentalFortress","DevaForm","EmptyBody+1","Wireheading","CutThroughFate","FlurryOfBlows+1","Adaptation","ThirdEye+1"],"relics":["HolyWater","NeowsBlessing","Mango","Ancient Tea Set","Pantograph","War Paint","Question Card","Art of War"],"acts_visited":["Exordium","TheCity"],"potions_floor_usage":[12,12,23,27],"damage_taken":[{"damage":0,"enemies":"2 Louse","floor":1,"turns":1},{"damage":0,"enemies":"Jaw Worm","floor":2,"turns":1},{"damage":2,"enemies":"3 Sentries","floor":6,"turns":2},{"damage":2,"enemies":"Cultist","floor":8,"turns":3},{"damage":3,"enemies":"Looter","floor":10,"turns":3},{"damage":18,"enemies":"Exordium Wildlife","floor":11,"turns":6},{"damage":4,"enemies":"Gremlin Nob","floor":12,"turns":3},{"damage":59,"enemies":"Hexaghost","floor":16,"turns":14},{"damage":7,"enemies":"Spheric Guardian","floor":18,"turns":5},{"damage":18,"enemies":"2 Thieves","floor":20,"turns":5},{"damage":20,"enemies":"Chosen and Byrds","floor":21,"turns":9},{"damage":19,"enemies":"Book of Stabbing","floor":23,"turns":6},{"damage":19,"enemies":"Centurion and Healer","floor":25,"turns":6},{"damage":2,"enemies":"Cultist and Chosen","floor":27,"turns":6},{"damage":50,"enemies":"Colosseum Slavers","floor":29,"turns":1}],"seed_played":"3541057060519397665","potions_obtained":[{"floor":6,"key":"ColorlessPotion"},{"floor":10,"key":"StancePotion"},{"floor":16,"key":"Swift Potion"},{"floor":25,"key":"GamblersBrew"},{"floor":27,"key":"BlessingOfTheForge"}],"is_trial":false,"path_per_floor":["M","M","?","$","?","E","$","M","T","M","M","E","R","$","R","B",null,"M","?","M","M","?","E","R","M","T","M","R","?"],"character_chosen":"WATCHER","items_purchased":[],"campfire_rested":1,"item_purchase_floors":[],"current_hp_per_floor":[72,72,72,72,86,84,84,82,82,79,61,57,57,57,57,23,86,79,79,61,41,41,22,22,3,3,1,26,0,0],"gold":148,"neow_bonus":"THREE_ENEMY_KILL","is_daily":false,"chose_seed":false,"campfire_upgraded":3,"win_rate":0.0,"timestamp":1608520843,"path_taken":["M","M","?","$","?","E","?","M","T","M","M","E","R","$","R","BOSS","M","?","M","M","?","E","R","M","T","M","R","?"],"items_purchased_type":[],"build_version":"2020-12-13","purchased_purges":2,"victory":false,"max_hp_per_floor":[72,72,72,72,86,86,86,86,86,86,86,86,86,86,86,86,86,86,86,86,86,86,86,86,86,86,86,86,86,86],"card_choices":[{"not_picked":["Prostrate","ForeignInfluence","Pray"],"picked":"SKIP","floor":1},{"not_picked":["WindmillStrike","Protect"],"picked":"Nirvana","floor":2},{"not_picked":["Meditate","SandsOfTime"],"picked":"CutThroughFate","floor":6},{"not_picked":["Vengeance","CrushJoints","WreathOfFlame"],"picked":"SKIP","floor":8},{"not_picked":["BowlingBash","Collect"],"picked":"EmptyFist","floor":10},{"not_picked":["Prostrate","Halt"],"picked":"MentalFortress","floor":11},{"not_picked":["EmptyMind","Judgement"],"picked":"MentalFortress","floor":12},{"not_picked":["Wish","Establishment"],"picked":"DevaForm","floor":16},{"not_picked":["CarveReality","MentalFortress+1"],"picked":"EmptyBody+1","floor":18},{"not_picked":["FollowUp","WheelKick+1","Protect"],"picked":"Wireheading","floor":20},{"not_picked":["WindmillStrike","WaveOfTheHand+1","Consecrate"],"picked":"CutThroughFate","floor":21},{"not_picked":["MentalFortress","TalkToTheHand","JustLucky+1","Collect"],"picked":"SKIP","floor":23},{"not_picked":["MentalFortress","BattleHymn+1","FlyingSleeves"],"picked":"Adaptation","floor":25},{"not_picked":["Evaluate+1","Sanctity","LikeWater"],"picked":"ThirdEye+1","floor":27}],"player_experience":317922,"relics_obtained":[{"floor":6,"key":"Ancient Tea Set"},{"floor":9,"key":"Pantograph"},{"floor":12,"key":"War Paint"},{"floor":23,"key":"Art of War"}],"event_choices":[{"cards_removed":["Strike_P"],"damage_healed":0,"gold_gain":0,"player_choice":"Card Removal","damage_taken":0,"max_hp_gain":0,"max_hp_loss":0,"event_name":"The Cleric","floor":3,"gold_loss":50},{"damage_healed":0,"gold_gain":0,"player_choice":"Box","damage_taken":0,"relics_obtained":["Mango"],"max_hp_gain":0,"max_hp_loss":0,"event_name":"Big Fish","floor":5,"gold_loss":0,"cards_obtained":["Regret"]},{"damage_healed":0,"gold_gain":0,"player_choice":"Opened","damage_taken":0,"relics_obtained":["Question Card"],"max_hp_gain":0,"max_hp_loss":0,"event_name":"The Mausoleum","floor":19,"gold_loss":0},{"damage_healed":0,"gold_gain":0,"player_choice":"Read","damage_taken":0,"max_hp_gain":0,"max_hp_loss":0,"event_name":"The Library","floor":22,"gold_loss":0,"cards_obtained":["FlurryOfBlows"]},{"damage_healed":0,"gold_gain":0,"player_choice":"Fight","damage_taken":0,"max_hp_gain":0,"max_hp_loss":0,"event_name":"Colosseum","floor":29,"gold_loss":0}],"is_beta":false,"boss_relics":[{"not_picked":["Cursed Key","Ectoplasm"],"picked":"HolyWater"}],"items_purged_floors":[4,14],"is_endless":false,"potions_floor_spawned":[6,10,16,25,27],"killed_by":"Colosseum Slavers","ascension_level":3}}