{"host":"czzthkrvfe6r7fjf","time":1608567219,"event":{"mods":["Act Like it!","BaseMod","Downfall","GungeonMod","Marisa£®ÏF”Í°°ƒß¿Ì…≥£©","Minty Spire (QoL Compilation)","Quick Restart","StSLib","The Servant 0.9.4","Waifu the Spire","°æπ¶ƒ‹Mod°øªÏ„Á÷Æª∑–ﬁ∏¥≤π∂°"],"gold_per_floor":[109,59,74,50,50,78,78,78,78,110,129,129,156,156,156,233,233,251,263,188,204,204,237,237,237,237],"floor_reached":25,"playtime":681,"items_purged":[],"score":615,"play_id":"006469e9-9b87-4811-8ac6-9a4c1ec83d59","local_time":"20201222001339","is_ascension_mode":true,"campfire_choices":[{"data":"Acrobatics","floor":7.0,"key":"SMITH"},{"floor":12.0,"key":"REST"},{"data":"Poisoned Stab","floor":15.0,"key":"SMITH"},{"floor":24,"key":"REST"}],"circlet_count":0,"master_deck":["AscendersBane","Strike_G","Strike_G","Defend_G+1","Defend_G+1","Defend_G","Defend_G","Survivor+1","Neutralize+1","Acrobatics+1","Bouncing Flask+1","Dagger Throw","Underhanded Strike","Poisoned Stab+1","Bouncing Flask+1","Catalyst+1","Bullet Time+1","Deadly Poison+1"],"relics":["Ring of the Snake","NeowsBlessing","War Paint","Toxic Egg 2","Mummified Hand","DemoMod:OrangeGuonStone","Snecko Eye","DemoMod:GlassGuonStoneRelic","Centennial Puzzle"],"acts_visited":["Exordium","TheCity"],"potions_floor_usage":[19,23],"damage_taken":[{"damage":0.0,"enemies":"Jaw Worm","floor":1.0,"turns":1.0},{"damage":0.0,"enemies":"2 Louse","floor":3.0,"turns":1.0},{"damage":0.0,"enemies":"Lagavulin","floor":6.0,"turns":1.0},{"damage":33.0,"enemies":"3 Sentries","floor":10.0,"turns":12.0},{"damage":0.0,"enemies":"Small Slimes","floor":11.0,"turns":2.0},{"damage":0.0,"enemies":"Gremlin Nob","floor":13.0,"turns":3.0},{"damage":0.0,"enemies":"Hexaghost","floor":16.0,"turns":6.0},{"damage":0.0,"enemies":"Spheric Guardian","floor":18.0,"turns":1.0},{"damage":0,"enemies":"Shell Parasite","floor":19,"turns":2},{"damage":0,"enemies":"Centurion and Healer","floor":21,"turns":4},{"damage":36,"enemies":"Slavers","floor":23,"turns":5},{"damage":0,"enemies":"Gremlin Leader","floor":25,"turns":2}],"seed_played":"-4603903033870530937","potions_obtained":[{"floor":10.0,"key":"hexamod:EctoCoolerPotion"},{"floor":13.0,"key":"Fire Potion"},{"floor":18.0,"key":"Ancient Potion"},{"floor":21,"key":"LiquidBronze"}],"is_trial":false,"path_per_floor":["M","?","M","$","?","E","R","?","T","E","M","R","E","?","R","B",null,"M","M","?","M","?","E","R","E"],"character_chosen":"THE_SILENT","items_purchased":["Dagger Throw"],"campfire_rested":2,"item_purchase_floors":[4],"current_hp_per_floor":[59,59,59,59,59,59,59,46,46,13,13,32,32,25,25,25,56,56,56,56,56,56,20,39,39,39],"gold":237,"neow_bonus":"THREE_ENEMY_KILL","is_daily":false,"chose_seed":false,"campfire_upgraded":2,"win_rate":0.0,"timestamp":1608567219,"path_taken":["M","?","M","$","?","E","R","?","T","E","M","R","E","?","R","BOSS","M","M","?","M","?","E","R","E"],"items_purchased_type":["Card"],"build_version":"2020-12-13","purchased_purges":0,"victory":false,"max_hp_per_floor":[66,66,66,66,66,66,66,66,66,66,66,66,66,66,66,66,66,66,66,66,66,66,66,66,66,66],"card_choices":[{"not_picked":["Blade Dance","Setup"],"picked":"Acrobatics","floor":1.0},{"not_picked":["Backflip","Slice"],"picked":"Bouncing Flask","floor":3.0},{"not_picked":["Quick Slash","Dagger Spray"],"picked":"Underhanded Strike","floor":6.0},{"not_picked":["Accuracy","Backflip+1"],"picked":"Poisoned Stab","floor":10.0},{"not_picked":["Dagger Spray","PiercingWail+1"],"picked":"Bouncing Flask+1","floor":11.0},{"not_picked":["Caltrops","Grand Finale"],"picked":"Catalyst+1","floor":13.0},{"not_picked":["Die Die Die","Unload"],"picked":"Bullet Time+1","floor":16.0},{"not_picked":["Underhanded Strike","Outmaneuver+1","Concentrate+1"],"picked":"SKIP","floor":18.0},{"not_picked":["Sucker Punch","Prepared+1","Quick Slash"],"picked":"SKIP","floor":19},{"not_picked":["PiercingWail+1","Finisher"],"picked":"Deadly Poison+1","floor":21},{"not_picked":["Heel Hook","Outmaneuver+1","Flying Knee+1"],"picked":"SKIP","floor":23}],"player_experience":482187,"relics_obtained":[{"floor":6.0,"key":"War Paint"},{"floor":9.0,"key":"Toxic Egg 2"},{"floor":10.0,"key":"Mummified Hand"},{"floor":13.0,"key":"DemoMod:OrangeGuonStone"},{"floor":23,"key":"Centennial Puzzle"}],"event_choices":[{"cards_removed":["Defend_G"],"damage_healed":0.0,"max_hp_gain":0.0,"max_hp_loss":0.0,"gold_gain":0.0,"event_name":"The Cleric","player_choice":"Card Removal","floor":2.0,"gold_loss":50.0,"damage_taken":0.0},{"damage_healed":0.0,"max_hp_gain":0.0,"max_hp_loss":0.0,"gold_gain":0.0,"event_name":"Living Wall","player_choice":"Grow","floor":5.0,"gold_loss":0.0,"damage_taken":0.0,"cards_upgraded":["Bouncing Flask"]},{"damage_healed":0.0,"max_hp_gain":0.0,"max_hp_loss":0.0,"gold_gain":0.0,"event_name":"Shining Light","player_choice":"Entered Light","floor":8.0,"gold_loss":0.0,"damage_taken":13.0,"cards_upgraded":["Defend_G","Neutralize"]},{"cards_removed":["Strike_G"],"damage_healed":0.0,"max_hp_gain":0.0,"max_hp_loss":0.0,"gold_gain":0.0,"event_name":"Golden Wing","player_choice":"Card Removal","floor":14.0,"gold_loss":0.0,"damage_taken":7.0},{"cards_removed":["Strike_G"],"damage_healed":0,"gold_gain":0,"player_choice":"Gave Gold","damage_taken":0,"max_hp_gain":0,"max_hp_loss":0,"event_name":"Beggar","floor":20,"gold_loss":75},{"cards_removed":["Strike_G"],"damage_healed":0,"gold_gain":0,"player_choice":"Elegance","damage_taken":0,"max_hp_gain":0,"max_hp_loss":0,"event_name":"Back to Basics","floor":22,"gold_loss":0}],"is_beta":false,"boss_relics":[{"not_picked":["Runic Dome","Runic Pyramid"],"picked":"Snecko Eye"}],"items_purged_floors":[],"is_endless":false,"potions_floor_spawned":[10,13,18,21],"killed_by":"Gremlin Leader","ascension_level":14}}