{"host":"hgkb2zpbo2dcws21","time":1608556178,"event":{"mods":["AchievementEnabler","BaseMod","Colored Map","Colored Powertips","Custom Start","DeckTracker","KOR Keyword Fix","Minty Spire (QoL Compilation)","Relic Stats","StSLib","SuperFastMode"],"gold_per_floor":[117,40,55,55,74,74,92,49,49,49,49,84,84,111,111,185,185,203,128,155,169,185,185,185,185],"floor_reached":24,"playtime":433,"items_purged":["Strike_G"],"score":388,"play_id":"8c7a38d3-c7c5-426b-ae84-032a2123065e","local_time":"20201221220938","is_ascension_mode":true,"campfire_choices":[{"data":"Phantasmal Killer","floor":6,"key":"SMITH"},{"data":"Blade Dance","floor":11,"key":"SMITH"},{"data":"Neutralize","floor":13,"key":"SMITH"},{"floor":15,"key":"REST"},{"floor":23,"key":"REST"}],"circlet_count":0,"master_deck":["AscendersBane","Strike_G","Strike_G","Strike_G","Strike_G","Defend_G","Defend_G","Defend_G","Defend_G","Defend_G","Survivor","Neutralize+1","Phantasmal Killer+1","Quick Slash","Glass Knife","Backstab","Predator","Blade Dance+1","Accuracy","Prepared","Setup"],"relics":["Ring of the Snake","HornCleat","The Specimen","WristBlade","Tiny Chest"],"acts_visited":["Exordium","TheCity"],"potions_floor_usage":[16,22,22],"damage_taken":[{"damage":2,"enemies":"2 Louse","floor":1,"turns":5},{"damage":0,"enemies":"Cultist","floor":3,"turns":2},{"damage":0,"enemies":"Small Slimes","floor":5,"turns":2},{"damage":0,"enemies":"Looter","floor":7,"turns":2},{"damage":27,"enemies":"Lagavulin","floor":12,"turns":6},{"damage":25,"enemies":"3 Sentries","floor":14,"turns":6},{"damage":13,"enemies":"Hexaghost","floor":16,"turns":8},{"damage":26,"enemies":"Shell Parasite","floor":18,"turns":5},{"damage":17,"enemies":"2 Thieves","floor":21,"turns":3},{"damage":1,"enemies":"Centurion and Healer","floor":22,"turns":3},{"damage":29,"enemies":"Book of Stabbing","floor":24,"turns":4}],"seed_played":"-8665581740723655501","potions_obtained":[{"floor":3,"key":"Fire Potion"},{"floor":4,"key":"CunningPotion"},{"floor":16,"key":"Swift Potion"}],"is_trial":false,"path_per_floor":["M","$","M","?","M","R","M","$","T","$","R","E","R","E","R","B",null,"M","$","T","M","M","R","E"],"character_chosen":"THE_SILENT","items_purchased":["Glass Knife","Accuracy"],"campfire_rested":2,"item_purchase_floors":[2,8],"current_hp_per_floor":[57,57,57,57,57,57,57,57,57,57,57,30,30,5,24,11,52,26,26,26,9,8,27,0,0],"gold":185,"neow_bonus":"ONE_RANDOM_RARE_CARD","is_daily":false,"chose_seed":false,"campfire_upgraded":3,"win_rate":0.0,"timestamp":1608556178,"path_taken":["M","$","M","?","M","R","M","$","T","?","R","E","R","E","R","BOSS","M","$","?","M","M","R","E"],"items_purchased_type":["Card","Card"],"build_version":"2020-12-13","purchased_purges":1,"victory":false,"max_hp_per_floor":[66,66,66,66,66,66,66,66,66,66,66,66,66,66,66,66,66,66,66,66,66,66,66,66,66],"relic_stats":{"counters":[11,46],"Tiny Chest":0,"obtain_stats":[{"HornCleat":12,"The Specimen":14,"WristBlade":17,"Tiny Chest":20,"Ring of the Snake":0},{"HornCleat":5,"The Specimen":6,"WristBlade":7,"Tiny Chest":8,"Ring of the Snake":0},{"HornCleat":17,"The Specimen":23,"WristBlade":31,"Tiny Chest":36,"Ring of the Snake":0}],"Ring of the Snake":[22]},"card_choices":[{"not_picked":["Setup","PiercingWail"],"picked":"Quick Slash","floor":1},{"not_picked":["Setup","Outmaneuver"],"picked":"Backstab","floor":3},{"not_picked":["Sucker Punch","Finisher"],"picked":"Predator","floor":5},{"not_picked":["Accuracy","Flying Knee"],"picked":"Blade Dance","floor":7},{"not_picked":["Blade Dance","Predator"],"picked":"Prepared","floor":12},{"not_picked":["Unload","Dagger Spray"],"picked":"Setup","floor":14},{"not_picked":["Dagger Throw","Flying Knee","Caltrops"],"picked":"SKIP","floor":18},{"not_picked":["Poisoned Stab","Dagger Throw","Caltrops"],"picked":"SKIP","floor":21},{"not_picked":["All Out Attack","Flying Knee","Endless Agony+1"],"picked":"SKIP","floor":22}],"player_experience":1094420,"relics_obtained":[{"floor":12,"key":"HornCleat"},{"floor":14,"key":"The Specimen"},{"floor":20,"key":"Tiny Chest"}],"event_choices":[{"damage_healed":0,"gold_gain":0,"player_choice":"Got Potions","damage_taken":0,"max_hp_gain":0,"max_hp_loss":0,"event_name":"Lab","floor":4,"gold_loss":0}],"is_beta":false,"boss_relics":[{"not_picked":["Sozu","SacredBark"],"picked":"WristBlade"}],"items_purged_floors":[19],"is_endless":false,"potions_floor_spawned":[3,5,12,16,18],"killed_by":"Book of Stabbing","ascension_level":18}}