{"host":"nsvh1q2jrp2m1ip1","time":1608523489,"event":{"mods":["BaseMod","Downfall","Googly Eyes","Hermit","Highlight Path","Minty Spire (QoL Compilation)","StSLib","The Bug Knight","The Cursed","The Hierophant","The Jungle"],"gold_per_floor":[115,190,201,201,219,219,257,280,326,326,326,351,34,34,34,155,155,180,280,294,307,307,326,326,326,326],"floor_reached":25,"playtime":2544,"items_purged":["HollowMod:NailStrikeStart"],"score":203,"play_id":"0b740aa8-e16d-4114-b71c-8a2aa6891cd3","local_time":"20201220230449","is_ascension_mode":false,"campfire_choices":[{"data":"HollowMod:DesolateDive","floor":6,"key":"SMITH"},{"data":"HollowMod:FocusHealStart","floor":10,"key":"SMITH"},{"floor":15,"key":"REST"},{"floor":24,"key":"REST"}],"circlet_count":0,"master_deck":["HollowMod:NailStrikeStart","HollowMod:NailStrikeStart+1","HollowMod:NailStrikeStart+1","HollowMod:QuickDashStart","HollowMod:QuickDashStart","HollowMod:QuickDashStart","HollowMod:QuickDashStart","HollowMod:FocusHealStart+1","HollowMod:PogoStrike","HollowMod:HeavyBlow","HollowMod:InfectedCysts","HollowMod:DesolateDive+1","HollowMod:SiblingsSouls","HollowMod:PureNailStrike","HollowMod:CornifersMapStart","HollowMod:MothsMistake+1","HollowMod:NewInfectedGuardian","HollowMod:DungDefenderAura","HollowMod:SlysStrikes+1","HollowMod:NewGlowingWomb+1","HollowMod:NewLittleFool","HollowMod:SoulEater+1"],"relics":["HollowMod:VesselMask","Dead Branch","Golden Idol","Frozen Egg 2","Bag of Preparation","Tiny Chest","Velvet Choker"],"acts_visited":["Exordium","Exordium"],"potions_floor_usage":[7,7,23],"damage_taken":[{"damage":0,"enemies":"Small Slimes","floor":1,"turns":3},{"damage":1,"enemies":"Jaw Worm","floor":3,"turns":5},{"damage":5,"enemies":"2 Louse","floor":5,"turns":5},{"damage":11,"enemies":"Lagavulin","floor":7,"turns":5},{"damage":4,"enemies":"2 Fungi Beasts","floor":8,"turns":3},{"damage":2,"enemies":"Exordium Wildlife","floor":12,"turns":4},{"damage":45,"enemies":"The Guardian","floor":16,"turns":9},{"damage":28,"enemies":"theJungle:GiantWrat","floor":18,"turns":6},{"damage":24,"enemies":"theJungle:Flameango_and_Byrd","floor":20,"turns":5},{"damage":21,"enemies":"theJungle:SlimyTreeVines","floor":21,"turns":5},{"damage":16,"enemies":"theJungle:Lyon","floor":23,"turns":6},{"damage":67,"enemies":"theJungle:2_Phrogs","floor":25,"turns":5}],"seed_played":"-2360779998869855597","potions_obtained":[{"floor":3,"key":"PowerPotion"},{"floor":5,"key":"AttackPotion"},{"floor":16,"key":"CultistPotion"},{"floor":22,"key":"Ancient Potion"},{"floor":22,"key":"Weak Potion"}],"is_trial":false,"path_per_floor":["M","?","M","?","M","R","E","M","T","R","?","M","$","?","R","B",null,"M","?","M","M","?","M","R","E"],"character_chosen":"THE_BUGKNIGHT","items_purchased":["HollowMod:MothsMistake+1","HollowMod:NewInfectedGuardian","HollowMod:DungDefenderAura"],"campfire_rested":2,"item_purchase_floors":[13,13,13],"current_hp_per_floor":[64,53,62,44,45,45,40,36,36,36,21,25,25,22,44,5,75,57,52,38,29,29,19,41,0,0],"gold":326,"neow_bonus":"ONE_RARE_RELIC","is_daily":false,"chose_seed":false,"campfire_upgraded":2,"win_rate":0.0,"timestamp":1608523489,"path_taken":["M","?","M","?","M","R","E","M","T","R","?","M","$","?","R","BOSS","M","?","?","M","?","M","R","E"],"items_purchased_type":["Card","Card","Card"],"build_version":"2020-12-13","purchased_purges":1,"victory":false,"max_hp_per_floor":[75,75,75,75,75,75,75,75,75,75,75,75,75,75,75,75,75,75,75,75,75,75,75,75,75,75],"card_choices":[{"not_picked":["HollowMod:SharpenedShadows","HollowMod:SoulVessel"],"picked":"HollowMod:HeavyBlow","floor":1},{"not_picked":["HollowMod:HeavyBlow","HollowMod:VengefulVoid"],"picked":"HollowMod:InfectedCysts","floor":3},{"not_picked":["HollowMod:PerfectDash","HollowMod:SiblingsSouls"],"picked":"HollowMod:DesolateDive","floor":5},{"not_picked":["HollowMod:FallenFury","HollowMod:CycloneSlash"],"picked":"HollowMod:SiblingsSouls","floor":7},{"not_picked":["HollowMod:CloakDash","HollowMod:DoubleDash"],"picked":"HollowMod:PureNailStrike","floor":8},{"not_picked":["HollowMod:ShapeofUnn+1","HollowMod:InfectedCysts"],"picked":"HollowMod:CornifersMapStart","floor":12},{"not_picked":["HollowMod:ZotesMagnificence","HollowMod:HornetsHelp"],"picked":"HollowMod:SlysStrikes+1","floor":16},{"not_picked":["HollowMod:CornifersMapStart","HollowMod:InfectionAssault+1"],"picked":"HollowMod:NewGlowingWomb+1","floor":18},{"not_picked":["HollowMod:CycloneSlash","HollowMod:QuirrelsAssistance"],"picked":"HollowMod:NewLittleFool","floor":20},{"not_picked":["HollowMod:DoubleDash","HollowMod:SoulStrike"],"picked":"HollowMod:SoulEater+1","floor":21},{"not_picked":["HollowMod:LifebloodCocoon","HollowMod:VengefulSpirit+1","HollowMod:DashSlash"],"picked":"SKIP","floor":23}],"player_experience":339785,"relics_obtained":[{"floor":7,"key":"Frozen Egg 2"},{"floor":9,"key":"Bag of Preparation"}],"event_choices":[{"damage_healed":0,"gold_gain":75,"player_choice":"Gather Gold","damage_taken":11,"max_hp_gain":0,"max_hp_loss":0,"event_name":"World of Goop","floor":2,"gold_loss":0},{"damage_healed":0,"gold_gain":0,"player_choice":"Take Damage","damage_taken":18,"relics_obtained":["Golden Idol"],"max_hp_gain":0,"max_hp_loss":0,"event_name":"Golden Idol","floor":4,"gold_loss":0},{"damage_healed":0,"gold_gain":0,"player_choice":"Entered Light","damage_taken":15,"max_hp_gain":0,"max_hp_loss":0,"event_name":"Shining Light","floor":11,"gold_loss":0,"cards_upgraded":["HollowMod:NailStrikeStart","HollowMod:NailStrikeStart"]},{"damage_healed":0,"gold_gain":0,"player_choice":"Success","damage_taken":3,"relics_obtained":["Tiny Chest"],"max_hp_gain":0,"max_hp_loss":0,"event_name":"Scrap Ooze","floor":14,"gold_loss":0},{"damage_healed":0,"gold_gain":0,"player_choice":"Got Potions","damage_taken":0,"max_hp_gain":0,"max_hp_loss":0,"event_name":"Lab","floor":22,"gold_loss":0}],"is_beta":false,"boss_relics":[{"not_picked":["Calling Bell","Philosopher\u0027s Stone"],"picked":"Velvet Choker"}],"items_purged_floors":[13],"is_endless":false,"potions_floor_spawned":[3,5,16],"killed_by":"theJungle:2_Phrogs","ascension_level":0}}