{"host":"xyexbe31ku0ov20l","time":1608513462,"event":{"mods":["AchievementEnabler","AlwaysNeverKeys","BaseMod","Bestiary","Block Reminder","Colored Map","Colored Powertips","Curses Come First","Displayed Cursed Tome","Minty Spire (QoL Compilation)","Permanent Neow","Quick Restart","Random Character Button","Rare Cards Sparkle","Relic Stats","StSLib"],"gold_per_floor":[165,3,17,33,90,119,119,191,191,207,482,482,500,5,5,5,5],"floor_reached":16,"playtime":626,"items_purged":[],"score":200,"play_id":"87abc26a-5b16-47c9-9023-1a431bee9c3e","local_time":"20201220171742","is_ascension_mode":true,"campfire_choices":[{"floor":12,"key":"REST"},{"data":"Phantasmal Killer","floor":15,"key":"SMITH"}],"circlet_count":0,"master_deck":["AscendersBane","Strike_G","Strike_G","Strike_G+1","Strike_G","Strike_G","Defend_G","Defend_G","Defend_G","Defend_G","Defend_G","Survivor","Neutralize","Underhanded Strike","Heel Hook","Footwork","Acrobatics","Underhanded Strike","Phantasmal Killer+1","Regret","Backstab"],"relics":["Tiny House","Vajra","MealTicket","PreservedInsect","Ornamental Fan","Incense Burner","Tingsha","Pen Nib"],"acts_visited":["Exordium"],"potions_floor_usage":[6,16,16],"damage_taken":[{"damage":0,"enemies":"Cultist","floor":1,"turns":4},{"damage":0,"enemies":"Small Slimes","floor":3,"turns":3},{"damage":0,"enemies":"2 Louse","floor":4,"turns":3},{"damage":18,"enemies":"Lagavulin","floor":6,"turns":9},{"damage":11,"enemies":"Red Slaver","floor":10,"turns":5},{"damage":10,"enemies":"Exordium Wildlife","floor":13,"turns":5},{"damage":42,"enemies":"The Guardian","floor":16,"turns":10}],"seed_played":"4109109876215510351","potions_obtained":[{"floor":0,"key":"Fruit Juice"},{"floor":4,"key":"LiquidBronze"},{"floor":13,"key":"AttackPotion"}],"is_trial":false,"path_per_floor":["M","$","M","M","?","E","?","T","T","M","?","R","M","$","R","B"],"character_chosen":"THE_SILENT","items_purchased":["Vajra","Tingsha","Pen Nib"],"campfire_rested":1,"item_purchase_floors":[2,14,14],"current_hp_per_floor":[64,64,64,64,64,46,20,20,20,9,9,30,20,35,35,0,0],"gold":5,"neow_bonus":"BOSS_RELIC","is_daily":false,"chose_seed":false,"campfire_upgraded":1,"win_rate":0.0,"timestamp":1608513462,"path_taken":["M","?","M","M","?","E","?","?","T","M","?","R","?","$","R","BOSS"],"items_purchased_type":["Relic","Relic","Relic"],"build_version":"2020-12-13","purchased_purges":0,"victory":false,"max_hp_per_floor":[71,71,71,71,71,71,71,71,71,71,71,71,71,71,71,76,76],"relic_stats":{"counters":[7,39],"Ornamental Fan":[20],"MealTicket":15,"Tingsha":[15],"PreservedInsect":0,"Pen Nib":[1],"obtain_stats":[{"Tiny House":0,"Ornamental Fan":8,"Vajra":2,"MealTicket":6,"Tingsha":14,"PreservedInsect":7,"Pen Nib":14,"Incense Burner":9,"Ring of the Snake":0},{"Tiny House":0,"Ornamental Fan":4,"Vajra":1,"MealTicket":4,"Tingsha":6,"PreservedInsect":4,"Pen Nib":6,"Incense Burner":4,"Ring of the Snake":0},{"Tiny House":0,"Ornamental Fan":19,"Vajra":4,"MealTicket":19,"Tingsha":29,"PreservedInsect":19,"Pen Nib":29,"Incense Burner":19,"Ring of the Snake":0}]},"card_choices":[{"not_picked":["Acrobatics","Well Laid Plans"],"picked":"Underhanded Strike","floor":0},{"not_picked":["Deflect","Poisoned Stab"],"picked":"Heel Hook","floor":1},{"not_picked":["Concentrate","Cloak And Dagger"],"picked":"Footwork","floor":3},{"not_picked":["Dodge and Roll","Finisher"],"picked":"Acrobatics","floor":4},{"not_picked":["Predator","PiercingWail"],"picked":"Underhanded Strike","floor":6},{"not_picked":["Cloak And Dagger","Finisher"],"picked":"Phantasmal Killer","floor":10},{"not_picked":["Dodge and Roll","Dagger Throw"],"picked":"Backstab","floor":13}],"player_experience":2249030,"relics_obtained":[{"floor":6,"key":"MealTicket"},{"floor":8,"key":"Ornamental Fan"},{"floor":9,"key":"Incense Burner"}],"event_choices":[{"damage_healed":0,"gold_gain":57,"player_choice":"Gained Gold","damage_taken":0,"max_hp_gain":0,"max_hp_loss":0,"event_name":"Golden Wing","floor":5,"gold_loss":0},{"damage_healed":0,"gold_gain":0,"player_choice":"Success","damage_taken":26,"relics_obtained":["PreservedInsect"],"max_hp_gain":0,"max_hp_loss":0,"event_name":"Scrap Ooze","floor":7,"gold_loss":0},{"damage_healed":0,"gold_gain":275,"player_choice":"Desecrate","damage_taken":0,"max_hp_gain":0,"max_hp_loss":0,"event_name":"Golden Shrine","floor":11,"gold_loss":0,"cards_obtained":["Regret"]}],"is_beta":false,"boss_relics":[],"items_purged_floors":[],"is_endless":false,"potions_floor_spawned":[4,13],"killed_by":"The Guardian","ascension_level":20}}