{"host":"r3eb5kff0hcmimdq","time":1608551124,"event":{"mods":["Act Like it!","BaseMod","Colored Powertips","Highlight Path","Luminous","Marisa£®ÏF”Í°°ƒß¿Ì…≥£©","Minty Spire (QoL Compilation)","MostiFishMod","Replay The Spire","Shop Mod","Spicy Shops","StSLib","WarShipGirlsR/’ΩΩ¢…Ÿ≈ÆR mod","Youmu£®ªÍ∆«—˝√Œ£©","Yuyuko","noobMod","°æ“≈ŒÔø®≈∆°øREMEMod"],"gold_per_floor":[110,110,385,401,413,413,441,281,363,373,373,387,402,402,402,501,501,521,521,78,3,21,21,40,43,67,81,110,110,139,157,157,262,262,272,289,41,67,67,67,80,80,157,209,223,172,182,199,199,199],"floor_reached":51,"playtime":1651,"items_purged":["Regret","Luminous:Defend_Luminous","Luminous:Dark_Abyssal_Drop","Luminous:Dark_Abyssal_Drop","Luminous:Light_Flash_Shower","Luminous:Light_Flash_Shower"],"score":814,"play_id":"fa608851-0ff3-439a-8bee-165e11ed8bf7","local_time":"20201221194524","is_ascension_mode":false,"campfire_choices":[{"data":"REME_Flogging","floor":6,"key":"SMITH"},{"data":"Luminous:Lunar_Tide_Luminous","floor":11,"key":"SMITH"},{"data":"Luminous:Balance_Death_Scythe","floor":15,"key":"SMITH"},{"data":"Luminous:Lania_Blessing_Luminous","floor":23,"key":"SMITH"},{"data":"MostiFishMod:SparklingWater","floor":29,"key":"SMITH"},{"data":"Luminous:Freud_Wisdom1_Luminous","floor":32,"key":"SMITH"},{"data":"Pain","floor":40,"key":"PURGE"},{"data":"Luminous:Freud_Wisdom1_Luminous+1","floor":42,"key":"SMITH"},{"data":"Luminous:Defend_Luminous","floor":49,"key":"PURGE"}],"circlet_count":0,"master_deck":["Luminous:Light_Flash_Shower","Luminous:Dark_Abyssal_Drop","Luminous:Defend_Luminous","Luminous:Switch_Luminous+1","REME_Flogging+1","Luminous:Lunar_Tide_Luminous+1","Luminous:Balance_Death_Scythe+1","Luminous:Lania_Blessing_Luminous+1","MostiFishMod:SparklingWater+1","Luminous:Dark_Apocalypse+1","Luminous:Freud_Wisdom1_Luminous+3","Luminous:Arcane_Rage_Luminous"],"relics":["Luminous:MirrorRelic","ice","DaveBox","REME_ComplimentaryCards","Question Card","GuanYuAspect","MerchantsRug","Iron Hammer","ImportantClient","BloodWine","Molten Egg 2","REME_CardOfGreed","Pen Nib","Peace Pipe","PatriotShield","ChiLing","Chi","Ling","FossilizedHelix","CatCart","REME_OnlineShoppingPlatform","Vajra","Lee\u0027s Waffle","War Paint","ReplayTheSpireMod:Lightbulb"],"acts_visited":["Exordium","TheCity","TheBeyond"],"potions_floor_usage":[46],"damage_taken":[{"damage":1.0,"enemies":"2 Louse","floor":1.0,"turns":3.0},{"damage":0,"enemies":"Cultist","floor":4,"turns":3},{"damage":0,"enemies":"Small Slimes","floor":5,"turns":3},{"damage":12,"enemies":"Gremlin Nob","floor":7,"turns":3},{"damage":3,"enemies":"Exordium Wildlife","floor":10,"turns":2},{"damage":7,"enemies":"Exordium Thugs","floor":12,"turns":4},{"damage":0,"enemies":"2 Fungi Beasts","floor":13,"turns":2},{"damage":24,"enemies":"Hexaghost","floor":16,"turns":6},{"damage":4,"enemies":"3 Byrds","floor":18,"turns":3},{"damage":2,"enemies":"Chosen","floor":22,"turns":3},{"damage":0,"enemies":"Centurion and Healer","floor":24,"turns":1},{"damage":0,"enemies":"Snecko","floor":27,"turns":2},{"damage":13,"enemies":"Slavers","floor":28,"turns":2},{"damage":4,"enemies":"Book of Stabbing","floor":30,"turns":2},{"damage":7,"enemies":"Snake Plant","floor":31,"turns":3},{"damage":0,"enemies":"Champ","floor":33,"turns":4},{"damage":15,"enemies":"3 Shapes","floor":35,"turns":1},{"damage":0,"enemies":"Orb Walker","floor":36,"turns":1},{"damage":2,"enemies":"Writhing Mass","floor":41,"turns":1},{"damage":3,"enemies":"Orin","floor":44,"turns":3},{"damage":4,"enemies":"Spire Growth","floor":45,"turns":2},{"damage":9,"enemies":"Sphere and 2 Shapes","floor":47,"turns":1},{"damage":1,"enemies":"Jaw Worm Horde","floor":48,"turns":1},{"damage":2,"enemies":"Replay:Hell Engine","floor":50,"turns":1}],"seed_played":"-9154775990207270815","potions_obtained":[{"floor":1.0,"key":"PowerPotion"},{"floor":4,"key":"Reflective Coating"},{"floor":7,"key":"Ancient Potion"},{"floor":10,"key":"DistilledChaos"},{"floor":16,"key":"Elixir"},{"floor":22,"key":"Cursed Concoction"},{"floor":27,"key":"SteroidPotion"},{"floor":30,"key":"Swift Potion"},{"floor":35,"key":"LiquidMemories"}],"is_trial":false,"path_per_floor":["M","?","?","M","M","R","E","$","T","M","R","M","M","?","R","B",null,"M","?","$","?","M","R","M","$","T","M","E","R","E","M","R","B",null,"M","M","$","?","?","R","M","R","T","?","M","$","M","M","R","B",null],"character_chosen":"LuminousClass","items_purchased":["MerchantsRug","Molten Egg 2","Strawberry","MostiFishMod:SparklingWater","REME_CardOfGreed","ChiLing","REME_OnlineShoppingPlatform","Vajra","Lee\u0027s Waffle","War Paint","ReplayTheSpireMod:Lightbulb"],"campfire_rested":0,"item_purchase_floors":[8,20,20,20,25,37,46,46,46,46,46],"current_hp_per_floor":[38,38,38,38,38,38,33,33,33,38,38,34,38,38,38,38,38,36,36,40,40,45,45,45,45,45,45,45,45,45,43,43,45,45,33,43,43,32,32,32,45,45,45,45,45,55,56,57,57,57],"gold":199,"neow_bonus":"RANDOM_COLORLESS_2","is_daily":false,"chose_seed":false,"campfire_upgraded":7,"win_rate":0.0,"timestamp":1608551124,"path_taken":["M","?","?","?","M","R","E","$","T","M","R","M","M","?","R","BOSS","M","?","$","?","M","R","M","$","T","M","E","R","E","M","R","BOSS","M","M","$","?","?","R","M","R","T","?","M","?","M","?","R","BOSS"],"items_purchased_type":["Relic","Relic","Relic","Card","Relic","Relic","Relic","Relic","Relic","Relic","Relic"],"build_version":"2020-12-13","purchased_purges":6,"victory":true,"max_hp_per_floor":[38,38,38,38,38,38,38,38,38,38,38,38,38,38,38,38,38,38,38,45,45,45,45,45,45,45,45,45,45,45,45,45,45,45,45,45,45,45,45,45,45,45,45,45,45,57,57,57,57,57],"card_choices":[{"not_picked":["MostiFishMod:BrokenBlackCloak","Mayhem"],"picked":"REME_Flogging","floor":0.0},{"not_picked":["Luminous:Fast_Spell_Luminous","Luminous:Flash_Blink_Luminous","Luminous:Light_Wash_Luminous"],"picked":"SKIP","floor":1.0},{"not_picked":["Luminous:Light_Gather","Luminous:Dark_Apocalypse","Luminous:Light_Wash_Luminous","Luminous:Dark_Arcane_Pitch"],"picked":"SKIP","floor":4},{"not_picked":["Luminous:Light_Gather","Luminous:Dark_Dim_Erosion","Luminous:Light_Disperse","Luminous:Dark_Pressure_Void"],"picked":"SKIP","floor":5},{"not_picked":["Luminous:Fast_Spell_Luminous","Luminous:Dark_Crescendo_Luminous","Luminous:Dark_Raid"],"picked":"Luminous:Lunar_Tide_Luminous","floor":7},{"not_picked":["Luminous:Concentrate_Luminous","Luminous:Dark_Pressure_Void","Luminous:Dark_Morning_Star","Luminous:Light_Wash_Luminous"],"picked":"SKIP","floor":10},{"not_picked":["Luminous:Light_Gather","Luminous:Light_Sylvan_Lance","Luminous:Magic_Accelerate_Luminous"],"picked":"Luminous:Balance_Death_Scythe","floor":12},{"not_picked":["Luminous:Light_Glare","Luminous:Mana_Overload_Luminous","Luminous:Light_Sylvan_Lance","Luminous:Dark_Moonlight_Spear"],"picked":"SKIP","floor":13},{"not_picked":["Luminous:Balance_Baptism","Luminous:Date_of_Light_Luminous","Luminous:Erosion_Luminous"],"picked":"Luminous:Lania_Blessing_Luminous","floor":16},{"not_picked":["Luminous:Accumulation_Luminous","Luminous:Concentrate_Luminous","Luminous:Dark_Raid","Luminous:Light_Glare"],"picked":"SKIP","floor":18},{"not_picked":["Rebound+1","Luminous:Chase_Spell_Luminous","Luminous:Reverse_Spell_Luminous","Luminous:Balance_Death_Scythe+1"],"picked":"SKIP","floor":22},{"not_picked":["Luminous:Light_Gather+1","Luminous:Flash_Blink_Luminous","Luminous:Magic_Boost_Luminous","Luminous:Light_Spectral_Light+1"],"picked":"SKIP","floor":24},{"not_picked":["Gash+1","Loop","Luminous:Light_Glare+1","Zap+1"],"picked":"SKIP","floor":27},{"not_picked":["Luminous:Light_Gather+1","Turbo+1","Luminous:Light_Glare+1"],"picked":"Luminous:Dark_Apocalypse+1","floor":28},{"not_picked":["Luminous:Phantom_Treasure_Luminous","Luminous:Light_Disperse+1","Defragment"],"picked":"Luminous:Freud_Wisdom1_Luminous","floor":30},{"not_picked":["Luminous:Concentrate_Luminous","Capacitor","Zap+1","Steam Power"],"picked":"SKIP","floor":31},{"not_picked":["Multi-Cast","Luminous:Date_of_Light_Luminous","Luminous:Chaos_Field_Luminous"],"picked":"Luminous:Arcane_Rage_Luminous","floor":33},{"not_picked":["Luminous:Dark_Raid+1","Luminous:Magic_Boost_Luminous","Luminous:Light_Sylvan_Lance+1","Luminous:Dark_Dim_Erosion+1"],"picked":"SKIP","floor":35},{"not_picked":["Luminous:Phantom_Treasure_Luminous+1","Luminous:Blinding_Pillar_Luminous+1","Luminous:Concentrate_Luminous+1","Luminous:Balance_Death_Scythe+1"],"picked":"SKIP","floor":36},{"not_picked":["Luminous:Light_Sylvan_Lance+1","Luminous:Darkness_Mastery_Luminous+1","Luminous:Light_Glare+1","Luminous:Dark_Pressure_Void+1"],"picked":"SKIP","floor":41},{"not_picked":["Luminous:Sympathy_Luminous+1","Luminous:Dark_Raid+1","Luminous:Blinding_Pillar_Luminous","Luminous:Dusk_Guard_Luminous"],"picked":"SKIP","floor":45},{"not_picked":["Luminous:Dark_Crescendo_Luminous","Luminous:Light_Disperse+1","Luminous:Chase_Spell_Luminous+1","Luminous:Dark_Dim_Erosion+1"],"picked":"SKIP","floor":47},{"not_picked":["Luminous:Light_Wash_Luminous+1","Luminous:Dark_Dim_Erosion+1","Luminous:Light_Sylvan_Lance+1","Luminous:Blinding_Pillar_Luminous+1"],"picked":"SKIP","floor":48}],"player_experience":166103,"relics_obtained":[{"floor":1.0,"key":"Question Card"},{"floor":7,"key":"Ancient Tea Set"},{"floor":9,"key":"Iron Hammer"},{"floor":16,"key":"ImportantClient"},{"floor":26,"key":"Pen Nib"},{"floor":28,"key":"Akabeko"},{"floor":30,"key":"Peace Pipe"},{"floor":38,"key":"FossilizedHelix"},{"floor":44,"key":"CatCart"}],"event_choices":[{"damage_healed":0,"gold_gain":275,"player_choice":"Desecrate","damage_taken":0,"max_hp_gain":0,"max_hp_loss":0,"event_name":"Golden Shrine","floor":3,"gold_loss":0,"cards_obtained":["Regret"]},{"cards_removed":["Luminous:Defend_Luminous"],"damage_healed":0,"gold_gain":0,"player_choice":"Gave Gold","damage_taken":0,"max_hp_gain":0,"max_hp_loss":0,"event_name":"Beggar","floor":21,"gold_loss":75},{"damage_healed":0,"gold_gain":0,"player_choice":"Memory 1","damage_taken":0,"max_hp_gain":0,"max_hp_loss":0,"event_name":"SensoryStone","floor":39,"gold_loss":0},{"damage_healed":0,"gold_gain":0,"player_choice":"Fight","damage_taken":0,"max_hp_gain":0,"max_hp_loss":0,"event_name":"OrinTheCat","floor":44,"gold_loss":0}],"is_beta":false,"boss_relics":[{"not_picked":["Black Star","RhineFirstAidKit"],"picked":"BloodWine"},{"not_picked":["MetatronsCube","Astrolabe"],"picked":"PatriotShield"}],"items_purged_floors":[8,20,25,37,37,46],"is_endless":false,"potions_floor_spawned":[1,4,7,10,16,22,27,30,31,35,36,47,48],"ascension_level":0}}