{"host":"dvpvhz1t6etneyb3","time":1608563310,"event":{"mods":["AchievementEnabler","BaseMod","Colored Map","Highlight Path","Minty Spire (QoL Compilation)","Permanent Neow","Quick Restart"],"gold_per_floor":[113,113,38,53,73,104,104,145,171,214,214,247,294,245,245,352,352,381,36,45,74,124,133,183,198,198,243,263,27,60,84,84,189,189,209,209,229,259,274,274,274],"floor_reached":40,"playtime":2986,"items_purged":["Injury","Strike_R","Strike_R"],"score":966,"play_id":"12e914fb-4e65-428e-8980-120ba07ba0af","local_time":"20201221100830","is_ascension_mode":true,"campfire_choices":[{"data":"Uppercut","floor":7.0,"key":"SMITH"},{"floor":11.0,"key":"REST"},{"data":"Demon Form","floor":15.0,"key":"SMITH"},{"floor":23.0,"key":"REST"},{"data":"True Grit","floor":32.0,"key":"SMITH"}],"circlet_count":0,"master_deck":["AscendersBane","Strike_R","Strike_R","Defend_R","Defend_R","Defend_R","Defend_R","Bash+1","Clothesline","Demon Form+1","Uppercut+1","Reaper","Metallicize","Feed","Power Through","Heavy Blade","Secret Weapon","Sever Soul","Shockwave","Rage+1","Shrug It Off+1","Burning Pact","True Grit+1","Sword Boomerang","Power Through","Intimidate","Fiend Fire","Evolve+1"],"relics":["Burning Blood","Golden Idol","Dream Catcher","Red Skull","CeramicFish","Toy Ornithopter","Pear","Cursed Key","Membership Card","Regal Pillow","Smiling Mask","Anchor","Toolbox","Velvet Choker"],"acts_visited":["Exordium","TheCity","TheBeyond"],"potions_floor_usage":[40],"damage_taken":[{"damage":4.0,"enemies":"Small Slimes","floor":1.0,"turns":4.0},{"damage":8.0,"enemies":"2 Louse","floor":4.0,"turns":4.0},{"damage":1.0,"enemies":"Cultist","floor":5.0,"turns":3.0},{"damage":15.0,"enemies":"Lagavulin","floor":6.0,"turns":6.0},{"damage":6.0,"enemies":"Gremlin Nob","floor":8.0,"turns":3.0},{"damage":35.0,"enemies":"3 Sentries","floor":10.0,"turns":7.0},{"damage":7.0,"enemies":"Blue Slaver","floor":12.0,"turns":4.0},{"damage":30.0,"enemies":"Lagavulin","floor":13.0,"turns":7.0},{"damage":45.0,"enemies":"The Guardian","floor":16.0,"turns":9.0},{"damage":38.0,"enemies":"Spheric Guardian","floor":18.0,"turns":6.0},{"damage":24.0,"enemies":"3 Byrds","floor":21.0,"turns":5.0},{"damage":24.0,"enemies":"Gremlin Leader","floor":24.0,"turns":7.0},{"damage":18.0,"enemies":"3 Cultists","floor":25.0,"turns":7.0},{"damage":26.0,"enemies":"Book of Stabbing","floor":27.0,"turns":5.0},{"damage":2.0,"enemies":"Snecko","floor":28.0,"turns":4.0},{"damage":55.0,"enemies":"Chosen and Byrds","floor":30.0,"turns":8.0},{"damage":12.0,"enemies":"Shelled Parasite and Fungi","floor":31.0,"turns":7.0},{"damage":99.0,"enemies":"Automaton","floor":33.0,"turns":11.0},{"damage":28.0,"enemies":"3 Darklings","floor":35.0,"turns":9.0},{"damage":7.0,"enemies":"Orb Walker","floor":37.0,"turns":3.0},{"damage":23.0,"enemies":"Spire Growth","floor":38.0,"turns":5.0},{"damage":36.0,"enemies":"Jaw Worm Horde","floor":39.0,"turns":6.0},{"damage":120,"enemies":"Reptomancer","floor":40,"turns":7}],"seed_played":"-7397781477072720252","potions_obtained":[{"floor":4.0,"key":"Energy Potion"},{"floor":5.0,"key":"DuplicationPotion"},{"floor":8.0,"key":"DuplicationPotion"},{"floor":13.0,"key":"LiquidBronze"},{"floor":24.0,"key":"Ancient Potion"},{"floor":27.0,"key":"Fruit Juice"},{"floor":30.0,"key":"EntropicBrew"},{"floor":31.0,"key":"Regen Potion"},{"floor":37.0,"key":"Energy Potion"},{"floor":38.0,"key":"SpeedPotion"}],"is_trial":false,"path_per_floor":["M","?","$","M","M","E","R","E","T","E","R","M","E","?","R","B",null,"M","$","?","M","?","R","E","M","T","E","M","$","M","M","R","B",null,"M","?","M","M","M","E"],"character_chosen":"IRONCLAD","items_purchased":["Membership Card","Heavy Blade","BloodPotion","Secret Weapon","Anchor","Toolbox","True Grit","Sword Boomerang"],"campfire_rested":2,"item_purchase_floors":[19,19,19,19,29,29,29,29],"current_hp_per_floor":[70,70,70,68,73,64,64,64,64,35,57,56,42,42,42,40,74,45,45,45,35,35,62,78,69,69,49,56,56,51,82,82,57,98,109,109,108,110,105,0,0],"gold":274,"neow_bonus":"UPGRADE_CARD","is_daily":false,"chose_seed":false,"campfire_upgraded":3,"win_rate":0.0,"timestamp":1608563310,"path_taken":["M","?","$","M","M","E","R","E","T","E","R","M","E","?","R","BOSS","M","$","?","M","?","R","E","M","T","E","M","$","?","M","R","BOSS","BOSS","M","?","M","M","M","E"],"items_purchased_type":["Relic","Card","Potion","Card","Relic","Relic","Card","Card"],"build_version":"2020-12-13","purchased_purges":3,"victory":false,"max_hp_per_floor":[75,75,75,75,75,75,75,75,75,75,75,75,85,85,85,85,85,88,88,88,91,91,91,94,97,97,97,100,100,108,111,111,111,111,111,111,111,111,111,111,111],"card_choices":[{"not_picked":["Havoc","Thunderclap"],"picked":"Clothesline","floor":1.0},{"not_picked":["Shrug It Off","Havoc","Flex"],"picked":"SKIP","floor":4.0},{"not_picked":["Disarm","True Grit"],"picked":"Demon Form","floor":5.0},{"not_picked":["Armaments","Shrug It Off"],"picked":"Uppercut","floor":6.0},{"not_picked":["Rupture","Twin Strike","Wild Strike"],"picked":"SKIP","floor":8.0},{"not_picked":["Pummel","Sentinel","Intimidate"],"picked":"SKIP","floor":10.0},{"not_picked":["Pommel Strike","Body Slam"],"picked":"Reaper","floor":12.0},{"not_picked":["Heavy Blade","Infernal Blade"],"picked":"Metallicize","floor":13.0},{"not_picked":["Exhume","Brutality"],"picked":"Feed","floor":16.0},{"not_picked":["Cleave","Iron Wave"],"picked":"Power Through","floor":18.0},{"not_picked":["Sword Boomerang","Armaments"],"picked":"Shockwave","floor":21.0},{"not_picked":["Shrug It Off","Body Slam"],"picked":"Rage+1","floor":23.0},{"not_picked":["Clothesline","Sentinel"],"picked":"Shrug It Off+1","floor":24.0},{"not_picked":["Pommel Strike","Havoc","Body Slam"],"picked":"SKIP","floor":25.0},{"not_picked":["Pommel Strike","Havoc","Body Slam"],"picked":"SKIP","floor":25.0},{"not_picked":["Iron Wave","Cleave"],"picked":"Burning Pact","floor":27.0},{"not_picked":["Rampage","Havoc","Clothesline"],"picked":"SKIP","floor":28.0},{"not_picked":["Sentinel","Rage"],"picked":"Power Through","floor":30.0},{"not_picked":["Pommel Strike","Entrench","Intimidate"],"picked":"SKIP","floor":31.0},{"not_picked":["Pommel Strike","Entrench"],"picked":"Intimidate","floor":31.0},{"not_picked":["Feed","Bludgeon"],"picked":"Fiend Fire","floor":33.0},{"not_picked":["Ghostly Armor+1","Rage","Reckless Charge"],"picked":"SKIP","floor":35.0},{"not_picked":["Seeing Red","Iron Wave","Anger"],"picked":"SKIP","floor":37.0},{"not_picked":["Shrug It Off+1","Heavy Blade"],"picked":"Evolve+1","floor":38.0},{"not_picked":["Clothesline","Dark Embrace","Iron Wave"],"picked":"SKIP","floor":39.0}],"player_experience":1907907,"relics_obtained":[{"floor":6.0,"key":"Dream Catcher"},{"floor":8.0,"key":"Red Skull"},{"floor":9.0,"key":"CeramicFish"},{"floor":10.0,"key":"Toy Ornithopter"},{"floor":13.0,"key":"Pear"},{"floor":24.0,"key":"Regal Pillow"},{"floor":27.0,"key":"Smiling Mask"}],"event_choices":[{"damage_healed":0.0,"max_hp_gain":0.0,"max_hp_loss":0.0,"gold_gain":0.0,"event_name":"Golden Idol","player_choice":"Take Wound","floor":2.0,"gold_loss":0.0,"damage_taken":0.0,"relics_obtained":["Golden Idol"],"cards_obtained":["Injury"]},{"damage_healed":0.0,"max_hp_gain":0.0,"max_hp_loss":0.0,"gold_gain":0.0,"event_name":"World of Goop","player_choice":"Left Gold","floor":14.0,"gold_loss":49.0,"damage_taken":0.0},{"damage_healed":0.0,"max_hp_gain":0.0,"max_hp_loss":0.0,"gold_gain":0.0,"event_name":"The Library","player_choice":"Read","floor":20.0,"gold_loss":0.0,"damage_taken":0.0,"cards_obtained":["Sever Soul"]},{"damage_healed":0.0,"max_hp_gain":0.0,"max_hp_loss":0.0,"gold_gain":100.0,"event_name":"The Joust","player_choice":"Bet on Murderer","floor":22.0,"gold_loss":50.0,"damage_taken":0.0},{"cards_removed":["Strike_R"],"damage_healed":0.0,"max_hp_gain":0.0,"max_hp_loss":0.0,"gold_gain":0.0,"event_name":"Purifier","player_choice":"Purged","floor":36.0,"gold_loss":0.0,"damage_taken":0.0}],"is_beta":false,"boss_relics":[{"not_picked":["Mark of Pain","Astrolabe"],"picked":"Cursed Key"},{"not_picked":["Philosopher\u0027s Stone","Black Star"],"picked":"Velvet Choker"}],"items_purged_floors":[3,19,29],"is_endless":false,"potions_floor_spawned":[4,5,8,13,24,27,30,31,37,38,39],"killed_by":"Reptomancer","ascension_level":20}}