{"host":"aj7el8l5kufbk20z","time":1608516860,"event":{"mods":["AchievementEnabler","BaseMod","Colored Map","Colored Powertips","Curses Come First","Highlight Path","Minty Spire (QoL Compilation)","Quick Restart","Rare Cards Sparkle","Relic Stats","StSLib","SuperFastMode"],"gold_per_floor":[112,112,125,140,126,126,137,137,214,214,248,260,278,130,130,225,225,244,244,244],"floor_reached":19,"playtime":885,"items_purged":["Regret"],"score":205,"play_id":"70e13376-1b31-40c6-81c4-dc0f59045bfe","local_time":"20201221101420","is_ascension_mode":true,"campfire_choices":[{"data":"Iron Wave","floor":6,"key":"SMITH"},{"data":"Flex","floor":8,"key":"SMITH"},{"data":"Bash","floor":10,"key":"SMITH"},{"data":"Feel No Pain","floor":15,"key":"SMITH"}],"circlet_count":0,"master_deck":["Strike_R","Strike_R","Strike_R","Strike_R","Strike_R","Defend_R","Defend_R","Defend_R","Defend_R","Bash+1","Headbutt","Shockwave","Iron Wave+1","Reckless Charge","Flex+1","Sentinel","Fire Breathing","Shrug It Off","Feel No Pain+1","Barricade","Spot Weakness"],"relics":["Burning Blood","NeowsBlessing","Calipers","Bottled Flame","Lantern","Sozu"],"acts_visited":["Exordium","TheCity"],"potions_floor_usage":[16,16,16],"damage_taken":[{"damage":0,"enemies":"Jaw Worm","floor":1,"turns":1},{"damage":0,"enemies":"2 Louse","floor":3,"turns":1},{"damage":0,"enemies":"Small Slimes","floor":4,"turns":2},{"damage":12,"enemies":"Exordium Thugs","floor":5,"turns":4},{"damage":4,"enemies":"Blue Slaver","floor":7,"turns":3},{"damage":22,"enemies":"Lagavulin","floor":11,"turns":5},{"damage":27,"enemies":"Large Slime","floor":12,"turns":7},{"damage":7,"enemies":"3 Louse","floor":13,"turns":4},{"damage":20,"enemies":"Slime Boss","floor":16,"turns":8},{"damage":20,"enemies":"Shell Parasite","floor":18,"turns":8},{"damage":47,"enemies":"Masked Bandits","floor":19,"turns":5}],"seed_played":"1465114954234233320","potions_obtained":[{"floor":1,"key":"EssenceOfSteel"},{"floor":5,"key":"Dexterity Potion"},{"floor":11,"key":"CultistPotion"}],"is_trial":false,"path_per_floor":["M","?","M","M","M","R","M","R","T","R","E","M","M","$","R","B",null,"M","?"],"character_chosen":"IRONCLAD","items_purchased":["Feel No Pain"],"campfire_rested":0,"item_purchase_floors":[14],"current_hp_per_floor":[80,80,80,80,74,74,76,76,76,76,60,39,38,38,38,24,80,66,19,19],"gold":244,"neow_bonus":"THREE_ENEMY_KILL","is_daily":false,"chose_seed":false,"campfire_upgraded":4,"win_rate":0.0,"timestamp":1608516860,"path_taken":["M","?","M","M","M","R","M","R","T","R","E","M","M","$","R","BOSS","M","?"],"items_purchased_type":["Card"],"build_version":"2020-12-13","purchased_purges":1,"victory":false,"max_hp_per_floor":[80,80,80,80,80,80,80,80,80,80,80,80,80,80,80,80,80,80,80,80],"relic_stats":{"Sozu":0,"counters":[11,48],"obtain_stats":[{"Sozu":17,"Bottled Flame":9,"Lantern":11,"Calipers":2,"NeowsBlessing":0,"Burning Blood":0},{"Sozu":9,"Bottled Flame":5,"Lantern":6,"Calipers":1,"NeowsBlessing":0,"Burning Blood":0},{"Sozu":35,"Bottled Flame":11,"Lantern":16,"Calipers":1,"NeowsBlessing":0,"Burning Blood":0}],"Burning Blood":42},"card_choices":[{"not_picked":["Infernal Blade","Wild Strike"],"picked":"Headbutt","floor":1},{"not_picked":["Thunderclap","Cleave"],"picked":"Shockwave","floor":3},{"not_picked":["Twin Strike","Burning Pact"],"picked":"Iron Wave","floor":4},{"not_picked":["Armaments","Uppercut"],"picked":"Reckless Charge","floor":5},{"not_picked":["Havoc","Sword Boomerang"],"picked":"Flex","floor":7},{"not_picked":["Clothesline","Combust"],"picked":"Sentinel","floor":11},{"not_picked":["Armaments","Infernal Blade"],"picked":"Fire Breathing","floor":12},{"not_picked":["Warcry","Heavy Blade"],"picked":"Shrug It Off","floor":13},{"not_picked":["Offering","Corruption"],"picked":"Barricade","floor":16},{"not_picked":["Pommel Strike+1","Wild Strike"],"picked":"Spot Weakness","floor":18}],"player_experience":282919,"relics_obtained":[{"floor":9,"key":"Bottled Flame"},{"floor":11,"key":"Lantern"}],"event_choices":[{"damage_healed":0,"gold_gain":0,"player_choice":"Box","damage_taken":0,"relics_obtained":["Calipers"],"max_hp_gain":0,"max_hp_loss":0,"event_name":"Big Fish","floor":2,"gold_loss":0,"cards_obtained":["Regret"]},{"damage_healed":0,"gold_gain":0,"player_choice":"Fought Bandits","damage_taken":0,"max_hp_gain":0,"max_hp_loss":0,"event_name":"Masked Bandits","floor":19,"gold_loss":0}],"is_beta":false,"boss_relics":[{"not_picked":["Mark of Pain","Busted Crown"],"picked":"Sozu"}],"items_purged_floors":[14],"is_endless":false,"potions_floor_spawned":[1,5,11,12],"killed_by":"Masked Bandits","ascension_level":4}}