{"host":"ov7kp8bjf83ind03","time":1608515852,"event":{"mods":["AchievementEnabler","BaseMod","Better Note","Colored Map","Colored Powertips","Downfall","Minty Spire (QoL Compilation)","Permanent Neow","Rare Cards Sparkle","Relic Sorter","Relic Stats","StSLib","everything is the same but u backflip on backflip"],"gold_per_floor":[99,99,99,15,115,115,197,226,151,184,214,226,50,50,60,160,160,160,194,210,220,247,263,263,263,263,263,263],"floor_reached":26,"playtime":1597,"items_purged":["champ:Strike"],"score":330,"play_id":"c9f39293-bb6c-4913-83b8-dfe5e0da951c","local_time":"20201220205732","is_ascension_mode":true,"campfire_choices":[{"floor":1,"key":"RECALL"},{"data":"champ:Taunt","floor":6,"key":"SMITH"},{"data":"champ:EnchantCrown","floor":9,"key":"SMITH"},{"data":"Discovery","floor":18,"key":"SMITH"}],"circlet_count":0,"master_deck":["champ:Strike","champ:Strike","champ:Defend","champ:Defend","champ:Defend","champ:Defend","champ:Execute","champ:Taunt+1","expansioncontent:GoopSpray","champ:FanOfKnives","champ:EnchantCrown+1","champ:EndlessRage","champ:BringItOn","champ:Shatter","champ:BerserkersShout","champ:SteelEdge","Discovery+1","champ:MurderStrike","champ:RageSigil","champ:Encircle+1","champ:DeathBlow"],"relics":["champ:ChampionCrown","downfall:ShatteredFragment","WristBlade","Letter Opener","CaptainsWheel","downfall:HeartBlessingRed","MawBank","champ:LiftRelic","Bottled Flame","champ:ChampionCrownUpgraded","Ice Cream","MealTicket","The Courier"],"acts_visited":["Exordium","TheCity"],"potions_floor_usage":[8,16,26,26,26,26],"damage_taken":[{"damage":10,"enemies":"downfall:FleeingMerchant","floor":4,"turns":4},{"damage":42,"enemies":"downfall:FleeingMerchant","floor":5,"turns":4},{"damage":19,"enemies":"Gremlin Nob","floor":8,"turns":3},{"damage":12,"enemies":"3 Sentries","floor":10,"turns":4},{"damage":0,"enemies":"Jaw Worm","floor":11,"turns":2},{"damage":4,"enemies":"downfall:FleeingMerchant","floor":13,"turns":4},{"damage":0,"enemies":"2 Louse","floor":15,"turns":2},{"damage":4,"enemies":"downfall:Watcher","floor":16,"turns":6},{"damage":37,"enemies":"Gremlin Leader","floor":19,"turns":5},{"damage":18,"enemies":"3 Byrds","floor":20,"turns":2},{"damage":24,"enemies":"Chosen","floor":21,"turns":1},{"damage":59,"enemies":"Slavers","floor":22,"turns":3},{"damage":4,"enemies":"Centurion and Healer","floor":23,"turns":3},{"damage":17,"enemies":"Gremlin Leader","floor":26,"turns":2}],"seed_played":"8630975393812483310","potions_obtained":[{"floor":5,"key":"ColorlessPotion"},{"floor":8,"key":"hexamod:EctoCoolerPotion"},{"floor":10,"key":"Fire Potion"},{"floor":15,"key":"Ancient Potion"},{"floor":21,"key":"EntropicBrew"}],"is_trial":false,"path_per_floor":["R","?","?","$","?","R","T","E","R","E","M","?","$","T","M","B",null,"R","E","M","M","E","M","T","?","E"],"character_chosen":"THE_CHAMP","items_purchased":["champ:EnchantCrown","Discovery"],"campfire_rested":0,"item_purchase_floors":[4,13],"current_hp_per_floor":[90,90,63,63,29,29,29,15,15,3,3,3,3,3,3,3,90,90,64,64,64,20,20,20,15,0,0,0],"gold":263,"neow_bonus":"RANDOM_COLORLESS","is_daily":false,"chose_seed":false,"campfire_upgraded":3,"win_rate":0.0,"timestamp":1608515852,"path_taken":["R","?","?","$","?","R","T","E","R","E","M","?","$","?","M","BOSS","R","E","?","M","E","M","T","?","E"],"items_purchased_type":["Card","Card"],"build_version":"2020-12-13","purchased_purges":1,"victory":false,"max_hp_per_floor":[90,90,90,90,90,90,90,90,90,90,90,90,90,90,90,90,90,90,90,90,90,90,90,90,90,90,90,90],"relic_stats":{"counters":[14,45],"MealTicket":0,"Letter Opener":[105],"MawBank":36,"obtain_stats":[{"Ice Cream":19,"downfall:ShatteredFragment":3,"downfall:HeartBlessingRed":9,"champ:ChampionCrown":0,"champ:ChampionCrownUpgraded":17,"The Courier":24,"Letter Opener":7,"MawBank":10,"CaptainsWheel":8,"Bottled Flame":14,"WristBlade":5,"champ:LiftRelic":12,"MealTicket":22},{"Ice Cream":9,"downfall:ShatteredFragment":0,"downfall:HeartBlessingRed":3,"champ:ChampionCrown":0,"champ:ChampionCrownUpgraded":8,"The Courier":13,"Letter Opener":2,"MawBank":4,"CaptainsWheel":3,"Bottled Flame":6,"WristBlade":2,"champ:LiftRelic":5,"MealTicket":12},{"Ice Cream":34,"downfall:ShatteredFragment":0,"downfall:HeartBlessingRed":11,"champ:ChampionCrown":0,"champ:ChampionCrownUpgraded":29,"The Courier":43,"Letter Opener":8,"MawBank":15,"CaptainsWheel":11,"Bottled Flame":21,"WristBlade":8,"champ:LiftRelic":17,"MealTicket":40}]},"card_choices":[{"not_picked":["expansioncontent:Torchfire","expansioncontent:Sear"],"picked":"expansioncontent:GoopSpray","floor":0},{"not_picked":["champ:SwordSigil","champ:HeartStrike"],"picked":"champ:FanOfKnives","floor":4},{"not_picked":["champ:GladiatorsShout","champ:Aggression"],"picked":"champ:EndlessRage","floor":5},{"not_picked":["champ:DefensiveShout","champ:CalledShot"],"picked":"champ:BringItOn","floor":8},{"not_picked":["champ:GladiatorsShout","champ:TornadoPunch"],"picked":"champ:Shatter","floor":10},{"not_picked":["champ:Encircle","champ:FalseCounter"],"picked":"champ:BerserkersShout","floor":11},{"not_picked":["champ:RisingSlash","champ:DefensiveShout"],"picked":"champ:SteelEdge","floor":13},{"not_picked":["champ:FightOn","champ:DefensiveShout","champ:Circumvent"],"picked":"SKIP","floor":15},{"not_picked":["champ:HeavySlash","champ:EnchantShield"],"picked":"champ:MurderStrike","floor":16},{"not_picked":["champ:DefensiveShout","champ:EndlessRage"],"picked":"champ:RageSigil","floor":19},{"not_picked":["champ:BerserkersShout","champ:EnragedBash","champ:ArenaPreparation"],"picked":"SKIP","floor":20},{"not_picked":["champ:SkillfulDodge","champ:BerserkersShout","champ:Devastate"],"picked":"SKIP","floor":21},{"not_picked":["champ:RecklessLeap","champ:PerfectedStrike+1"],"picked":"champ:Encircle+1","floor":22},{"not_picked":["champ:EndlessRage","champ:FocusedGladiator"],"picked":"champ:DeathBlow","floor":23}],"player_experience":185969,"relics_obtained":[{"floor":5,"key":"WristBlade"},{"floor":7,"key":"Letter Opener"},{"floor":8,"key":"CaptainsWheel"},{"floor":10,"key":"MawBank"},{"floor":14,"key":"Bottled Flame"},{"floor":19,"key":"Ice Cream"},{"floor":22,"key":"MealTicket"},{"floor":24,"key":"The Courier"}],"event_choices":[],"is_beta":false,"boss_relics":[{"not_picked":["Snecko Eye","Philosopher\u0027s Stone"],"picked":"champ:ChampionCrownUpgraded"}],"items_purged_floors":[13],"is_endless":false,"potions_floor_spawned":[5,8,10,15,21],"killed_by":"Gremlin Leader","ascension_level":2}}