{"host":"r3d3rfw8zyydmocx","time":1608593152,"event":{"mods":["Aspiration","BaseMod","Better Third Choice","Colored Powertips","Conspire","Downfall","Hermit","Highlight Path","Hubris","Minty Spire (QoL Compilation)","StSLib","The Hierophant","The Servant 0.9.4"],"gold_per_floor":[366,252,270,288,188,188,204,232,232,250,250,269,269,269,269,269,269],"floor_reached":16,"playtime":1000,"items_purged":["Parasite"],"score":107,"play_id":"4afbe7c2-7386-422f-b567-3e4c5f85497f","local_time":"20201221152552","is_ascension_mode":true,"campfire_choices":[{"data":"Ghostly","floor":6,"key":"SMITH"},{"data":"GearUp","floor":11,"key":"SMITH"},{"floor":15,"key":"RECALL"}],"circlet_count":0,"master_deck":["Strike_S","Strike_S","Strike_S","Strike_S","Defend_S","Defend_S","Defend_S","Defend_S","KidneyShot","Exchange","Manipulate","SilverBlades","Misdirection","Ghostly+1","GearUp+1","PendulumOfEternity","BottledTime","SilverBlades"],"relics":["Uniform","hubris:TinFlute","hubris:Towel"],"acts_visited":["Exordium"],"potions_floor_usage":[16],"damage_taken":[{"damage":1,"enemies":"Cultist","floor":1,"turns":4},{"damage":17,"enemies":"Jaw Worm","floor":3,"turns":5},{"damage":0,"enemies":"Small Slimes","floor":4,"turns":4},{"damage":5,"enemies":"3 Louse","floor":7,"turns":5},{"damage":19,"enemies":"3 Sentries","floor":8,"turns":15},{"damage":0,"enemies":"Large Slime","floor":10,"turns":12},{"damage":0,"enemies":"conspire:2 RoseBushes","floor":12,"turns":9},{"damage":29,"enemies":"Slime Boss","floor":16,"turns":15}],"seed_played":"6370412781644736799","potions_obtained":[{"floor":1,"key":"SpeedPotion"},{"floor":8,"key":"hexamod:EctoCoolerPotion"}],"is_trial":false,"path_per_floor":["M","$","M","M","?","R","M","E","T","M","R","M","?","?","R","B"],"character_chosen":"THE_SERVANT","items_purchased":["SilverBlades"],"campfire_rested":0,"item_purchase_floors":[2],"current_hp_per_floor":[64,62,45,45,45,45,40,21,21,21,21,21,21,26,26,0,0],"gold":269,"neow_bonus":"TWO_FIFTY_GOLD","is_daily":false,"chose_seed":false,"campfire_upgraded":2,"win_rate":0.0,"timestamp":1608593152,"path_taken":["M","$","M","?","?","R","M","E","T","M","R","M","?","?","R","BOSS"],"items_purchased_type":["Card"],"build_version":"2020-12-13","purchased_purges":1,"victory":false,"max_hp_per_floor":[65,62,62,62,62,62,62,62,62,62,62,62,62,67,67,67,67],"card_choices":[{"not_picked":["GearUp","FanOfKnives"],"picked":"Manipulate","floor":1},{"not_picked":["StarChef","Revamp"],"picked":"Misdirection","floor":3},{"not_picked":["Unruled","Alleviate","StarChef"],"picked":"SKIP","floor":4},{"not_picked":["Spin","Comet"],"picked":"GearUp","floor":7},{"not_picked":["Contraction","Replace"],"picked":"PendulumOfEternity","floor":8},{"not_picked":["Starlight","Revamp"],"picked":"BottledTime","floor":10},{"not_picked":["Defy","Deadline"],"picked":"SilverBlades","floor":12}],"player_experience":530114,"relics_obtained":[{"floor":8,"key":"hubris:TinFlute"}],"event_choices":[{"damage_healed":0,"gold_gain":0,"player_choice":"Argue","damage_taken":0,"max_hp_gain":0,"max_hp_loss":0,"event_name":"conspire:LoneGhost","floor":5,"gold_loss":0},{"damage_healed":0,"gold_gain":0,"player_choice":"Donut","damage_taken":0,"max_hp_gain":5,"max_hp_loss":0,"event_name":"Big Fish","floor":14,"gold_loss":0}],"is_beta":false,"boss_relics":[],"items_purged_floors":[2],"is_endless":false,"potions_floor_spawned":[1,8],"killed_by":"Slime Boss","ascension_level":1}}