{"host":"qvl114e0jmbc6yhm","time":1608588495,"event":{"mods":["Act Like it!","BaseMod","Hermit","Highlight Path","Hubris","Jedi Mod","Marisa????????","Minty Spire (QoL Compilation)","Permanent Neow","Random Character Button","Relic Sorter","Relic Stats","Replay The Spire","Shop Mod","Spicy Shops","StSLib","The Jungle","The Runesmith"],"gold_per_floor":[111,130,143,143,158,158,158,177,200,55,86,103,103,103],"floor_reached":13,"playtime":446,"items_purged":[],"score":148,"play_id":"e84b4c23-f070-42b4-8e7c-8a09e78fa8f6","local_time":"20201221170815","is_ascension_mode":true,"campfire_choices":[{"data":"Flame Barrier","floor":6,"key":"SMITH"}],"circlet_count":0,"master_deck":["AscendersBane","Strike_R","Strike_R","Strike_R","Strike_R","Strike_R","Defend_R","Defend_R","Defend_R","Defend_R","Bash+1","Flame Barrier+1","Replay:Undeath\u0027s Touch","Pummel","jedi:controlledanger","Shockwave","Juggernaut"],"relics":["SacredBark","Bronze Scales","Peace Pipe","Magic Flower"],"acts_visited":["Exordium"],"potions_floor_usage":[11,12],"damage_taken":[{"damage":11,"enemies":"2 Louse","floor":1,"turns":3},{"damage":6,"enemies":"Cultist","floor":2,"turns":4},{"damage":0,"enemies":"Jaw Worm","floor":3,"turns":4},{"damage":3,"enemies":"2 Fungi Beasts","floor":5,"turns":6},{"damage":11,"enemies":"Blue Slaver","floor":8,"turns":4},{"damage":19,"enemies":"Replay:BlueRogue","floor":11,"turns":7},{"damage":11,"enemies":"Gremlin Gang","floor":12,"turns":4},{"damage":10,"enemies":"3 Sentries","floor":13,"turns":2}],"seed_played":"2835485623992662246","potions_obtained":[{"floor":1,"key":"LiquidMemories"},{"floor":3,"key":"SkillPotion"}],"is_trial":false,"path_per_floor":["M","M","M","?","M","R","?","M","T","$","E","M","E"],"character_chosen":"IRONCLAD","items_purchased":["Peace Pipe"],"campfire_rested":0,"item_purchase_floors":[10],"current_hp_per_floor":[57,51,51,51,48,48,48,37,37,37,18,7,0,0],"gold":103,"neow_bonus":"BOSS_RELIC","is_daily":false,"chose_seed":false,"campfire_upgraded":1,"win_rate":0.0,"timestamp":1608588495,"path_taken":["M","M","M","?","?","R","?","M","T","?","E","M","E"],"items_purchased_type":["Relic"],"build_version":"2020-12-13","purchased_purges":0,"victory":false,"max_hp_per_floor":[75,75,75,75,75,75,75,75,75,75,75,75,75,75],"relic_stats":{"Peace Pipe":0,"counters":[8,34],"Bronze Scales":[27],"Magic Flower":[0],"obtain_stats":[{"Peace Pipe":10,"SacredBark":0,"Bronze Scales":9,"Magic Flower":11,"Burning Blood":0},{"Peace Pipe":5,"SacredBark":0,"Bronze Scales":5,"Magic Flower":6,"Burning Blood":0},{"Peace Pipe":21,"SacredBark":0,"Bronze Scales":21,"Magic Flower":28,"Burning Blood":0}]},"card_choices":[{"not_picked":["ReplayTheSpireMod:Strike From Hell","Twin Strike","ReplayTheSpireMod:Corrosion Curse"],"picked":"SKIP","floor":1},{"not_picked":["Clash","Cleave"],"picked":"Flame Barrier","floor":2},{"not_picked":["True Grit","hubris:ReadiedAction"],"picked":"Replay:Undeath\u0027s Touch","floor":3},{"not_picked":["Iron Wave","jedi:hate"],"picked":"Pummel","floor":5},{"not_picked":["Wild Strike","Pummel"],"picked":"Shockwave","floor":8},{"not_picked":["Clothesline","Heavy Blade"],"picked":"Juggernaut","floor":11},{"not_picked":["hubris:ReadiedAction","ReplayTheSpireMod:LeadingStrike","Heavy Blade"],"picked":"SKIP","floor":12}],"player_experience":2378738,"relics_obtained":[{"floor":9,"key":"Bronze Scales"},{"floor":11,"key":"Magic Flower"}],"event_choices":[{"damage_healed":0,"gold_gain":0,"player_choice":"Upgraded","damage_taken":0,"max_hp_gain":0,"max_hp_loss":0,"event_name":"Upgrade Shrine","floor":4,"gold_loss":0,"cards_upgraded":["Bash"]}],"is_beta":false,"boss_relics":[],"items_purged_floors":[],"is_endless":false,"potions_floor_spawned":[1,3],"killed_by":"3 Sentries","ascension_level":14}}