{"host":"30jsp143e4v19aze","time":1608585572,"event":{"mods":["BaseMod","Colored Map","Colored Powertips","Curses Come First","DeckTracker","Highlight Path","Minty Spire (QoL Compilation)","Quick Restart","Relic Stats","StSLib"],"gold_per_floor":[119,194,211,229,249,249,249],"floor_reached":6,"playtime":350,"items_purged":[],"score":65,"play_id":"21bab70a-729b-460c-ab15-c1f0d5b761cd","local_time":"20201221221932","is_ascension_mode":true,"campfire_choices":[],"circlet_count":0,"master_deck":["AscendersBane","Strike_G","Strike_G","Strike_G","Defend_G","Defend_G","Defend_G","Defend_G","Defend_G","Survivor","Neutralize","Finisher","Wraith Form v2","Backflip","Masterful Stab","Calculated Gamble","Blade Dance"],"relics":["Ring of the Snake"],"acts_visited":["Exordium"],"potions_floor_usage":[6],"damage_taken":[{"damage":0,"enemies":"2 Louse","floor":1,"turns":3},{"damage":0,"enemies":"Jaw Worm","floor":3,"turns":6},{"damage":0,"enemies":"Small Slimes","floor":4,"turns":3},{"damage":0,"enemies":"2 Fungi Beasts","floor":5,"turns":4},{"damage":53,"enemies":"Gremlin Nob","floor":6,"turns":4}],"seed_played":"-6807884240199146410","potions_obtained":[{"floor":3,"key":"LiquidBronze"},{"floor":4,"key":"DuplicationPotion"}],"is_trial":false,"path_per_floor":["M","?","M","M","M","E"],"character_chosen":"THE_SILENT","items_purchased":[],"campfire_rested":0,"item_purchase_floors":[],"current_hp_per_floor":[59,48,48,48,48,0,0],"gold":249,"neow_bonus":"TRANSFORM_TWO_CARDS","is_daily":false,"chose_seed":false,"campfire_upgraded":0,"win_rate":0.0,"timestamp":1608585572,"path_taken":["M","?","M","M","M","E"],"items_purchased_type":[],"build_version":"2020-12-13","purchased_purges":0,"victory":false,"max_hp_per_floor":[60,60,60,60,60,60,60],"relic_stats":{"counters":[5,20],"obtain_stats":[{"Ring of the Snake":0},{"Ring of the Snake":0},{"Ring of the Snake":0}],"Ring of the Snake":[10]},"card_choices":[{"not_picked":["Quick Slash","Calculated Gamble"],"picked":"Backflip","floor":1},{"not_picked":["Outmaneuver","Blur"],"picked":"Masterful Stab","floor":3},{"not_picked":["Setup","Dodge and Roll"],"picked":"Calculated Gamble","floor":4},{"not_picked":["Distraction","Endless Agony"],"picked":"Blade Dance","floor":5}],"player_experience":3023803,"relics_obtained":[],"event_choices":[{"damage_healed":0,"gold_gain":75,"player_choice":"Gather Gold","damage_taken":11,"max_hp_gain":0,"max_hp_loss":0,"event_name":"World of Goop","floor":2,"gold_loss":0}],"is_beta":false,"boss_relics":[],"items_purged_floors":[],"is_endless":false,"potions_floor_spawned":[3,4],"killed_by":"Gremlin Nob","ascension_level":14}}