{"host":"0m9qzqwuh9r40nrk","time":1608577228,"event":{"mods":["BaseMod","Downfall","Hermit","Minty Spire (QoL Compilation)","Replay The Spire","StSLib","The Animator","The Cursed","The Servant 0.9.4"],"gold_per_floor":[117,117,117,175,188,221,221,246,246,9,9,9,9,22,22,150,150,171,187,187,203,238,268,268,287,287,287],"floor_reached":26,"playtime":2269,"items_purged":[],"score":226,"play_id":"8e3e2e07-90c5-43f6-915f-2b2c19a7156b","local_time":"20201221110028","daily_mods":["SealedDeck","Purple Cards"],"is_ascension_mode":false,"campfire_choices":[{"floor":7.0,"key":"RECALL"},{"data":"Magnetism","floor":11.0,"key":"SMITH"},{"data":"Seeing Red","floor":15.0,"key":"SMITH"},{"floor":24.0,"key":"REST"}],"circlet_count":0,"master_deck":["Tantrum+1","FearNoEvil","FollowUp+1","Swivel","TalkToTheHand+1","ThirdEye","Iron Wave","FlyingSleeves","Flex+1","BattleHymn","Halt","ConjureBlade","Shrug It Off","Seeing Red+1","Magnetism+1","Sword Boomerang","LessonLearned","Twin Strike","Inflame","Iron Wave","Pummel"],"relics":["Burning Blood","Bloody Idol","Pear","Mark of Pain","Red Mask","Ginger"],"acts_visited":[],"potions_floor_usage":[],"damage_taken":[{"damage":3.0,"enemies":"Jaw Worm","floor":1.0,"turns":2.0},{"damage":0.0,"enemies":"Small Slimes","floor":5.0,"turns":2.0},{"damage":7.0,"enemies":"Gremlin Nob","floor":6.0,"turns":3.0},{"damage":0.0,"enemies":"Cultist","floor":8.0,"turns":2.0},{"damage":8.0,"enemies":"2 Fungi Beasts","floor":14.0,"turns":3.0},{"damage":16.0,"enemies":"Slime Boss","floor":16.0,"turns":6.0},{"damage":0.0,"enemies":"Chosen","floor":18.0,"turns":3.0},{"damage":4.0,"enemies":"3 Byrds","floor":19.0,"turns":4.0},{"damage":42.0,"enemies":"Snake Plant","floor":21.0,"turns":4.0},{"damage":14.0,"enemies":"Masked Bandits","floor":22.0,"turns":4.0},{"damage":26.0,"enemies":"Book of Stabbing","floor":23.0,"turns":4.0},{"damage":18.0,"enemies":"3 Cultists","floor":25.0,"turns":4.0}],"seed_played":"-3670241296994779134","potions_obtained":[{"floor":1.0,"key":"BloodPotion"},{"floor":13.0,"key":"BlessingOfTheForge"},{"floor":13.0,"key":"GamblersBrew"},{"floor":18.0,"key":"EssenceOfSteel"},{"floor":19.0,"key":"ElixirPotion"}],"is_trial":true,"path_per_floor":["M","?","?","?","M","E","R","M","T","$","R","?","?","M","R","B",null,"M","M","?","M","?","E","R","M","T"],"character_chosen":"IRONCLAD","items_purchased":["Seeing Red","Magnetism"],"campfire_rested":1,"item_purchase_floors":[10,10],"current_hp_per_floor":[80,60,44,44,50,59,59,65,65,65,65,65,65,63,63,53,90,90,90,90,77,74,59,86,79,79,79],"gold":287,"neow_bonus":"","is_daily":false,"chose_seed":false,"campfire_upgraded":2,"win_rate":0.0,"timestamp":1608577228,"path_taken":["M","?","?","?","M","E","R","M","T","$","R","?","?","?","R","BOSS","M","M","?","M","?","E","R","M","T"],"items_purchased_type":["Card","Card"],"build_version":"2020-12-13","purchased_purges":0,"victory":false,"max_hp_per_floor":[80,80,80,80,80,90,90,90,90,90,90,90,90,90,90,90,90,90,90,90,90,90,90,90,90,90,90],"card_choices":[{"not_picked":["Consecrate","Adaptation","CrushJoints"],"picked":"SKIP","floor":1.0},{"not_picked":["Flex","Thunderclap"],"picked":"Halt","floor":5.0},{"not_picked":["SignatureMove","Pray"],"picked":"ConjureBlade","floor":6.0},{"not_picked":["Protect","Warcry"],"picked":"Shrug It Off","floor":8.0},{"not_picked":["MentalFortress","Study"],"picked":"Sword Boomerang","floor":14.0},{"not_picked":["Berserk","Exhume"],"picked":"LessonLearned","floor":16.0},{"not_picked":["Armaments","Blood for Blood"],"picked":"Twin Strike","floor":18.0},{"not_picked":["Pray","Headbutt","Clash"],"picked":"SKIP","floor":19.0},{"not_picked":["PathToVictory","Meditate+1"],"picked":"Inflame","floor":21.0},{"not_picked":["True Grit","EmptyFist"],"picked":"Iron Wave","floor":22.0},{"not_picked":["MentalFortress","Dual Wield"],"picked":"Pummel","floor":23.0},{"not_picked":["Indignation","Rupture+1","Thunderclap"],"picked":"SKIP","floor":25.0}],"player_experience":394750,"relics_obtained":[{"floor":6.0,"key":"Pear"},{"floor":22.0,"key":"Red Mask"},{"floor":23.0,"key":"Ginger"}],"event_choices":[{"damage_healed":0.0,"max_hp_gain":0.0,"max_hp_loss":0.0,"gold_gain":0.0,"event_name":"Golden Idol","player_choice":"Take Damage","floor":2.0,"gold_loss":0.0,"damage_taken":20.0,"relics_obtained":["Golden Idol"]},{"damage_healed":0.0,"max_hp_gain":0.0,"max_hp_loss":0.0,"gold_gain":0.0,"event_name":"Shining Light","player_choice":"Entered Light","floor":3.0,"gold_loss":0.0,"damage_taken":16.0,"cards_upgraded":["FollowUp","Flex"]},{"damage_healed":0.0,"max_hp_gain":0.0,"max_hp_loss":0.0,"gold_gain":58.0,"event_name":"Golden Wing","player_choice":"Gained Gold","floor":4.0,"gold_loss":0.0,"damage_taken":0.0},{"damage_healed":0.0,"max_hp_gain":0.0,"max_hp_loss":0.0,"gold_gain":0.0,"event_name":"Liars Game","player_choice":"Ignored","floor":12.0,"gold_loss":0.0,"damage_taken":0.0},{"damage_healed":0.0,"max_hp_gain":0.0,"max_hp_loss":0.0,"gold_gain":0.0,"event_name":"Lab","player_choice":"Got Potions","floor":13.0,"gold_loss":0.0,"damage_taken":0.0},{"damage_healed":0.0,"max_hp_gain":0.0,"max_hp_loss":0.0,"gold_gain":0.0,"event_name":"Forgotten Altar","player_choice":"Gave Idol","floor":20.0,"relics_lost":["Golden Idol"],"gold_loss":0.0,"damage_taken":0.0,"relics_obtained":["Bloody Idol"]},{"damage_healed":0.0,"max_hp_gain":0.0,"max_hp_loss":0.0,"gold_gain":0.0,"event_name":"Masked Bandits","player_choice":"Fought Bandits","floor":22.0,"gold_loss":0.0,"damage_taken":0.0}],"is_beta":false,"boss_relics":[{"not_picked":["Empty Cage","Astrolabe"],"picked":"Mark of Pain"}],"items_purged_floors":[],"is_endless":false,"potions_floor_spawned":[1,14,18,19],"ascension_level":0}}