{"host":"2e3z4r48quhw80cc","time":1608548388,"event":{"mods":["BaseMod","Minty Spire (QoL Compilation)","Quick Restart","StSLib","SuperFastMode"],"gold_per_floor":[118,118,118,15,40,73,84,84,84,84,110,123,123,123,123,221,221,236,236,161,260,273,273,273,273,296,296,309,309,340,354,354,451,501,512,512,187,205,220,220,252,252,305,305,315,346,24,43,43,43],"floor_reached":51,"playtime":1451,"items_purged":["Defend_G","Strike_G"],"score":986,"play_id":"b18031a1-5d0e-423b-94d7-fdb13091cca1","local_time":"20201221195948","is_ascension_mode":true,"campfire_choices":[{"data":"Noxious Fumes","floor":8.0,"key":"SMITH"},{"data":"Bouncing Flask","floor":10.0,"key":"SMITH"},{"data":"Neutralize","floor":15.0,"key":"SMITH"},{"data":"Accuracy","floor":23.0,"key":"SMITH"},{"data":"Cloak And Dagger","floor":25.0,"key":"SMITH"},{"data":"Adrenaline","floor":29.0,"key":"SMITH"},{"data":"Setup","floor":32.0,"key":"SMITH"},{"data":"After Image","floor":40.0,"key":"SMITH"},{"data":"Choke","floor":42.0,"key":"SMITH"},{"floor":44.0,"key":"REST"},{"data":"Well Laid Plans","floor":49.0,"key":"SMITH"}],"circlet_count":0,"master_deck":["Strike_G","Defend_G+1","Defend_G","Defend_G+1","Survivor","Neutralize+1","All Out Attack","Noxious Fumes+1","Blade Dance","Bouncing Flask+1","Flying Knee","Cloak And Dagger+1","Accuracy+1","PiercingWail","Adrenaline+1","Backflip","Leg Sweep+1","Crippling Poison","Setup+1","After Image+1","Blur+1","Cloak And Dagger+1","Choke+1","Footwork+1","Catalyst","Well Laid Plans+1"],"relics":["Ring of the Snake","NeowsBlessing","PreservedInsect","Anchor","Dream Catcher","Omamori","Sozu","Letter Opener","Matryoshka","Snake Skull","Boot","Toy Ornithopter","Tiny House","Singing Bowl","Regal Pillow","Happy Flower","Bag of Preparation","Pantograph","Strange Spoon"],"acts_visited":["Exordium","TheCity","TheBeyond"],"potions_floor_usage":[50],"damage_taken":[{"damage":0.0,"enemies":"2 Louse","floor":1.0,"turns":1.0},{"damage":0.0,"enemies":"Gremlin Nob","floor":6.0,"turns":1.0},{"damage":0.0,"enemies":"Small Slimes","floor":7.0,"turns":1.0},{"damage":8.0,"enemies":"3 Sentries","floor":11.0,"turns":6.0},{"damage":0.0,"enemies":"Jaw Worm","floor":12.0,"turns":2.0},{"damage":11.0,"enemies":"The Guardian","floor":16.0,"turns":9.0},{"damage":2.0,"enemies":"2 Thieves","floor":18.0,"turns":4.0},{"damage":0.0,"enemies":"Chosen","floor":22.0,"turns":4.0},{"damage":5.0,"enemies":"Snake Plant","floor":28.0,"turns":3.0},{"damage":13.0,"enemies":"Slavers","floor":30.0,"turns":3.0},{"damage":1.0,"enemies":"Cultist and Chosen","floor":31.0,"turns":4.0},{"damage":21.0,"enemies":"Collector","floor":33.0,"turns":7.0},{"damage":0.0,"enemies":"Orb Walker","floor":35.0,"turns":3.0},{"damage":2.0,"enemies":"3 Shapes","floor":38.0,"turns":5.0},{"damage":0.0,"enemies":"Transient","floor":39.0,"turns":5.0},{"damage":1.0,"enemies":"Giant Head","floor":41.0,"turns":6.0},{"damage":0.0,"enemies":"Maw","floor":45.0,"turns":6.0},{"damage":0.0,"enemies":"Nemesis","floor":46.0,"turns":8.0},{"damage":0.0,"enemies":"Sphere and 2 Shapes","floor":48.0,"turns":4.0},{"damage":25,"enemies":"Donu and Deca","floor":50,"turns":10}],"seed_played":"-2916753306759731643","potions_obtained":[{"floor":1.0,"key":"Swift Potion"},{"floor":7.0,"key":"Energy Potion"},{"floor":16.0,"key":"DuplicationPotion"}],"is_trial":false,"path_per_floor":["M","?","?","$","T","E","M","R","T","R","E","M","?","$","R","B",null,"M","?","?","?","M","R","T","R","T","?","M","R","E","M","R","B",null,"M","?","$","M","M","R","E","R","T","R","M","E","$","M","R","B",null],"character_chosen":"THE_SILENT","items_purchased":["Noxious Fumes","Blade Dance","Singing Bowl","Well Laid Plans","Strange Spoon"],"campfire_rested":1,"item_purchase_floors":[4,4,37,47,47],"current_hp_per_floor":[70,75,60,60,60,60,60,60,60,60,52,52,52,52,52,41,67,65,65,65,65,65,65,65,65,65,65,60,60,47,46,46,30,69,69,69,69,67,69,69,68,68,68,82,84,84,84,86,86,61],"gold":43,"neow_bonus":"THREE_ENEMY_KILL","is_daily":false,"chose_seed":false,"campfire_upgraded":10,"win_rate":0.0,"timestamp":1608548388,"path_taken":["M","?","?","?","?","E","M","R","T","R","E","M","?","$","R","BOSS","M","?","?","?","?","R","?","R","T","?","M","R","E","M","R","BOSS","M","?","$","M","M","R","E","R","T","R","M","E","$","M","R","BOSS"],"items_purchased_type":["Card","Card","Relic","Card","Relic"],"build_version":"2020-12-13","purchased_purges":2,"victory":true,"max_hp_per_floor":[70,75,75,75,75,75,75,75,75,75,75,75,75,75,75,75,75,75,75,75,75,75,75,75,75,75,75,75,75,75,75,75,75,80,80,80,80,80,82,82,82,82,82,82,84,84,84,86,86,86],"card_choices":[{"not_picked":["Tactician","Calculated Gamble"],"picked":"All Out Attack","floor":1.0},{"not_picked":["Quick Slash","Heel Hook"],"picked":"Bouncing Flask","floor":6.0},{"not_picked":["Acrobatics","Dodge and Roll"],"picked":"Flying Knee","floor":7.0},{"not_picked":["Expertise","Poisoned Stab"],"picked":"Cloak And Dagger","floor":11.0},{"not_picked":["Terror","Acrobatics"],"picked":"Accuracy","floor":12.0},{"not_picked":["Die Die Die","Wraith Form v2"],"picked":"Adrenaline","floor":16.0},{"not_picked":["Dagger Spray","Distraction","Prepared"],"picked":"SKIP","floor":18.0},{"not_picked":["Sucker Punch","Outmaneuver","Caltrops"],"picked":"SKIP","floor":22.0},{"not_picked":["PiercingWail","Underhanded Strike+1"],"picked":"Leg Sweep+1","floor":28.0},{"not_picked":["Eviscerate","Leg Sweep"],"picked":"Crippling Poison","floor":30.0},{"not_picked":["Backflip+1","Deflect"],"picked":"Setup","floor":31.0},{"not_picked":["Adrenaline","A Thousand Cuts"],"picked":"After Image","floor":33.0},{"not_picked":["Deflect+1","Prepared+1"],"picked":"Blur+1","floor":34.0},{"not_picked":["Quick Slash+1","Distraction","Expertise"],"picked":"SKIP","floor":35.0},{"not_picked":["All Out Attack+1","Masterful Stab"],"picked":"Cloak And Dagger+1","floor":38.0},{"not_picked":["Dodge and Roll+1","Tactician","Dash+1"],"picked":"Singing Bowl","floor":39.0},{"not_picked":["Dodge and Roll","Underhanded Strike+1"],"picked":"Choke","floor":41.0},{"not_picked":["Concentrate","Endless Agony"],"picked":"Footwork+1","floor":44.0},{"not_picked":["Outmaneuver","Die Die Die","Bane+1"],"picked":"Singing Bowl","floor":45.0},{"not_picked":["Riddle With Holes+1","Finisher"],"picked":"Catalyst","floor":46.0},{"not_picked":["Concentrate","Backflip","Setup"],"picked":"Singing Bowl","floor":48.0}],"player_experience":71539,"relics_obtained":[{"floor":5.0,"key":"PreservedInsect"},{"floor":6.0,"key":"Anchor"},{"floor":9.0,"key":"Dream Catcher"},{"floor":11.0,"key":"Omamori"},{"floor":24.0,"key":"Matryoshka"},{"floor":26.0,"key":"Snake Skull"},{"floor":26.0,"key":"Boot"},{"floor":30.0,"key":"Toy Ornithopter"},{"floor":41.0,"key":"Regal Pillow"},{"floor":43.0,"key":"Happy Flower"},{"floor":43.0,"key":"Bag of Preparation"},{"floor":46.0,"key":"Pantograph"}],"event_choices":[{"damage_healed":0.0,"max_hp_gain":5.0,"max_hp_loss":0.0,"gold_gain":0.0,"event_name":"Big Fish","player_choice":"Donut","floor":2.0,"gold_loss":0.0,"damage_taken":0.0},{"damage_healed":0.0,"max_hp_gain":0.0,"max_hp_loss":0.0,"gold_gain":0.0,"event_name":"Shining Light","player_choice":"Entered Light","floor":3.0,"gold_loss":0.0,"damage_taken":15.0,"cards_upgraded":["Defend_G","Defend_G"]},{"damage_healed":0.0,"max_hp_gain":0.0,"max_hp_loss":0.0,"gold_gain":0.0,"cards_transformed":["Strike_G"],"event_name":"Living Wall","player_choice":"Change","floor":13.0,"gold_loss":0.0,"damage_taken":0.0,"cards_obtained":["PiercingWail"]},{"damage_healed":0.0,"max_hp_gain":0.0,"max_hp_loss":0.0,"gold_gain":0.0,"event_name":"Addict","player_choice":"Stole Relic","floor":19.0,"gold_loss":0.0,"damage_taken":0.0,"relics_obtained":["Letter Opener"],"cards_obtained":["Shame"]},{"cards_removed":["Strike_G"],"damage_healed":0.0,"max_hp_gain":0.0,"max_hp_loss":0.0,"gold_gain":0.0,"event_name":"Beggar","player_choice":"Gave Gold","floor":20.0,"gold_loss":75.0,"damage_taken":0.0},{"damage_healed":0.0,"max_hp_gain":0.0,"max_hp_loss":0.0,"gold_gain":99.0,"event_name":"Nest","player_choice":"Stole From Cult","floor":21.0,"gold_loss":0.0,"damage_taken":0.0},{"damage_healed":0.0,"max_hp_gain":0.0,"max_hp_loss":0.0,"gold_gain":0.0,"cards_transformed":["Strike_G"],"event_name":"Transmorgrifier","player_choice":"Transformed","floor":27.0,"gold_loss":0.0,"damage_taken":0.0,"cards_obtained":["Backflip"]},{"cards_removed":["Defend_G"],"damage_healed":0.0,"max_hp_gain":0.0,"max_hp_loss":0.0,"gold_gain":0.0,"event_name":"Falling","player_choice":"Removed Skill","floor":36.0,"gold_loss":0.0,"damage_taken":0.0}],"is_beta":false,"boss_relics":[{"not_picked":["Fusion Hammer","Ring of the Serpent"],"picked":"Sozu"},{"not_picked":["Runic Pyramid","Snecko Eye"],"picked":"Tiny House"}],"items_purged_floors":[37,47],"is_endless":false,"potions_floor_spawned":[1,7,16,28,31,33,35,46],"ascension_level":5}}