{"host":"h78e02h09yhg9y5r","time":1608519611,"event":{"mods":["ATMod(阿瑾Mod)","AchievementEnabler","Act Like it!","Aspiration","BaseMod","BetterRewards","Dota2Spire","Downfall","Hermit","KinomotoSakuraMod(木之本樱)","Minty Spire (QoL Compilation)","MostiFishMod","RumiaBox-露米娅的神秘盒子","Shop Mod","Spicy Shops","StSLib","The Runesmith","TheWitcher","【功能Mod】混沌之环修复补丁"],"gold_per_floor":[112,112,127,141,141,131,131],"floor_reached":6,"playtime":213,"items_purged":[],"score":72,"play_id":"5e4da102-8e52-4fd0-b00e-9786553cdd96","local_time":"20201221110011","is_ascension_mode":true,"campfire_choices":[],"circlet_count":0,"master_deck":["AscendersBane","Strike_R","Strike_R","Strike_R","Strike_R","Strike_R","Defend_R","Defend_R","Defend_R","Defend_R","Bash","AT_EmpoweredMortalDraw","Feed","Rampage","Injury"],"relics":["Burning Blood","DaveBox","AT_ATBox","NeowsBlessing","NightmareShop","Question Card","Golden Idol"],"acts_visited":["Exordium"],"potions_floor_usage":[],"damage_taken":[{"damage":0,"enemies":"Jaw Worm","floor":1,"turns":1},{"damage":0,"enemies":"Cultist","floor":3,"turns":1},{"damage":0,"enemies":"Small Slimes","floor":4,"turns":1},{"damage":53,"enemies":"Lagavulin","floor":6,"turns":6}],"seed_played":"-6148398950406561120","potions_obtained":[],"is_trial":false,"path_per_floor":["M","?","M","M","?","E"],"character_chosen":"IRONCLAD","items_purchased":[],"campfire_rested":0,"item_purchase_floors":[],"current_hp_per_floor":[74,74,75,75,75,22,22],"gold":131,"neow_bonus":"THREE_ENEMY_KILL","is_daily":false,"chose_seed":false,"campfire_upgraded":0,"win_rate":0.0,"timestamp":1608519611,"path_taken":["M","?","M","?","?","E"],"items_purchased_type":[],"build_version":"2020-12-13","purchased_purges":0,"victory":false,"max_hp_per_floor":[75,75,75,75,75,75,75],"card_choices":[{"not_picked":["Anger","Feel No Pain","Evolve"],"picked":"SKIP","floor":1},{"not_picked":["Warcry","MostiFishMod:BrandingRite","Iron Wave"],"picked":"Rampage","floor":3},{"not_picked":["AT_IchimonjiDouble","Fire Breathing","Second Wind","Pommel Strike"],"picked":"SKIP","floor":4}],"player_experience":528533,"relics_obtained":[{"floor":1,"key":"Question Card"}],"event_choices":[{"damage_healed":0,"gold_gain":0,"player_choice":"1 cards matched","damage_taken":0,"max_hp_gain":0,"max_hp_loss":0,"event_name":"Match and Keep!","floor":2,"gold_loss":0,"cards_obtained":["Feed"]},{"damage_healed":0,"gold_gain":0,"player_choice":"Take Wound","damage_taken":0,"relics_obtained":["Golden Idol"],"max_hp_gain":0,"max_hp_loss":0,"event_name":"Golden Idol","floor":5,"gold_loss":0,"cards_obtained":["Injury"]}],"is_beta":false,"boss_relics":[],"items_purged_floors":[],"is_endless":false,"potions_floor_spawned":[],"killed_by":"Lagavulin","ascension_level":20}}