{"host":"87fdiiwflhrwsj8a","time":1608588557,"event":{"mods":["Aspiration","BaseMod","Better Match","Better Third Choice","BetterRewards","Colored Map","Downfall","GifTheSpireLib","Infinite Spire","Minty Spire (QoL Compilation)","Relic Sorter","Replay The Spire","Robot Space Explorer","StSLib","Stuff the Spire","The Cursed"],"gold_per_floor":[116,116,134,134,134,134,174,174,174,174,218,93,4,18,18,18,18],"floor_reached":16,"playtime":454,"items_purged":[],"score":212,"play_id":"bb6ec9f8-42c2-4607-b77b-e05e34c33782","local_time":"20201221170917","is_ascension_mode":true,"campfire_choices":[{"data":"Bash","floor":6.0,"key":"SMITH"},{"floor":10.0,"key":"REST"},{"floor":15,"key":"REST"}],"circlet_count":0,"master_deck":["AscendersBane","Strike_R","Strike_R","Strike_R","Strike_R","Strike_R","Defend_R+1","Defend_R","Defend_R","Defend_R","Bash+1","Iron Wave","Flame Barrier","Perfected Strike","Corruption+1","StuffTheSpire:TitanForm+1","Juggernaut+1","Sentinel","Sentinel"],"relics":["Burning Blood","aspiration:DSix","Golden Idol","Paper Frog","Replay:Towering Pillar of Hats","infinitespire:Bottled Soul","Bag of Preparation"],"acts_visited":["Exordium"],"potions_floor_usage":[],"damage_taken":[{"damage":7.0,"enemies":"Jaw Worm","floor":1.0,"turns":3.0},{"damage":5.0,"enemies":"2 Louse","floor":3.0,"turns":3.0},{"damage":29.0,"enemies":"Lagavulin","floor":7.0,"turns":8.0},{"damage":33.0,"enemies":"3 Sentries","floor":11.0,"turns":13.0},{"damage":0,"enemies":"Small Slimes","floor":14,"turns":3},{"damage":51,"enemies":"Slime Boss","floor":16,"turns":6}],"seed_played":"6315435583337578525","potions_obtained":[{"floor":1.0,"key":"AttackPotion"}],"is_trial":false,"path_per_floor":["M","?","M","?","?","R","E","T","T","R","E","?","$","M","R","B"],"character_chosen":"IRONCLAD","items_purchased":["Sentinel"],"campfire_rested":2,"item_purchase_floors":[13],"current_hp_per_floor":[67,67,68,42,42,42,19,19,19,41,14,14,14,20,42,0,0],"gold":18,"neow_bonus":"DSIX","is_daily":false,"chose_seed":false,"campfire_upgraded":1,"win_rate":0.0,"timestamp":1608588557,"path_taken":["M","?","M","?","?","R","E","?","T","R","E","?","$","M","R","BOSS"],"items_purchased_type":["Card"],"build_version":"2020-12-13","purchased_purges":0,"victory":false,"max_hp_per_floor":[75,75,75,75,75,75,75,75,75,75,75,75,75,75,75,75,75],"card_choices":[{"not_picked":["Thunderclap","StuffTheSpire:RagingBull"],"picked":"Iron Wave","floor":1.0},{"not_picked":["Flex","Anger"],"picked":"Flame Barrier","floor":3.0},{"not_picked":["Demonic Infusion","Dark Embrace","Clash"],"picked":"SKIP","floor":7.0},{"not_picked":["Combust","StuffTheSpire:Pyroclast"],"picked":"Perfected Strike","floor":11.0},{"not_picked":["Demon Form+1","Exhume+1"],"picked":"Corruption+1","floor":12},{"not_picked":["Reaper+1","Demonic Infusion+1"],"picked":"StuffTheSpire:TitanForm+1","floor":12},{"not_picked":["Replay:Many Hands+1","Reaper+1"],"picked":"Juggernaut+1","floor":12},{"not_picked":["ReplayTheSpireMod:Corrosion Curse","Feel No Pain"],"picked":"Sentinel","floor":14}],"player_experience":2613035,"relics_obtained":[{"floor":5.0,"key":"Paper Frog"},{"floor":7.0,"key":"Replay:Towering Pillar of Hats"},{"floor":9.0,"key":"infinitespire:Bottled Soul"},{"floor":11.0,"key":"Bag of Preparation"}],"event_choices":[{"damage_healed":0.0,"max_hp_gain":0.0,"max_hp_loss":0.0,"gold_gain":0.0,"event_name":"Golden Idol","player_choice":"Take Damage","floor":4.0,"gold_loss":0.0,"damage_taken":26.0,"relics_obtained":["Golden Idol"]},{"damage_healed":0,"gold_gain":0,"player_choice":"3","damage_taken":0,"max_hp_gain":0,"max_hp_loss":0,"event_name":"betterMatch:BetterMatch","floor":12,"gold_loss":0,"cards_obtained":["betterMatch:RareCard"]}],"is_beta":false,"boss_relics":[],"items_purged_floors":[],"is_endless":false,"potions_floor_spawned":[1],"killed_by":"Slime Boss","ascension_level":20}}