{"host":"zxkjcgzis4pm3za5","time":1608577537,"event":{"mods":["AchievementEnabler","BaseMod","Colored Map","Colored Powertips","Minty Spire (QoL Compilation)","Quick Restart","RNG Fix","Random Character Button","StSLib"],"gold_per_floor":[113,113,124,136,156,156,191,208,208,232,267,267,267,278,278,278,278],"floor_reached":16,"playtime":519,"items_purged":[],"score":162,"play_id":"47389bee-c8b2-4a09-964f-451aa9f2ce34","local_time":"20201222003537","is_ascension_mode":true,"campfire_choices":[{"data":"Perfected Strike","floor":6.0,"key":"SMITH"},{"data":"Demon Form","floor":15,"key":"SMITH"}],"circlet_count":0,"master_deck":["Strike_R","Strike_R","Strike_R","Strike_R","Strike_R","Defend_R","Defend_R","Defend_R","Defend_R","Bash","Headbutt","Perfected Strike+1","Pommel Strike","Armaments","Pommel Strike","Perfected Strike","Demon Form+1","Cleave"],"relics":["Burning Blood","Question Card","Incense Burner","Odd Mushroom","InkBottle"],"acts_visited":["Exordium"],"potions_floor_usage":[16,16],"damage_taken":[{"damage":6.0,"enemies":"Cultist","floor":1.0,"turns":3.0},{"damage":0.0,"enemies":"2 Louse","floor":3.0,"turns":3.0},{"damage":7.0,"enemies":"Small Slimes","floor":4.0,"turns":3.0},{"damage":51.0,"enemies":"Exordium Thugs","floor":5.0,"turns":6.0},{"damage":20.0,"enemies":"Lagavulin","floor":7.0,"turns":6.0},{"damage":5.0,"enemies":"Gremlin Gang","floor":8.0,"turns":5.0},{"damage":11,"enemies":"The Mushroom Lair","floor":10,"turns":5},{"damage":8,"enemies":"Gremlin Nob","floor":11,"turns":3},{"damage":2,"enemies":"2 Fungi Beasts","floor":14,"turns":3},{"damage":45,"enemies":"The Guardian","floor":16,"turns":8}],"seed_played":"-2743798613762836884","potions_obtained":[{"floor":5.0,"key":"DuplicationPotion"},{"floor":7.0,"key":"SneckoOil"},{"floor":8.0,"key":"GamblersBrew"},{"floor":10,"key":"Regen Potion"},{"floor":14,"key":"SpeedPotion"}],"is_trial":false,"path_per_floor":["M","?","M","M","M","R","E","M","T","?","E","T","$","M","R","B"],"character_chosen":"IRONCLAD","items_purchased":[],"campfire_rested":0,"item_purchase_floors":[],"current_hp_per_floor":[80,80,86,85,40,40,26,27,27,22,20,20,20,24,24,0,0],"gold":278,"neow_bonus":"TEN_PERCENT_HP_BONUS","is_daily":false,"chose_seed":false,"campfire_upgraded":2,"win_rate":0.0,"timestamp":1608577537,"path_taken":["M","?","M","M","?","R","E","M","T","?","E","?","$","M","R","BOSS"],"items_purchased_type":[],"build_version":"2020-12-13","purchased_purges":0,"victory":false,"max_hp_per_floor":[88,88,88,88,88,88,88,88,88,88,88,88,88,88,88,88,88],"card_choices":[{"not_picked":["Iron Wave","Dropkick"],"picked":"Headbutt","floor":1.0},{"not_picked":["Warcry","Second Wind"],"picked":"Perfected Strike","floor":3.0},{"not_picked":["Sword Boomerang","Shockwave"],"picked":"Pommel Strike","floor":4.0},{"not_picked":["Body Slam","Brutality","Heavy Blade"],"picked":"SKIP","floor":5.0},{"not_picked":["Warcry","Iron Wave"],"picked":"Armaments","floor":7.0},{"not_picked":["Heavy Blade","Cleave","Shrug It Off"],"picked":"Pommel Strike","floor":8.0},{"not_picked":["Corruption","Cleave","Twin Strike"],"picked":"Perfected Strike","floor":10},{"not_picked":["Power Through","Body Slam","Sword Boomerang"],"picked":"Demon Form","floor":11},{"not_picked":["Blood for Blood","Evolve","Thunderclap"],"picked":"Cleave","floor":14}],"player_experience":125320,"relics_obtained":[{"floor":7.0,"key":"Question Card"},{"floor":9.0,"key":"Incense Burner"},{"floor":10,"key":"Odd Mushroom"},{"floor":11,"key":"InkBottle"}],"event_choices":[{"damage_healed":0.0,"max_hp_gain":0.0,"max_hp_loss":0.0,"gold_gain":0.0,"event_name":"Liars Game","player_choice":"Ignored","floor":2.0,"gold_loss":0.0,"damage_taken":0.0},{"damage_healed":0,"gold_gain":0,"player_choice":"Fought Mushrooms","damage_taken":0,"max_hp_gain":0,"max_hp_loss":0,"event_name":"Mushrooms","floor":10,"gold_loss":0}],"is_beta":false,"boss_relics":[],"items_purged_floors":[],"is_endless":false,"potions_floor_spawned":[5,7,8,10,14],"killed_by":"The Guardian","ascension_level":9}}