{"host":"kjehzzhcyp0nyrrl","time":1608567569,"event":{"mods":["AchievementEnabler","BaseMod","Custom Start","Hermit","Keyboard Shortcuts","Koishi","Minty Spire (QoL Compilation)","StSLib","SuperFastMode","The Dragon Tamer","The Gatherer","everything is the same but u backflip on backflip"],"gold_per_floor":[116,41,41,41,41,41,61,77,103,103,123,23,43,54,54,151,151,170,184,384,398,413,441,441,366,366,366,376,376,386,190,190,291,291,308,308,308,326,176,176,28,28,28,28,41,52,0,19,19,19,19,19,19,44,44,44],"floor_reached":55,"playtime":1452,"items_purged":["Strike_R","Pain","Strike_R","Battle Trance"],"score":818,"play_id":"94a33a9c-fd21-4b9d-a988-dc24c78a9124","local_time":"20201222011929","is_ascension_mode":true,"campfire_choices":[{"data":"Searing Blow","floor":6.0,"key":"SMITH"},{"data":"Searing Blow+1","floor":10.0,"key":"SMITH"},{"data":"Searing Blow+2","floor":15.0,"key":"SMITH"},{"data":"Searing Blow+3","floor":27.0,"key":"SMITH"},{"data":"Armaments","floor":32.0,"key":"SMITH"},{"floor":40.0,"key":"RECALL"},{"data":"Searing Blow+4","floor":42.0,"key":"SMITH"},{"data":"Rampage","floor":44.0,"key":"SMITH"},{"data":"Rage","floor":49.0,"key":"SMITH"},{"data":"Searing Blow+5","floor":52.0,"key":"SMITH"}],"circlet_count":0,"master_deck":["Defend_R","Defend_R","Defend_R","Bash","Rage+1","Pommel Strike","Searing Blow+6","Armaments+1","Burning Pact","Uppercut","Rampage+1","Double Tap","Barricade","Blood for Blood","Shrug It Off+1"],"relics":["Burning Blood","WarpedTongs","Pantograph","Snecko Eye","Darkstone Periapt","Pear","Ornamental Fan","Busted Crown","Pocketwatch","TheAbacus","Sundial","Red Mask","Bottled Lightning"],"acts_visited":["Exordium","TheCity","TheBeyond","TheEnding"],"potions_floor_usage":[],"damage_taken":[{"damage":8.0,"enemies":"Jaw Worm","floor":1.0,"turns":5.0},{"damage":3.0,"enemies":"Cultist","floor":7.0,"turns":2.0},{"damage":1.0,"enemies":"2 Louse","floor":8.0,"turns":2.0},{"damage":12.0,"enemies":"Gremlin Gang","floor":11.0,"turns":6.0},{"damage":0.0,"enemies":"Large Slime","floor":13.0,"turns":2.0},{"damage":3.0,"enemies":"2 Fungi Beasts","floor":14.0,"turns":2.0},{"damage":59.0,"enemies":"Hexaghost","floor":16.0,"turns":8.0},{"damage":8.0,"enemies":"2 Thieves","floor":18.0,"turns":3.0},{"damage":0.0,"enemies":"Chosen","floor":19.0,"turns":3.0},{"damage":6.0,"enemies":"Snake Plant","floor":21.0,"turns":3.0},{"damage":16.0,"enemies":"Sentry and Sphere","floor":22.0,"turns":4.0},{"damage":36.0,"enemies":"Slavers","floor":23.0,"turns":7.0},{"damage":7.0,"enemies":"Centurion and Healer","floor":28.0,"turns":4.0},{"damage":7.0,"enemies":"Cultist and Chosen","floor":30.0,"turns":3.0},{"damage":6.0,"enemies":"Champ","floor":33.0,"turns":5.0},{"damage":43.0,"enemies":"3 Darklings","floor":35.0,"turns":5.0},{"damage":7.0,"enemies":"3 Shapes","floor":38.0,"turns":5.0},{"damage":6.0,"enemies":"Jaw Worm Horde","floor":45.0,"turns":4.0},{"damage":0.0,"enemies":"Writhing Mass","floor":46.0,"turns":2.0},{"damage":0.0,"enemies":"Transient","floor":48.0,"turns":5.0},{"damage":33.0,"enemies":"Time Eater","floor":50.0,"turns":6.0},{"damage":80,"enemies":"Shield and Spear","floor":54,"turns":5},{"damage":86,"enemies":"The Heart","floor":55,"turns":3}],"seed_played":"191957842585653026","potions_obtained":[{"floor":8.0,"key":"AttackPotion"},{"floor":13.0,"key":"Ancient Potion"},{"floor":16.0,"key":"AttackPotion"},{"floor":19.0,"key":"Strength Potion"},{"floor":23.0,"key":"Block Potion"},{"floor":35.0,"key":"FairyPotion"}],"is_trial":false,"path_per_floor":["M","$","?","$","?","R","M","M","T","R","M","$","M","M","R","B",null,"M","M","?","M","M","E","?","?","T","R","M","T","M","$","R","B",null,"M","?","T","M","$","R","$","R","T","R","M","M","?","M","R","B",null,"R","$","E","B"],"character_chosen":"IRONCLAD","items_purchased":["Battle Trance","TheAbacus"],"campfire_rested":0,"item_purchase_floors":[31,41],"current_hp_per_floor":[70,70,70,70,67,67,70,72,72,72,66,66,72,72,72,19,59,57,63,63,63,53,23,23,23,33,33,32,32,31,31,31,56,76,39,39,39,38,38,38,38,38,38,38,38,44,44,50,50,48,71,71,71,20,0,0],"gold":44,"neow_bonus":"TRANSFORM_TWO_CARDS","is_daily":false,"chose_seed":false,"campfire_upgraded":9,"win_rate":0.0,"timestamp":1608567569,"path_taken":["M","$","?","?","?","R","M","M","T","R","M","$","M","M","R","BOSS","M","M","?","M","?","E","?","?","T","R","M","?","?","$","R","BOSS","M","?","?","M","?","R","$","R","T","R","M","M","?","M","R","BOSS","R","$","E","BOSS"],"items_purchased_type":["Card","Relic"],"build_version":"2020-12-13","purchased_purges":4,"victory":false,"max_hp_per_floor":[72,72,72,72,72,72,72,72,72,72,72,72,72,72,72,72,72,72,72,72,72,72,72,72,72,82,82,82,82,82,82,82,82,82,82,78,78,78,78,78,78,78,78,78,78,78,78,78,78,78,78,78,78,78,78,78],"card_choices":[{"not_picked":["Anger","Power Through"],"picked":"Searing Blow","floor":1.0},{"not_picked":["Clothesline","Headbutt"],"picked":"Armaments","floor":7.0},{"not_picked":["Sword Boomerang","Havoc","Power Through"],"picked":"SKIP","floor":8.0},{"not_picked":["Cleave","Armaments"],"picked":"Burning Pact","floor":11.0},{"not_picked":["Rupture","Feel No Pain"],"picked":"Uppercut","floor":13.0},{"not_picked":["Burning Pact","Power Through"],"picked":"Rampage","floor":14.0},{"not_picked":["Impervious","Demon Form"],"picked":"Double Tap","floor":16.0},{"not_picked":["Perfected Strike+1","Dual Wield","Flex+1"],"picked":"SKIP","floor":18.0},{"not_picked":["Clash+1","Pummel","Body Slam+1"],"picked":"SKIP","floor":19.0},{"not_picked":["Flex","Iron Wave","Havoc"],"picked":"SKIP","floor":21.0},{"not_picked":["Pommel Strike+1","Twin Strike","Reckless Charge+1"],"picked":"SKIP","floor":22.0},{"not_picked":["Warcry+1","Anger","Heavy Blade"],"picked":"SKIP","floor":23.0},{"not_picked":["Bloodletting+1","Shockwave","Heavy Blade+1"],"picked":"SKIP","floor":28.0},{"not_picked":["Thunderclap","Clash","Headbutt"],"picked":"SKIP","floor":30.0},{"not_picked":["Corruption","Offering"],"picked":"Barricade","floor":33.0},{"not_picked":[],"picked":"Blood for Blood","floor":35.0},{"not_picked":["Reckless Charge+1"],"picked":"SKIP","floor":38.0},{"not_picked":["Bloodletting+1"],"picked":"SKIP","floor":45.0},{"not_picked":["Armaments"],"picked":"SKIP","floor":46.0},{"not_picked":[],"picked":"Shrug It Off+1","floor":48.0},{"not_picked":["Twin Strike+1"],"picked":"SKIP","floor":54}],"player_experience":374774,"relics_obtained":[{"floor":23.0,"key":"Darkstone Periapt"},{"floor":26.0,"key":"Pear"},{"floor":29.0,"key":"Ornamental Fan"},{"floor":37.0,"key":"Pocketwatch"},{"floor":43.0,"key":"Sundial"},{"floor":54,"key":"Bottled Lightning"}],"event_choices":[{"damage_healed":0.0,"max_hp_gain":0.0,"max_hp_loss":0.0,"gold_gain":0.0,"event_name":"Accursed Blacksmith","player_choice":"Rummage","floor":3.0,"gold_loss":0.0,"damage_taken":0.0,"relics_obtained":["WarpedTongs"],"cards_obtained":["Pain"]},{"damage_healed":0.0,"max_hp_gain":0.0,"max_hp_loss":0.0,"gold_gain":0.0,"event_name":"Scrap Ooze","player_choice":"Success","floor":5.0,"gold_loss":0.0,"damage_taken":3.0,"relics_obtained":["Pantograph"]},{"damage_healed":0.0,"max_hp_gain":0.0,"max_hp_loss":0.0,"gold_gain":250.0,"event_name":"The Joust","player_choice":"Bet on Owner","floor":20.0,"gold_loss":50.0,"damage_taken":0.0},{"cards_removed":["Strike_R"],"damage_healed":0.0,"max_hp_gain":0.0,"max_hp_loss":0.0,"gold_gain":0.0,"event_name":"Back to Basics","player_choice":"Elegance","floor":24.0,"gold_loss":0.0,"damage_taken":0.0},{"cards_removed":["Strike_R"],"damage_healed":0.0,"max_hp_gain":0.0,"max_hp_loss":0.0,"gold_gain":0.0,"event_name":"Beggar","player_choice":"Gave Gold","floor":25.0,"gold_loss":75.0,"damage_taken":0.0},{"damage_healed":0.0,"max_hp_gain":0.0,"max_hp_loss":4.0,"gold_gain":0.0,"event_name":"Winding Halls","player_choice":"Max HP","floor":36.0,"gold_loss":0.0,"damage_taken":0.0},{"damage_healed":0.0,"max_hp_gain":0.0,"max_hp_loss":0.0,"gold_gain":0.0,"event_name":"Tomb of Lord Red Mask","player_choice":"Paid","floor":47.0,"gold_loss":52.0,"damage_taken":0.0,"relics_obtained":["Red Mask"]}],"is_beta":false,"boss_relics":[{"not_picked":["Coffee Dripper","Fusion Hammer"],"picked":"Snecko Eye"},{"not_picked":["Black Star","Empty Cage"],"picked":"Busted Crown"}],"items_purged_floors":[2,12,31,39],"is_endless":false,"potions_floor_spawned":[8,13,16,19,21,22,23,35,38],"killed_by":"The Heart","ascension_level":6}}