{"host":"i344ixtilokuekwt","time":1608526348,"event":{"mods":["BaseMod","Card Forge","Colored Powertips","Curses Come First","Minty Spire (QoL Compilation)","Quick Restart","Relic Stats","StSLib"],"gold_per_floor":[115,126,126,76,90,125,125,156,182,193,225,225,225,238,238,342,342,361,375,555,575,575,575,609,609,609,609,641,566,579,608,608,705,705,719,737,737,737,749,782,800,833,833,191,191,211,240,251,251,251,251,251,78,112,112],"floor_reached":56,"playtime":2690,"items_purged":["JustLucky","All Out Attack"],"score":1415,"play_id":"ba49ba34-5f44-4f5d-ad5b-e2721d89fe90","local_time":"20201220235228","daily_mods":["Draft","Diverse","Colorless Cards"],"is_ascension_mode":false,"campfire_choices":[{"data":"Hologram","floor":7,"key":"SMITH"},{"data":"Blade Dance","floor":12,"key":"SMITH"},{"data":"Tantrum","floor":15,"key":"SMITH"},{"data":"Meditate","floor":23,"key":"SMITH"},{"data":"Dramatic Entrance","floor":25,"key":"SMITH"},{"data":"Carnage","floor":27,"key":"SMITH"},{"data":"Sweeping Beam","floor":32,"key":"SMITH"},{"floor":45,"key":"RECALL"},{"data":"Flame Barrier","floor":49,"key":"SMITH"},{"data":"Blasphemy","floor":52,"key":"SMITH"}],"circlet_count":0,"master_deck":["Blade Dance+1","Twin Strike","Cleave","ThirdEye","Sweeping Beam+1","FollowUp","Carnage+1","Tantrum+1","Dramatic Entrance+1","Hologram+1","Backflip","Meditate+1","Leg Sweep","Conserve Battery","Swift Strike","Dagger Spray+1","Dagger Throw+1","Escape Plan+1","Blasphemy+1","PiercingWail+1","Protect","Echo Form","PiercingWail","Flame Barrier+1","FTL+1","Clothesline+1"],"relics":["Burning Blood","Hammer of Thor","Seething Fire","Anvil of the Gods","Oddly Smooth Stone","MealTicket","Regal Pillow","Vajra","HornCleat","Philosopher\u0027s Stone","Centennial Puzzle","Anchor","Incense Burner","Mark of Pain","Strawberry","Red Skull","Mercury Hourglass","Potion Belt","Letter Opener","StrikeDummy","FossilizedHelix"],"acts_visited":["Exordium","TheCity","TheBeyond","TheEnding"],"potions_floor_usage":[11,33,40,50,54,55,55,55,55,55,55,55,55],"damage_taken":[{"damage":5,"enemies":"Jaw Worm","floor":1,"turns":2},{"damage":0,"enemies":"2 Louse","floor":2,"turns":1},{"damage":0,"enemies":"Cultist","floor":5,"turns":2},{"damage":5,"enemies":"3 Sentries","floor":6,"turns":2},{"damage":7,"enemies":"Lagavulin","floor":8,"turns":5},{"damage":0,"enemies":"Gremlin Gang","floor":10,"turns":2},{"damage":0,"enemies":"3 Sentries","floor":11,"turns":3},{"damage":0,"enemies":"2 Fungi Beasts","floor":14,"turns":1},{"damage":0,"enemies":"Slime Boss","floor":16,"turns":4},{"damage":0,"enemies":"3 Byrds","floor":18,"turns":2},{"damage":0,"enemies":"Spheric Guardian","floor":19,"turns":3},{"damage":11,"enemies":"Chosen and Byrds","floor":21,"turns":4},{"damage":8,"enemies":"Slavers","floor":24,"turns":4},{"damage":0,"enemies":"Gremlin Leader","floor":28,"turns":3},{"damage":0,"enemies":"Centurion and Healer","floor":30,"turns":3},{"damage":4,"enemies":"Slavers","floor":31,"turns":2},{"damage":14,"enemies":"Automaton","floor":33,"turns":5},{"damage":0,"enemies":"3 Darklings","floor":35,"turns":2},{"damage":0,"enemies":"Orb Walker","floor":36,"turns":3},{"damage":0,"enemies":"Spire Growth","floor":39,"turns":3},{"damage":1,"enemies":"Nemesis","floor":40,"turns":6},{"damage":0,"enemies":"Maw","floor":41,"turns":5},{"damage":0,"enemies":"Reptomancer","floor":42,"turns":4},{"damage":0,"enemies":"3 Darklings","floor":46,"turns":3},{"damage":2,"enemies":"Nemesis","floor":47,"turns":5},{"damage":10,"enemies":"Spire Growth","floor":48,"turns":4},{"damage":22,"enemies":"Donu and Deca","floor":50,"turns":5},{"damage":3,"enemies":"Shield and Spear","floor":54,"turns":5},{"damage":74,"enemies":"The Heart","floor":55,"turns":8}],"seed_played":"6238555802009683648","potions_obtained":[{"floor":1,"key":"Dexterity Potion"},{"floor":2,"key":"PowerPotion"},{"floor":5,"key":"BlessingOfTheForge"},{"floor":6,"key":"EntropicBrew"},{"floor":16,"key":"FairyPotion"},{"floor":28,"key":"Energy Potion"},{"floor":35,"key":"LiquidBronze"},{"floor":36,"key":"PowerPotion"},{"floor":46,"key":"SneckoOil"},{"floor":48,"key":"BlessingOfTheForge"},{"floor":54,"key":"PowerPotion"}],"is_trial":true,"path_per_floor":["M","M","?","?","M","E","R","E","T","M","E","R","?","M","R","B",null,"M","M","?","M","?","R","E","R","T","R","E","?","M","E","R","B",null,"M","M","?","?","M","E","M","E","T","$","R","M","E","M","R","B",null,"R","$","E","B",null],"character_chosen":"IRONCLAD","items_purchased":["Potion Belt","Letter Opener","PiercingWail","Flame Barrier","Strength Potion","DistilledChaos"],"campfire_rested":0,"item_purchase_floors":[44,44,44,44,44,53],"current_hp_per_floor":[80,80,77,77,80,80,80,79,79,80,80,80,80,80,80,80,80,80,80,61,56,56,56,54,54,54,54,60,60,66,68,68,60,80,80,80,80,76,76,83,83,83,83,83,83,83,83,79,79,63,83,83,83,83,15],"gold":112,"neow_bonus":"","is_daily":false,"chose_seed":false,"campfire_upgraded":9,"win_rate":0.0,"timestamp":1608526348,"path_taken":["M","M","?","?","M","E","R","E","T","M","E","R","?","M","R","BOSS","M","M","?","?","?","R","E","R","T","R","E","?","M","E","R","BOSS","M","M","?","?","M","E","M","E","T","?","R","M","E","?","R","BOSS","R","$","E","BOSS"],"items_purchased_type":["Relic","Relic","Card","Card","Potion","Potion"],"build_version":"2020-12-13","purchased_purges":2,"victory":true,"max_hp_per_floor":[80,80,80,80,80,80,80,80,80,80,80,80,80,80,80,80,80,80,80,80,80,80,80,80,80,80,80,80,80,80,80,80,80,80,80,80,80,76,76,83,83,83,83,83,83,83,83,83,83,83,83,83,83,83,83],"relic_stats":{"Regal Pillow":0,"Centennial Puzzle":[24],"counters":[29,101],"MealTicket":0,"Letter Opener":[75],"obtain_stats":[{"Potion Belt":44,"Regal Pillow":8,"Oddly Smooth Stone":3,"Vajra":9,"Hammer of Thor":0,"Incense Burner":31,"Seething Fire":0,"Letter Opener":44,"Burning Blood":0,"Mercury Hourglass":43,"Centennial Puzzle":24,"Anchor":28,"HornCleat":11,"Anvil of the Gods":0,"Strawberry":40,"MealTicket":6,"Philosopher\u0027s Stone":17,"Mark of Pain":34,"StrikeDummy":47,"Red Skull":42,"FossilizedHelix":54},{"Potion Belt":23,"Regal Pillow":5,"Oddly Smooth Stone":2,"Vajra":5,"Hammer of Thor":0,"Incense Burner":16,"Seething Fire":0,"Letter Opener":23,"Burning Blood":0,"Mercury Hourglass":23,"Centennial Puzzle":13,"Anchor":14,"HornCleat":7,"Anvil of the Gods":0,"Strawberry":21,"MealTicket":4,"Philosopher\u0027s Stone":9,"Mark of Pain":17,"StrikeDummy":25,"Red Skull":23,"FossilizedHelix":28},{"Potion Belt":71,"Regal Pillow":12,"Oddly Smooth Stone":3,"Vajra":12,"Hammer of Thor":0,"Incense Burner":43,"Seething Fire":0,"Letter Opener":71,"Burning Blood":0,"Mercury Hourglass":71,"Centennial Puzzle":35,"Anchor":38,"HornCleat":17,"Anvil of the Gods":0,"Strawberry":62,"MealTicket":7,"Philosopher\u0027s Stone":22,"Mark of Pain":48,"StrikeDummy":79,"Red Skull":71,"FossilizedHelix":93}],"Burning Blood":80,"Mercury Hourglass":[105]},"card_choices":[{"not_picked":["Wireheading","Fire Breathing"],"picked":"SashWhip","floor":0},{"not_picked":["Dark Embrace","Rupture"],"picked":"Weave","floor":0},{"not_picked":["Catalyst","Force Field"],"picked":"Blade Dance","floor":0},{"not_picked":["Perseverance","EmptyBody"],"picked":"Cold Snap","floor":0},{"not_picked":["Self Repair","Rebound"],"picked":"All Out Attack","floor":0},{"not_picked":["Gash","Rampage"],"picked":"Twin Strike","floor":0},{"not_picked":["Entrench","Dodge and Roll"],"picked":"Cleave","floor":0},{"not_picked":["Eviscerate","Clothesline"],"picked":"ThirdEye","floor":0},{"not_picked":["JustLucky","Bloodletting"],"picked":"Sweeping Beam","floor":0},{"not_picked":["Clothesline","Cleave"],"picked":"JustLucky","floor":0},{"not_picked":["JustLucky","Go for the Eyes"],"picked":"FollowUp","floor":0},{"not_picked":["Consume","Worship"],"picked":"Carnage","floor":0},{"not_picked":["Shrug It Off","CutThroughFate"],"picked":"Tantrum","floor":0},{"not_picked":["Capacitor","Cleave"],"picked":"Dramatic Entrance","floor":0},{"not_picked":["WaveOfTheHand","Deadly Poison"],"picked":"Hologram","floor":0},{"not_picked":["Sucker Punch","CarveReality","Perfected Strike"],"picked":"SKIP","floor":1},{"not_picked":["Sweeping Beam","FlurryOfBlows","Gash"],"picked":"SKIP","floor":2},{"not_picked":["Vengeance","Scrape"],"picked":"Backflip","floor":5},{"not_picked":["Dual Wield","Deep Breath"],"picked":"Meditate","floor":6},{"not_picked":["Searing Blow","Compile Driver","Wild Strike"],"picked":"SKIP","floor":8},{"not_picked":["Backstab","Outmaneuver"],"picked":"Leg Sweep","floor":10},{"not_picked":["Clothesline","Disarm"],"picked":"Conserve Battery","floor":11},{"not_picked":["Gash","White Noise"],"picked":"Swift Strike","floor":14},{"not_picked":["Secret Technique","Buffer"],"picked":"Echo Form","floor":16},{"not_picked":["Dash","Underhanded Strike","Madness"],"picked":"SKIP","floor":18},{"not_picked":["Glacier","SashWhip+1"],"picked":"Dagger Spray+1","floor":19},{"not_picked":["Ball Lightning","Metallicize"],"picked":"Dagger Throw+1","floor":21},{"not_picked":["Heatsinks","Twin Strike","Scrape"],"picked":"SKIP","floor":24},{"not_picked":["Undo","Warcry","Static Discharge"],"picked":"SKIP","floor":28},{"not_picked":["Forethought","Flying Knee"],"picked":"Escape Plan+1","floor":30},{"not_picked":["WreathOfFlame","Havoc","Sweeping Beam"],"picked":"SKIP","floor":31},{"not_picked":["All For One","Burst"],"picked":"Blasphemy","floor":33},{"not_picked":["Flying Knee","EmptyMind"],"picked":"PiercingWail+1","floor":35},{"not_picked":["Genetic Algorithm","FollowUp","Rebound"],"picked":"SKIP","floor":36},{"not_picked":["Terror","Compile Driver"],"picked":"Protect","floor":39},{"not_picked":["Headbutt+1","Protect+1"],"picked":"Echo Form","floor":40},{"not_picked":["Stack+1","Blade Dance","Headbutt"],"picked":"SKIP","floor":41},{"not_picked":["Streamline+1","Sword Boomerang","Dagger Throw+1"],"picked":"SKIP","floor":42},{"not_picked":["Blind","Steam","Choke"],"picked":"SKIP","floor":46},{"not_picked":["Body Slam","Immolate"],"picked":"FTL+1","floor":47},{"not_picked":["Underhanded Strike","Doom and Gloom","Prepared"],"picked":"SKIP","floor":48},{"not_picked":["Entrench","Calculated Gamble+1"],"picked":"Clothesline+1","floor":54}],"player_experience":668715,"relics_obtained":[{"floor":6,"key":"MealTicket"},{"floor":8,"key":"Regal Pillow"},{"floor":9,"key":"Vajra"},{"floor":11,"key":"HornCleat"},{"floor":24,"key":"Centennial Puzzle"},{"floor":28,"key":"Anchor"},{"floor":31,"key":"Incense Burner"},{"floor":40,"key":"Strawberry"},{"floor":42,"key":"Red Skull"},{"floor":43,"key":"Mercury Hourglass"},{"floor":47,"key":"StrikeDummy"},{"floor":54,"key":"FossilizedHelix"}],"event_choices":[{"damage_healed":0,"gold_gain":0,"player_choice":"Success","damage_taken":3,"relics_obtained":["Oddly Smooth Stone"],"max_hp_gain":0,"max_hp_loss":0,"event_name":"Scrap Ooze","floor":3,"gold_loss":0},{"cards_removed":["Weave"],"damage_healed":0,"gold_gain":0,"player_choice":"Card Removal","damage_taken":0,"max_hp_gain":0,"max_hp_loss":0,"event_name":"The Cleric","floor":4,"gold_loss":50},{"cards_removed":["SashWhip"],"damage_healed":0,"gold_gain":0,"player_choice":"Purged","damage_taken":0,"max_hp_gain":0,"max_hp_loss":0,"event_name":"Purifier","floor":13,"gold_loss":0},{"damage_healed":0,"gold_gain":180,"player_choice":"GOLD GOLD ","damage_taken":19,"max_hp_gain":0,"max_hp_loss":0,"event_name":"Knowing Skull","floor":20,"potions_obtained":[],"gold_loss":0,"cards_obtained":[]},{"damage_healed":0,"gold_gain":0,"player_choice":"Ignored","damage_taken":0,"max_hp_gain":0,"max_hp_loss":0,"event_name":"The Mausoleum","floor":22,"gold_loss":0},{"cards_removed":["Cold Snap"],"damage_healed":0,"gold_gain":0,"player_choice":"Gave Gold","damage_taken":0,"max_hp_gain":0,"max_hp_loss":0,"event_name":"Beggar","floor":29,"gold_loss":75},{"cards_removed":["Echo Form"],"damage_healed":0,"gold_gain":0,"player_choice":"Removed Power","damage_taken":0,"max_hp_gain":0,"max_hp_loss":0,"event_name":"Falling","floor":37,"gold_loss":0},{"damage_healed":0,"gold_gain":0,"player_choice":"Max HP","damage_taken":0,"max_hp_gain":0,"max_hp_loss":4,"event_name":"Winding Halls","floor":38,"gold_loss":0}],"is_beta":false,"boss_relics":[{"not_picked":["Cursed Key","Black Star"],"picked":"Philosopher\u0027s Stone"},{"not_picked":["Fusion Hammer","Snecko Eye"],"picked":"Mark of Pain"}],"items_purged_floors":[44,53],"is_endless":false,"potions_floor_spawned":[1,2,5,6,16,18,28,30,35,36,46,48,54],"ascension_level":0}}