{"host":"hfvpa4llnnjpeawn","time":1608527619,"event":{"mods":["2.2 Compatiblity","AchievementEnabler","Act Like it!","Aspiration","Bard","BaseMod","Beaked The Cultist","Better Sensory Stone","Better Skull","Better Third Choice","BetterRewards","CapriCore","Conspire","Downfall","Elementarium","Energized Spire","Hubris","Jorbs\u0027s Wanderer Trilogy","Lobotomy","LobotomyExtend","Minty Spire (QoL Compilation)","Replay The Spire","Shade Mod","Spicy Shops","StSLib","The Bladedancer","The Factory","The Gatherer","The Jungle","Waifu the Spire","Wandering Minibosses"],"gold_per_floor":[277,297,53,53,66,99,118,131,155,155,167,198,72,85,85,85,85],"floor_reached":16,"playtime":975,"items_purged":[],"score":129,"play_id":"127ceba8-ebc8-436c-97a0-a7c1c71c3b7f","local_time":"20201221001339","is_ascension_mode":false,"campfire_choices":[{"floor":11,"key":"REST"},{"floor":15,"key":"REST"}],"circlet_count":0,"master_deck":["Shade:Strike_Shade","Shade:Strike_Shade","Shade:Strike_Shade","Shade:Strike_Shade","Shade:Defend_Shade","Shade:Defend_Shade","Shade:Defend_Shade","Shade:Defend_Shade","Shade:AnimateDead","Shade:CarefulCut","Shade:AncientSpear","Shade:StitchTogether+1","CUTE","Shade:FleshOffering+1","FourthMatchFlame","Shade:SkeletonArmy","Shade:SpectralStrikes","Shade:CallWraith","ReplayTheSpireMod:IOU","ReplayTheSpireMod:IOU","Shade:FleshLikeOak"],"relics":["Shade:YorickSkull","LetterFromLob","hubris:DisguiseKit","Unceasing Top","Replay:Wax Seal","MawBank","hubris:OldNail","Guide Book"],"acts_visited":["Exordium"],"potions_floor_usage":[12],"damage_taken":[{"damage":1,"enemies":"Small Slimes","floor":1,"turns":3},{"damage":0,"enemies":"Jaw Worm","floor":2,"turns":2},{"damage":4,"enemies":"2 Louse","floor":5,"turns":2},{"damage":0,"enemies":"Replay:BlueRogue","floor":6,"turns":7},{"damage":40,"enemies":"Gremlin Gang","floor":7,"turns":7},{"damage":7,"enemies":"Looter","floor":8,"turns":3},{"damage":0,"enemies":"Exordium Wildlife","floor":12,"turns":1},{"damage":0,"enemies":"Lots of Slimes","floor":14,"turns":1},{"damage":64,"enemies":"Hexaghost","floor":16,"turns":11}],"seed_played":"8236962225877148388","potions_obtained":[{"floor":6,"key":"Ancient Potion"},{"floor":8,"key":"ColorlessPotion"}],"is_trial":false,"path_per_floor":["M","M","$","?","M","E","M","M","T","?","R","M","$","M","R","B"],"character_chosen":"SHADE","items_purchased":["hubris:DisguiseKit","Shade:CallWraith","hubris:OldNail","Guide Book"],"campfire_rested":2,"item_purchase_floors":[3,13,13,13],"current_hp_per_floor":[64,64,64,64,60,60,20,13,13,13,32,32,32,32,51,0,0],"gold":85,"neow_bonus":"","is_daily":false,"chose_seed":false,"campfire_upgraded":0,"win_rate":0.0,"timestamp":1608527619,"path_taken":["M","M","$","?","M","E","M","M","T","?","R","M","$","M","R","BOSS"],"items_purchased_type":["Relic","Card","Relic","Relic"],"build_version":"2020-12-13","purchased_purges":0,"victory":false,"max_hp_per_floor":[65,65,65,65,65,65,65,65,65,65,65,65,65,65,65,65,65],"card_choices":[{"not_picked":["Shade:SpontaneousRitual","Shade:Premonition"],"picked":"Shade:AncientSpear","floor":1},{"not_picked":["Shade:ClawBack","Shade:WallOfFlesh"],"picked":"Shade:StitchTogether","floor":2},{"not_picked":["Shade:Bonestorm","Shade:GreyBargain","Shade:RavenousHorde"],"picked":"CUTE","floor":5},{"not_picked":["Shade:Doomsay","Shade:SensePrey","Loneliness"],"picked":"Shade:FleshOffering","floor":6},{"not_picked":["Shade:StitchTogether","Shade:CoffinDance","Shade:GoDigging"],"picked":"FourthMatchFlame","floor":7},{"not_picked":["Shade:Bite_Shade","Shade:Bonestorm","Lantern"],"picked":"Shade:SkeletonArmy","floor":8},{"not_picked":["Shade:FingerOfDeath","Shade:Frenzy","FourthMatchFlame"],"picked":"Shade:SpectralStrikes","floor":12},{"not_picked":["Shade:LoseControl","Shade:SanguineRitual","CherryBlossom"],"picked":"Shade:FleshLikeOak","floor":14}],"player_experience":289823,"relics_obtained":[{"floor":1,"key":"LetterFromLob"},{"floor":6,"key":"Unceasing Top"},{"floor":9,"key":"Replay:Wax Seal"}],"event_choices":[{"damage_healed":0,"gold_gain":0,"player_choice":"Disagree","damage_taken":0,"max_hp_gain":0,"max_hp_loss":0,"event_name":"conspire:LoneGhost","floor":4,"gold_loss":0},{"damage_healed":0,"gold_gain":0,"player_choice":"Gave Potion","damage_taken":0,"relics_obtained":["MawBank"],"max_hp_gain":0,"max_hp_loss":0,"event_name":"WeMeetAgain","floor":10,"gold_loss":0}],"is_beta":false,"boss_relics":[],"items_purged_floors":[],"is_endless":false,"potions_floor_spawned":[6,8,14],"killed_by":"Hexaghost","ascension_level":0}}