{"host":"78zdngn0u28jm0pp","time":1608520706,"event":{"mods":["BaseMod","Jorbs\u0027s Wanderer Trilogy","Minty Spire (QoL Compilation)","Permanent Neow","Quick Restart","Relic Stats","StSLib","Unceasing Turn Reminder"],"gold_per_floor":[116,127,127,137,412,412,15,42,42,42,52,80,80,92,92,167,167,179,179,17,17,30,62,76,1,79,79,93,93,93],"floor_reached":29,"playtime":1703,"items_purged":["Regret"],"score":531,"play_id":"a90b7fe4-da12-4d04-94c9-2ef734a66c4c","local_time":"20201220201826","is_ascension_mode":true,"campfire_choices":[{"floor":6,"key":"REST"},{"floor":10,"key":"REST"},{"floor":13,"key":"REST"},{"data":"Noxious Fumes","floor":15,"key":"SMITH"},{"data":"Cloak And Dagger","floor":27,"key":"SMITH"}],"circlet_count":0,"master_deck":["AscendersBane","Defend_G","Defend_G","Defend_G","Defend_G","Defend_G","Survivor","Neutralize+1","Cloak And Dagger+1","Slice","Adrenaline","Grand Finale","Acrobatics","Well Laid Plans","Dagger Spray","Backstab","Noxious Fumes+1","Doppelganger","Deflect","Dagger Throw","Slice","Bite","Bite","Bite","Bite","Leg Sweep","Dash","Bouncing Flask+1"],"relics":["Ring of the Snake","FaceOfCleric","Torii","Bottled Flame","Question Card","Coffee Dripper","Mercury Hourglass","Toxic Egg 2"],"acts_visited":["Exordium","TheCity"],"potions_floor_usage":[8,12,22,23,23],"damage_taken":[{"damage":24,"enemies":"Jaw Worm","floor":1,"turns":9},{"damage":0,"enemies":"Cultist","floor":2,"turns":4},{"damage":0,"enemies":"Small Slimes","floor":4,"turns":4},{"damage":32,"enemies":"3 Sentries","floor":8,"turns":14},{"damage":0,"enemies":"Red Slaver","floor":11,"turns":2},{"damage":20,"enemies":"Lagavulin","floor":12,"turns":6},{"damage":2,"enemies":"Large Slime","floor":14,"turns":7},{"damage":22,"enemies":"Slime Boss","floor":16,"turns":7},{"damage":25,"enemies":"Spheric Guardian","floor":18,"turns":6},{"damage":26,"enemies":"Shell Parasite","floor":22,"turns":7},{"damage":20,"enemies":"Book of Stabbing","floor":23,"turns":7},{"damage":0,"enemies":"Centurion and Healer","floor":24,"turns":3},{"damage":24,"enemies":"Sentry and Sphere","floor":28,"turns":8},{"damage":18,"enemies":"Snake Plant","floor":29,"turns":1}],"seed_played":"7170249408457203326","potions_obtained":[{"floor":2,"key":"GhostInAJar"},{"floor":8,"key":"ColorlessPotion"},{"floor":11,"key":"LiquidBronze"},{"floor":16,"key":"FearPotion"},{"floor":22,"key":"BlessingOfTheForge"}],"is_trial":false,"path_per_floor":["M","M","?","M","?","R","$","E","T","R","M","E","R","M","R","B",null,"M","?","$","?","M","E","M","?","T","R","M","M"],"character_chosen":"THE_SILENT","items_purchased":["Grand Finale","Acrobatics","Well Laid Plans","Dagger Spray","Dagger Throw","Slice","Block Potion"],"campfire_rested":3,"item_purchase_floors":[7,7,7,7,20,20,20],"current_hp_per_floor":[35,35,35,36,36,56,56,25,25,45,46,27,48,47,47,26,61,37,16,16,16,7,9,20,20,20,20,13,0,0],"gold":93,"neow_bonus":"UPGRADE_CARD","is_daily":false,"chose_seed":false,"campfire_upgraded":2,"win_rate":0.0,"timestamp":1608520706,"path_taken":["M","M","?","?","?","R","$","E","T","R","M","E","R","M","R","BOSS","M","?","$","?","M","E","M","?","T","R","M","M"],"items_purchased_type":["Card","Card","Card","Card","Card","Card","Potion"],"build_version":"2020-12-13","purchased_purges":1,"victory":false,"max_hp_per_floor":[66,66,66,67,67,67,67,68,68,68,69,70,70,71,71,72,72,73,78,78,54,55,56,57,57,57,57,58,58,58],"relic_stats":{"FaceOfCleric":11,"Torii":65,"counters":[14,85],"Question Card":7,"obtain_stats":[{"Bottled Flame":9,"FaceOfCleric":3,"Torii":8,"Coffee Dripper":17,"Toxic Egg 2":26,"Question Card":12,"Ring of the Snake":0,"Mercury Hourglass":23},{"Bottled Flame":4,"FaceOfCleric":2,"Torii":4,"Coffee Dripper":8,"Toxic Egg 2":12,"Question Card":6,"Ring of the Snake":0,"Mercury Hourglass":11},{"Bottled Flame":31,"FaceOfCleric":13,"Torii":31,"Coffee Dripper":53,"Toxic Egg 2":76,"Question Card":39,"Ring of the Snake":0,"Mercury Hourglass":73}],"Ring of the Snake":[28],"Mercury Hourglass":[24]},"card_choices":[{"not_picked":["Bane","Deadly Poison"],"picked":"Cloak And Dagger","floor":1},{"not_picked":["Flying Knee","Acrobatics"],"picked":"Slice","floor":2},{"not_picked":["Deadly Poison","Poisoned Stab"],"picked":"Adrenaline","floor":4},{"not_picked":["Envenom","Calculated Gamble"],"picked":"Backstab","floor":8},{"not_picked":["Endless Agony","Acrobatics"],"picked":"Noxious Fumes","floor":11},{"not_picked":["Bane","Underhanded Strike","Masterful Stab"],"picked":"SKIP","floor":12},{"not_picked":["Dodge and Roll","Calculated Gamble","Deadly Poison","Cloak And Dagger"],"picked":"SKIP","floor":14},{"not_picked":["Burst","Adrenaline","Die Die Die"],"picked":"Doppelganger","floor":16},{"not_picked":["Underhanded Strike","Backflip","Poisoned Stab"],"picked":"Deflect","floor":18},{"not_picked":["Cloak And Dagger","Dodge and Roll","Dagger Throw"],"picked":"Leg Sweep","floor":22},{"not_picked":["Noxious Fumes","Unload","Dagger Throw","Dodge and Roll"],"picked":"SKIP","floor":23},{"not_picked":["Escape Plan","Well Laid Plans","Deadly Poison"],"picked":"Dash","floor":24},{"not_picked":["Dagger Spray","Predator","Bane"],"picked":"Bouncing Flask+1","floor":28}],"player_experience":660567,"relics_obtained":[{"floor":8,"key":"Torii"},{"floor":9,"key":"Bottled Flame"},{"floor":12,"key":"Question Card"},{"floor":23,"key":"Mercury Hourglass"},{"floor":26,"key":"Toxic Egg 2"}],"event_choices":[{"damage_healed":0,"gold_gain":0,"player_choice":"Trade","damage_taken":0,"relics_obtained":["FaceOfCleric"],"max_hp_gain":0,"max_hp_loss":0,"event_name":"FaceTrader","floor":3,"gold_loss":0},{"damage_healed":0,"gold_gain":275,"player_choice":"Desecrate","damage_taken":0,"max_hp_gain":0,"max_hp_loss":0,"event_name":"Golden Shrine","floor":5,"gold_loss":0,"cards_obtained":["Regret"]},{"damage_healed":0,"gold_gain":0,"player_choice":"Shed Blood","damage_taken":26,"max_hp_gain":5,"max_hp_loss":0,"event_name":"Forgotten Altar","floor":19,"gold_loss":0},{"damage_healed":0,"gold_gain":0,"player_choice":"Became a vampire","damage_taken":0,"max_hp_gain":0,"max_hp_loss":24,"event_name":"Vampires","floor":21,"gold_loss":0,"cards_obtained":["Bite","Bite","Bite","Bite","Bite"]},{"cards_removed":["Bite"],"damage_healed":0,"gold_gain":0,"player_choice":"Gave Gold","damage_taken":0,"max_hp_gain":0,"max_hp_loss":0,"event_name":"Beggar","floor":25,"gold_loss":75}],"is_beta":false,"boss_relics":[{"not_picked":["Pandora\u0027s Box","Black Star"],"picked":"Coffee Dripper"}],"items_purged_floors":[7],"is_endless":false,"potions_floor_spawned":[2,8,11,16,22],"killed_by":"Snake Plant","ascension_level":20}}