{"host":"684z1xpuwaoqmmh1","time":1608551102,"event":{"mods":["BaseMod","Downfall","Hermit","Jorbs\u0027s Wanderer Trilogy","Marisa????????","Minty Spire (QoL Compilation)","StSLib","The Hierophant","The Mystic"],"gold_per_floor":[99,118,134,59,59,73,123,148,148,183,197,63,82,99,115,194,194,119,132,73,73,89,102,102,136,136,167,167,167,167],"floor_reached":28,"playtime":1932,"items_purged":["champ:Defend"],"score":546,"play_id":"957556ec-5e91-43ea-b5c8-66ef45e4d961","local_time":"20201221134502","is_ascension_mode":true,"campfire_choices":[{"floor":1.0,"key":"RECALL"},{"data":"champ:Taunt","floor":4.0,"key":"SMITH"},{"data":"champ:Riposte","floor":9.0,"key":"SMITH"},{"data":"champ:PerfectForm","floor":18,"key":"SMITH"},{"floor":26,"key":"REST"}],"circlet_count":0,"master_deck":["AscendersBane","champ:Strike","champ:Strike","champ:Strike","champ:Defend","champ:Defend","champ:Defend","champ:Execute","champ:Taunt+1","champ:Balance","champ:Backstep","champ:Riposte+1","champ:RisingSlash","champ:IronFortress","champ:FocusedBerserking","champ:RecklessLeap","champ:BerserkerStyle","champ:AdrenalArmor","champ:Circumvent","champ:PerfectForm+1","champ:ShieldThrow","champ:Lariat","champ:DefensiveStyle","champ:DefensiveStyle","champ:CrownThrow","champ:ShieldWall","champ:FlashCut+1","champ:FocusedDefense+1","champ:FanOfKnives+1"],"relics":["champ:ChampionCrown","Blood Vial","downfall:HeartBlessingRed","Dream Catcher","Omamori","PreservedInsect","Black Star","downfall:HeartBlessingGreen","Molten Egg 2","champ:DefensiveTrainingManual","Bottled Flame","champ:FightingForDummies","Guardian:PocketSentry"],"acts_visited":["Exordium","TheCity"],"potions_floor_usage":[16,16,25],"damage_taken":[{"damage":21.0,"enemies":"Jaw Worm","floor":2.0,"turns":5.0},{"damage":1.0,"enemies":"Cultist","floor":3.0,"turns":3.0},{"damage":5.0,"enemies":"Small Slimes","floor":6.0,"turns":4.0},{"damage":5.0,"enemies":"Gremlin Nob","floor":8.0,"turns":3.0},{"damage":32.0,"enemies":"3 Sentries","floor":10.0,"turns":6.0},{"damage":10.0,"enemies":"Gremlin Gang","floor":11.0,"turns":3.0},{"damage":10.0,"enemies":"downfall:FleeingMerchant","floor":12.0,"turns":4.0},{"damage":13,"enemies":"Blue Slaver","floor":13,"turns":4},{"damage":22,"enemies":"3 Louse","floor":14,"turns":3},{"damage":22,"enemies":"Exordium Thugs","floor":15,"turns":3},{"damage":53,"enemies":"downfall:Watcher","floor":16,"turns":13},{"damage":42,"enemies":"Chosen","floor":19,"turns":6},{"damage":42,"enemies":"downfall:FleeingMerchant","floor":20,"turns":4},{"damage":44,"enemies":"Shell Parasite","floor":22,"turns":4},{"damage":7,"enemies":"3 Cultists","floor":23,"turns":6},{"damage":84,"enemies":"Gremlin Leader","floor":25,"turns":9},{"damage":59,"enemies":"Book of Stabbing","floor":27,"turns":7},{"damage":40,"enemies":"Cultist and Chosen","floor":28,"turns":5}],"seed_played":"-2261024401147918805","potions_obtained":[{"floor":2.0,"key":"champ:CounterPotion"},{"floor":6.0,"key":"Explosive Potion"},{"floor":10.0,"key":"Guardian:BlockOnCardUsePotion"},{"floor":14,"key":"PowerPotion"},{"floor":22,"key":"SkillPotion"},{"floor":27,"key":"Ancient Potion"}],"is_trial":false,"path_per_floor":["R","M","M","R","?","M","T","E","R","E","M","$","M","M","M","B",null,"R","M","$","?","M","M","T","E","R","E","M"],"character_chosen":"THE_CHAMP","items_purchased":["champ:BerserkerStyle","champ:DefensiveStyle"],"campfire_rested":1,"item_purchase_floors":[12,20],"current_hp_per_floor":[73,64,65,65,65,67,67,69,69,49,46,48,42,37,32,26,67,67,53,52,91,76,78,78,48,75,24,0,0,0],"gold":167,"neow_bonus":"RANDOM_COMMON_RELIC","is_daily":false,"chose_seed":false,"campfire_upgraded":3,"win_rate":0.0,"timestamp":1608551102,"path_taken":["R","M","M","R","?","M","T","E","R","E","M","$","M","M","M","BOSS","R","M","$","?","M","M","T","E","R","E","?"],"items_purchased_type":["Card","Card"],"build_version":"2020-12-13","purchased_purges":1,"victory":false,"max_hp_per_floor":[81,81,81,81,81,81,81,81,81,81,81,81,81,81,81,81,81,81,81,81,91,91,91,91,91,91,91,91,91,91],"card_choices":[{"not_picked":["champ:EnGarde","champ:BerserkersShout"],"picked":"champ:Balance","floor":2.0},{"not_picked":["champ:GladiatorsShout","champ:Circumvent"],"picked":"champ:Backstep","floor":3.0},{"not_picked":["champ:PerfectedStrike","champ:FlashCut"],"picked":"champ:RisingSlash","floor":6.0},{"not_picked":["champ:Backstep","champ:BringItOn"],"picked":"champ:IronFortress","floor":8.0},{"not_picked":["champ:FlashCut","champ:CrookedStrike"],"picked":"champ:EnchantSword","floor":10.0},{"not_picked":["champ:Circumvent","champ:RapidStrikes"],"picked":"champ:FocusedBerserking","floor":11.0},{"not_picked":["champ:Encircle","champ:ShieldSigil"],"picked":"champ:RecklessLeap","floor":12.0},{"not_picked":["champ:TornadoPunch","champ:FlashCut"],"picked":"champ:AdrenalArmor","floor":13},{"not_picked":["champ:FalseCounter","champ:Duel"],"picked":"champ:Circumvent","floor":14},{"not_picked":["champ:TornadoPunch","champ:ViciousMockery"],"picked":"champ:PerfectForm","floor":15},{"not_picked":["champ:CheapShot","champ:StrikeOfGenius"],"picked":"champ:ShieldThrow","floor":16},{"not_picked":["champ:ViciousMockery","champ:ShieldSigil"],"picked":"champ:Lariat","floor":19},{"not_picked":["champ:Haymaker","champ:TornadoPunch"],"picked":"champ:DefensiveStyle","floor":20},{"not_picked":["champ:TornadoPunch","champ:BringItOn"],"picked":"champ:CrownThrow","floor":22},{"not_picked":["champ:RisingSlash","champ:RecklessLeap"],"picked":"champ:ShieldWall","floor":23},{"not_picked":["champ:ArenaPreparation","champ:PerfectForm"],"picked":"champ:FlashCut+1","floor":25},{"not_picked":["champ:RecklessLeap+1","champ:AdrenalArmor+1"],"picked":"champ:FocusedDefense+1","floor":26},{"not_picked":["champ:CrookedStrike+1","champ:PerfectedStrike+1"],"picked":"champ:FanOfKnives+1","floor":27}],"player_experience":2357517,"relics_obtained":[{"floor":7.0,"key":"Dream Catcher"},{"floor":8.0,"key":"Omamori"},{"floor":10.0,"key":"PreservedInsect"},{"floor":24,"key":"Molten Egg 2"},{"floor":25,"key":"champ:DefensiveTrainingManual"},{"floor":25,"key":"Bottled Flame"},{"floor":27,"key":"champ:FightingForDummies"},{"floor":27,"key":"Guardian:PocketSentry"}],"event_choices":[{"damage_healed":0.0,"max_hp_gain":0.0,"max_hp_loss":0.0,"gold_gain":0.0,"cards_transformed":["champ:Strike"],"event_name":"Transmorgrifier","player_choice":"Transformed","floor":5.0,"gold_loss":0.0,"damage_taken":0.0,"cards_obtained":["champ:Riposte"]},{"cards_removed":["champ:EnchantSword"],"damage_healed":29,"gold_gain":0,"player_choice":"Offered Rare","damage_taken":0,"max_hp_gain":10,"max_hp_loss":0,"event_name":"Bonfire Elementals","floor":21,"gold_loss":0}],"is_beta":false,"boss_relics":[{"not_picked":["Velvet Choker","Busted Crown"],"picked":"Black Star"}],"items_purged_floors":[12],"is_endless":false,"potions_floor_spawned":[2,6,10,14,15,22,27],"killed_by":"Cultist and Chosen","ascension_level":17}}