{"host":"nk1hwk2qadwaubm5","time":1608589376,"event":{"mods":["BaseMod","Hermit","Infinite Spire","Marisa????????","Minty Spire (QoL Compilation)","Replay The Spire","StSLib","The Animator","The Cursed","The Jungle","The Servant 0.9.4"],"gold_per_floor":[117,117,117,137,156,156,156,185,265,265,282,302,319,25,25,126,126,143,154,154,174,134,164,164,189,189,42,42,42,56,70,70,168,168,179,279,295,345,365,394,394,414,414,432,277,277,303,303,303,303],"floor_reached":51,"playtime":2640,"items_purged":["Strike_R"],"score":872,"play_id":"ced403ad-71ae-4553-b46c-f4ff704340bf","local_time":"20201221232256","is_ascension_mode":true,"campfire_choices":[{"data":"Fiend Fire","floor":6,"key":"SMITH"},{"data":"Bash","floor":10,"key":"SMITH"},{"data":"True Grit","floor":15,"key":"SMITH"},{"data":"Pommel Strike","floor":24,"key":"SMITH"},{"data":"ReplayTheSpireMod:Strike From Hell","floor":29,"key":"SMITH"},{"data":"ReplayTheSpireMod:Strike From Hell","floor":32,"key":"SMITH"},{"data":"Inflame","floor":41,"key":"SMITH"},{"floor":46,"key":"REST"},{"data":"Limit Break","floor":49,"key":"SMITH"}],"circlet_count":0,"master_deck":["Strike_R","Strike_R","Defend_R+1","Defend_R","Defend_R+1","Defend_R","Bash+1","Fiend Fire+1","ReplayTheSpireMod:Chaos Vortex+1","Clash","Massacre+1","ReplayTheSpireMod:Strike From Hell+1","True Grit+1","Inflame+1","Demon Form+1","ReplayTheSpireMod:Strike From Hell+1","Pommel Strike+1","Clash+1","Limit Break+1"],"relics":["Burning Blood","War Paint","Shuriken","Juzu Bracelet","SlaversCollar","Happy Flower","infinitespire:WardingShard","HornCleat","Bag of Marbles","ChewingGum","Calipers","Potion Belt","Incense Burner","Anchor"],"acts_visited":["Exordium","TheCity","TheBeyond"],"potions_floor_usage":[31,39,50],"damage_taken":[{"damage":0,"enemies":"Small Slimes","floor":1,"turns":2},{"damage":2,"enemies":"Jaw Worm","floor":4,"turns":3},{"damage":0,"enemies":"infinitespire:Voidling","floor":5,"turns":2},{"damage":0,"enemies":"Lagavulin","floor":8,"turns":7},{"damage":3,"enemies":"Looter","floor":11,"turns":2},{"damage":15,"enemies":"Exordium Thugs","floor":12,"turns":5},{"damage":5,"enemies":"3 Louse","floor":13,"turns":4},{"damage":20,"enemies":"Hexaghost","floor":16,"turns":9},{"damage":0,"enemies":"Spheric Guardian","floor":18,"turns":4},{"damage":11,"enemies":"Shell Parasite","floor":19,"turns":6},{"damage":14,"enemies":"Shelled Parasite and Fungi","floor":21,"turns":4},{"damage":33,"enemies":"Nightmare","floor":23,"turns":7},{"damage":3,"enemies":"Book of Stabbing","floor":25,"turns":5},{"damage":0,"enemies":"Centurion and Healer","floor":30,"turns":4},{"damage":0,"enemies":"Cultist and Chosen","floor":31,"turns":6},{"damage":9,"enemies":"Collector","floor":33,"turns":5},{"damage":9,"enemies":"Orb Walker","floor":35,"turns":4},{"damage":0,"enemies":"3 Shapes","floor":37,"turns":3},{"damage":0,"enemies":"Mind Bloom Boss Battle","floor":38,"turns":4},{"damage":22,"enemies":"Maw","floor":39,"turns":7},{"damage":33,"enemies":"Reptomancer","floor":40,"turns":7},{"damage":7,"enemies":"Sphere and 2 Shapes","floor":42,"turns":4},{"damage":0,"enemies":"Jaw Worm Horde","floor":44,"turns":3},{"damage":12,"enemies":"Nightmare","floor":47,"turns":6},{"damage":20,"enemies":"Time Eater","floor":50,"turns":7}],"seed_played":"-5932444610104481517","potions_obtained":[{"floor":4,"key":"Elixir"},{"floor":5,"key":"Strength Potion"},{"floor":11,"key":"Elixir"},{"floor":18,"key":"Block Potion"},{"floor":33,"key":"Adrenaline Potion"},{"floor":44,"key":"Swift Potion"},{"floor":47,"key":"Adrenaline Potion"}],"is_trial":false,"path_per_floor":["M","?","?","M","M","R","?","E","T","R","M","M","M","$","R","B",null,"M","M","AVR","M","?","NM","R","E","T","$","?","R","M","M","R","B",null,"M","?","M","?","M","E","R","M","T","M","$","R","NM","?","R","B",null],"character_chosen":"IRONCLAD","items_purchased":["Juzu Bracelet","Inflame","Bag of Marbles","Limit Break"],"campfire_rested":1,"item_purchase_floors":[14,14,27,45],"current_hp_per_floor":[80,61,61,65,71,71,71,77,77,77,80,71,72,72,72,58,80,80,75,75,67,67,40,40,43,43,43,43,43,49,55,55,52,80,77,77,80,80,64,37,37,36,36,42,42,66,60,60,60,46],"gold":303,"neow_bonus":"ONE_RANDOM_RARE_CARD","is_daily":false,"chose_seed":false,"campfire_upgraded":8,"win_rate":0.0,"timestamp":1608589376,"path_taken":["M","?","?","M","M","R","?","E","T","R","M","?","M","$","R","BOSS","M","M","AVR","M","?","NM","R","E","T","?","?","R","M","M","R","BOSS","M","?","M","?","M","E","R","M","T","M","$","R","NM","?","R","BOSS"],"items_purchased_type":["Relic","Card","Relic","Card"],"build_version":"2020-12-13","purchased_purges":1,"victory":true,"max_hp_per_floor":[80,80,80,80,80,80,80,80,80,80,80,80,80,80,80,80,80,80,80,80,80,80,80,80,80,80,80,80,80,80,80,80,80,80,80,80,80,80,80,80,80,80,80,80,80,80,80,80,80,80],"card_choices":[{"not_picked":["Entrench","Heavy Blade","Body Slam"],"picked":"SKIP","floor":1},{"not_picked":["ReplayTheSpireMod:??????????????????????","infinitespire:TheBestDefense"],"picked":"ReplayTheSpireMod:Chaos Vortex","floor":2},{"not_picked":["Headbutt","Perfected Strike"],"picked":"Clash","floor":4},{"not_picked":["Disarm","Whirlwind","True Grit"],"picked":"SKIP","floor":5},{"not_picked":["Entrench","Rage","Life Link"],"picked":"SKIP","floor":8},{"not_picked":["Cleave","Pommel Strike"],"picked":"ReplayTheSpireMod:Strike From Hell","floor":11},{"not_picked":["Clothesline","Dark Embrace","Whirlwind"],"picked":"SKIP","floor":12},{"not_picked":["Body Slam","Iron Wave"],"picked":"True Grit","floor":13},{"not_picked":["Bludgeon","Offering"],"picked":"Demon Form","floor":16},{"not_picked":["Cleave","Abandon"],"picked":"ReplayTheSpireMod:Strike From Hell","floor":18},{"not_picked":["Flex+1","Inflame","Warcry"],"picked":"SKIP","floor":19},{"not_picked":["ReplayTheSpireMod:Strike From Hell","Bludgeon"],"picked":"Pommel Strike","floor":21},{"not_picked":["Seeing Red","Warcry","Rampage+1"],"picked":"SKIP","floor":23},{"not_picked":["Headbutt","Abandon","Entrench"],"picked":"SKIP","floor":25},{"not_picked":["Thunderclap","Iron Wave+1","Entrench"],"picked":"SKIP","floor":30},{"not_picked":["Flex","Thunderclap+1"],"picked":"Clash+1","floor":31},{"not_picked":["True Grit","Sever Soul+1","Armaments+1"],"picked":"SKIP","floor":35},{"not_picked":["Iron Wave+1","Spot Weakness+1","Twin Strike"],"picked":"SKIP","floor":37},{"not_picked":["Barricade","Replay:Undeath\u0027s Touch+1","Headbutt"],"picked":"SKIP","floor":39},{"not_picked":["Run Through","Shockwave+1","Seeing Red"],"picked":"SKIP","floor":40},{"not_picked":["ReplayTheSpireMod:Strike From Hell+1","Headbutt+1","Anger"],"picked":"SKIP","floor":42},{"not_picked":["Twin Strike+1","True Grit","Pommel Strike+1"],"picked":"SKIP","floor":44},{"not_picked":["Rupture","Seeing Red+1","Searing Blow+1"],"picked":"SKIP","floor":47}],"player_experience":219409,"relics_obtained":[{"floor":8,"key":"War Paint"},{"floor":9,"key":"Shuriken"},{"floor":23,"key":"infinitespire:WardingShard"},{"floor":25,"key":"HornCleat"},{"floor":38,"key":"Calipers"},{"floor":40,"key":"Potion Belt"},{"floor":43,"key":"Incense Burner"},{"floor":47,"key":"Anchor"}],"event_choices":[{"damage_healed":0,"gold_gain":0,"cards_transformed":["Strike_R"],"player_choice":"Transformed","damage_taken":0,"max_hp_gain":0,"max_hp_loss":0,"event_name":"Transmorgrifier","floor":7,"gold_loss":0,"cards_obtained":["Massacre"]},{"damage_healed":0,"gold_gain":0,"player_choice":"Upgrade","damage_taken":0,"max_hp_gain":0,"max_hp_loss":0,"event_name":"Designer","floor":22,"gold_loss":40,"cards_upgraded":["Demon Form"]},{"damage_healed":0,"gold_gain":0,"player_choice":"Forge","damage_taken":0,"max_hp_gain":0,"max_hp_loss":0,"event_name":"Accursed Blacksmith","floor":28,"gold_loss":0,"cards_upgraded":["Massacre"]},{"damage_healed":0,"gold_gain":100,"player_choice":"Pray","damage_taken":0,"max_hp_gain":0,"max_hp_loss":0,"event_name":"Golden Shrine","floor":36,"gold_loss":0},{"damage_healed":0,"gold_gain":0,"player_choice":"Fight","damage_taken":0,"max_hp_gain":0,"max_hp_loss":0,"event_name":"MindBloom","floor":38,"gold_loss":0},{"cards_removed":["Strike_R"],"damage_healed":0,"gold_gain":0,"player_choice":"Card Removal","damage_taken":0,"max_hp_gain":0,"max_hp_loss":0,"event_name":"Wheel of Change","floor":48,"gold_loss":0}],"is_beta":false,"boss_relics":[{"not_picked":[]},{"not_picked":["infinitespire:Burning Sword","Kintsugi"],"picked":"ChewingGum"}],"items_purged_floors":[14],"is_endless":false,"potions_floor_spawned":[4,5,11,18,23,33,37,44,47],"ascension_level":2}}