{"host":"cc187","time":1608518831,"event":{"mods":["AchievementEnabler","BaseMod","Bestiary","Colored Map","Colored Powertips","Highlight Path","Keyboard Shortcuts","Minty Spire (QoL Compilation)","Quick Restart","Rare Cards Sparkle","Relic Stats","StSLib","SuperFastMode","Synergy Search","ojb\u0027s Info Mod"],"gold_per_floor":[110,110,35,47,57,83,83,83,83,102,112,142,161,172,172,249,249,259,273,287,301,311,311,330,330,330],"floor_reached":25,"playtime":1519,"items_purged":["Defend_G"],"score":420,"play_id":"05f66451-2d0d-4e56-aa66-b6def0d9bc47","local_time":"20201221024711","is_ascension_mode":true,"campfire_choices":[{"data":"Neutralize","floor":7,"key":"SMITH"},{"floor":15,"key":"REST"},{"data":"Bullet Time","floor":23,"key":"SMITH"}],"circlet_count":0,"master_deck":["AscendersBane","Strike_G","Strike_G","Defend_G","Defend_G","Defend_G","Survivor","Neutralize+1","Dagger Spray+1","Heel Hook+1","Predator+1","Backflip","Terror","Footwork","Tools of the Trade+1","Bullet Time+1","Underhanded Strike","Die Die Die","Dodge and Roll","Dagger Spray+1","Blur","Venomology"],"relics":["Astrolabe","Vajra","Bottled Tornado","Oddly Smooth Stone","Runic Pyramid"],"acts_visited":["Exordium","TheCity"],"potions_floor_usage":[12,16,22,24,25],"damage_taken":[{"damage":0,"enemies":"Small Slimes","floor":1,"turns":2},{"damage":0,"enemies":"Cultist","floor":4,"turns":3},{"damage":0,"enemies":"2 Louse","floor":5,"turns":2},{"damage":23,"enemies":"Lagavulin","floor":6,"turns":6},{"damage":9,"enemies":"Gremlin Gang","floor":10,"turns":2},{"damage":0,"enemies":"3 Louse","floor":11,"turns":2},{"damage":3,"enemies":"Gremlin Nob","floor":12,"turns":3},{"damage":2,"enemies":"Exordium Thugs","floor":13,"turns":4},{"damage":8,"enemies":"Looter","floor":14,"turns":2},{"damage":20,"enemies":"Slime Boss","floor":16,"turns":6},{"damage":15,"enemies":"3 Byrds","floor":18,"turns":4},{"damage":0,"enemies":"Shell Parasite","floor":19,"turns":4},{"damage":6,"enemies":"Centurion and Healer","floor":20,"turns":4},{"damage":0,"enemies":"3 Cultists","floor":21,"turns":3},{"damage":1,"enemies":"Shelled Parasite and Fungi","floor":22,"turns":5},{"damage":3,"enemies":"Snake Plant","floor":24,"turns":3},{"damage":28,"enemies":"Slavers","floor":25,"turns":1}],"seed_played":"-3841948450212707169","potions_obtained":[{"floor":4,"key":"ColorlessPotion"},{"floor":5,"key":"GamblersBrew"},{"floor":11,"key":"Fire Potion"},{"floor":14,"key":"GhostInAJar"},{"floor":19,"key":"GhostInAJar"},{"floor":22,"key":"Fire Potion"},{"floor":24,"key":"Energy Potion"}],"is_trial":false,"path_per_floor":["M","?","$","M","M","E","R","?","T","M","M","E","M","M","R","B",null,"M","M","M","M","M","R","M","E"],"character_chosen":"THE_SILENT","items_purchased":[],"campfire_rested":1,"item_purchase_floors":[],"current_hp_per_floor":[59,59,59,59,59,36,36,36,36,27,27,24,22,14,33,13,53,38,38,32,32,31,31,28,0,0],"gold":330,"neow_bonus":"BOSS_RELIC","is_daily":false,"chose_seed":false,"campfire_upgraded":2,"win_rate":0.0,"timestamp":1608518831,"path_taken":["M","?","$","?","M","E","R","?","T","M","M","E","M","M","R","BOSS","M","?","M","M","M","R","M","E"],"items_purchased_type":[],"build_version":"2020-12-18","purchased_purges":1,"victory":false,"max_hp_per_floor":[66,66,66,66,66,66,66,66,66,66,66,66,66,66,66,66,66,66,66,66,66,66,66,66,66,66],"relic_stats":{"counters":[17,56],"Astrolabe":["Dagger Spray","Heel Hook","Predator"],"obtain_stats":[{"Astrolabe":0,"Vajra":6,"Oddly Smooth Stone":12,"Bottled Tornado":9,"Ring of the Snake":0,"Runic Pyramid":17},{"Astrolabe":0,"Vajra":4,"Oddly Smooth Stone":7,"Bottled Tornado":4,"Ring of the Snake":0,"Runic Pyramid":10},{"Astrolabe":0,"Vajra":13,"Oddly Smooth Stone":20,"Bottled Tornado":13,"Ring of the Snake":0,"Runic Pyramid":32}]},"card_choices":[{"not_picked":["Quick Slash","Backstab"],"picked":"Backflip","floor":1},{"not_picked":["Dagger Spray","Deflect"],"picked":"Terror","floor":4},{"not_picked":["Underhanded Strike","Acrobatics"],"picked":"Footwork","floor":5},{"not_picked":["Skewer","Blur"],"picked":"Tools of the Trade","floor":6},{"not_picked":["Dodge and Roll","Skewer","Prepared"],"picked":"SKIP","floor":10},{"not_picked":["Sucker Punch","Outmaneuver","Acrobatics"],"picked":"SKIP","floor":11},{"not_picked":["Dodge and Roll","Choke","Dagger Throw"],"picked":"SKIP","floor":12},{"not_picked":["Poisoned Stab","Footwork"],"picked":"Bullet Time","floor":13},{"not_picked":["PiercingWail","Flying Knee"],"picked":"Underhanded Strike","floor":14},{"not_picked":["Malaise","Doppelganger"],"picked":"Die Die Die","floor":16},{"not_picked":["Dagger Throw","Escape Plan"],"picked":"Dodge and Roll","floor":18},{"not_picked":["Dagger Throw","Sucker Punch"],"picked":"Dagger Spray+1","floor":19},{"not_picked":["Bane","Heel Hook","Flying Knee"],"picked":"SKIP","floor":20},{"not_picked":["PiercingWail","Doppelganger"],"picked":"Blur","floor":21},{"not_picked":["Acrobatics+1","Dodge and Roll","Dagger Throw"],"picked":"SKIP","floor":22},{"not_picked":["Outmaneuver","Footwork"],"picked":"Venomology","floor":24}],"player_experience":821987,"relics_obtained":[{"floor":6,"key":"Vajra"},{"floor":9,"key":"Bottled Tornado"},{"floor":12,"key":"Oddly Smooth Stone"}],"event_choices":[{"cards_removed":["Strike_G"],"damage_healed":0,"gold_gain":0,"player_choice":"Purged","damage_taken":0,"max_hp_gain":0,"max_hp_loss":0,"event_name":"Purifier","floor":2,"gold_loss":0},{"damage_healed":0,"gold_gain":0,"player_choice":"Forge","damage_taken":0,"max_hp_gain":0,"max_hp_loss":0,"event_name":"Accursed Blacksmith","floor":8,"gold_loss":0,"cards_upgraded":["Tools of the Trade"]}],"is_beta":true,"boss_relics":[{"not_picked":["Tiny House","Philosopher\u0027s Stone"],"picked":"Runic Pyramid"}],"items_purged_floors":[3],"is_endless":false,"potions_floor_spawned":[4,5,11,14,19,22,24],"killed_by":"Slavers","ascension_level":18}}