{"host":"q9718omregw4er46","time":1608574440,"event":{"mods":["BaseMod","Bestiary","Colored Powertips","Minty Spire (QoL Compilation)","Quick Restart","Relic Stats"],"gold_per_floor":[113,123,123,149,236,248,260,272,284,296,308,344,400,412,424,436,436],"floor_reached":16,"playtime":412,"items_purged":[],"score":192,"play_id":"710fd19a-8bf6-4558-aa6f-9fd038469702","local_time":"20201221231400","is_ascension_mode":true,"campfire_choices":[{"data":"Sweeping Beam","floor":6,"key":"SMITH"},{"data":"Zap","floor":8,"key":"SMITH"},{"data":"Steam","floor":10,"key":"SMITH"},{"floor":15,"key":"REST"}],"circlet_count":0,"master_deck":["AscendersBane","Strike_B","Strike_B+1","Strike_B","Defend_B","Defend_B","Defend_B+1","Defend_B","Zap+1","Dualcast","Sweeping Beam+1","Steam+1","Chill","Seek"],"relics":["Inserter","Golden Idol","MawBank","Emotion Chip"],"acts_visited":["Exordium"],"potions_floor_usage":[16,16],"damage_taken":[{"damage":6,"enemies":"Small Slimes","floor":1,"turns":5},{"damage":7,"enemies":"Jaw Worm","floor":2,"turns":5},{"damage":1,"enemies":"2 Louse","floor":12,"turns":3},{"damage":12,"enemies":"3 Sentries","floor":13,"turns":9},{"damage":27,"enemies":"The Guardian","floor":16,"turns":10}],"seed_played":"-976154895385949049","potions_obtained":[{"floor":12,"key":"EntropicBrew"}],"is_trial":false,"path_per_floor":["M","M","?","T","?","R","$","R","T","R","?","M","E","?","R","B"],"character_chosen":"DEFECT","items_purchased":[],"campfire_rested":1,"item_purchase_floors":[],"current_hp_per_floor":[58,51,51,51,40,40,40,40,40,40,40,39,27,8,27,0,0],"gold":436,"neow_bonus":"BOSS_RELIC","is_daily":false,"chose_seed":false,"campfire_upgraded":3,"win_rate":0.0,"timestamp":1608574440,"path_taken":["M","M","?","?","?","R","?","R","T","R","?","M","E","?","R","BOSS"],"items_purchased_type":[],"build_version":"2020-12-13","purchased_purges":0,"victory":false,"max_hp_per_floor":[71,71,64,64,64,64,64,64,64,64,64,64,64,64,64,64,64],"relic_stats":{"Emotion Chip":[6,3,3,0,0],"Inserter":[16],"counters":[5,32],"Golden Idol":14,"MawBank":144,"obtain_stats":[{"Emotion Chip":13,"Inserter":0,"Golden Idol":3,"Cracked Core":0,"MawBank":4},{"Emotion Chip":4,"Inserter":0,"Golden Idol":2,"Cracked Core":0,"MawBank":2},{"Emotion Chip":22,"Inserter":0,"Golden Idol":10,"Cracked Core":0,"MawBank":10}]},"card_choices":[{"not_picked":["Coolheaded","Redo"],"picked":"Sweeping Beam","floor":1},{"not_picked":["Storm","Rebound"],"picked":"Steam","floor":2},{"not_picked":["Compile Driver","BootSequence"],"picked":"Chill","floor":12},{"not_picked":["Redo","Rip and Tear"],"picked":"Seek","floor":13}],"player_experience":1084439,"relics_obtained":[{"floor":4,"key":"MawBank"},{"floor":13,"key":"Emotion Chip"}],"event_choices":[{"damage_healed":0,"gold_gain":0,"player_choice":"Lose Max HP","damage_taken":0,"relics_obtained":["Golden Idol"],"max_hp_gain":0,"max_hp_loss":7,"event_name":"Golden Idol","floor":3,"gold_loss":0},{"damage_healed":0,"gold_gain":75,"player_choice":"Gather Gold","damage_taken":11,"max_hp_gain":0,"max_hp_loss":0,"event_name":"World of Goop","floor":5,"gold_loss":0},{"cards_removed":["Strike_B"],"damage_healed":0,"gold_gain":0,"player_choice":"Forget","damage_taken":0,"max_hp_gain":0,"max_hp_loss":0,"event_name":"Living Wall","floor":11,"gold_loss":0},{"damage_healed":0,"gold_gain":0,"player_choice":"Entered Light","damage_taken":19,"max_hp_gain":0,"max_hp_loss":0,"event_name":"Shining Light","floor":14,"gold_loss":0,"cards_upgraded":["Strike_B","Defend_B"]}],"is_beta":false,"boss_relics":[],"items_purged_floors":[],"is_endless":false,"potions_floor_spawned":[12],"killed_by":"The Guardian","ascension_level":20}}