{"host":"uzcks4yhskks9i02","time":1608586814,"event":{"mods":["BaseMod","Minty Spire (QoL Compilation)","Quick Restart"],"gold_per_floor":[12,12,26,26,43,81,100,127,127,167,167,207,207,12,12,125,152,179,179,203,177,206,206,58,58,58,58,58,94,123,132,132,242,242,269,296,296,143,162,162,198,198,248,283,21,30,30,0,0,0,0,0,0,44,44],"floor_reached":56,"playtime":2378,"items_purged":[],"score":1798,"play_id":"b689ee97-4319-420a-bff1-8633a0bdceaf","local_time":"20201221144014","is_ascension_mode":true,"campfire_choices":[{"floor":11.0,"key":"REST"},{"floor":15.0,"key":"REST"},{"floor":25.0,"key":"REST"},{"data":"Offering","floor":27.0,"key":"SMITH"},{"floor":32,"key":"REST"},{"floor":40,"key":"RECALL"},{"floor":49,"key":"REST"},{"data":"Disarm","floor":52,"key":"SMITH"}],"circlet_count":0,"master_deck":["Strike_R","Defend_R","Defend_R","Defend_R","Bash","Disarm+1","Wild Strike","Blood for Blood","Sword Boomerang","Offering+1","Anger","Evolve","Berserk+1","Pommel Strike","Perfected Strike","Flame Barrier","Exhume","Sword Boomerang+1","Carnage+1","Pummel+1","Clothesline","Twin Strike","Inflame+1","Inflame+1","Wild Strike+1","Sword Boomerang+1","Necronomicurse","Demon Form+1","Sword Boomerang+1","Perfected Strike+1","Mayhem+1","Thunderclap+1","Heavy Blade+1","Flame Barrier+1","Uppercut+1","Dramatic Entrance+1","Mayhem+1","Feel No Pain+1"],"relics":["Burning Blood","Peace Pipe","CeramicFish","White Beast Statue","Frozen Egg 2","Bottled Lightning","TungstenRod","Membership Card","Astrolabe","Pen Nib","ClockworkSouvenir","Self Forming Clay","Molten Egg 2","Necronomicon","Philosopher\u0027s Stone","Lee\u0027s Waffle","Juzu Bracelet","Calipers","Brimstone","PreservedInsect","Bag of Preparation","Red Mask","StrikeDummy"],"acts_visited":["TheCity","TheBeyond","TheEnding"],"potions_floor_usage":[33,41,41,55,55,55],"damage_taken":[{"damage":7.0,"enemies":"2 Louse","floor":1.0,"turns":3.0},{"damage":2.0,"enemies":"Small Slimes","floor":3.0,"turns":4.0},{"damage":2.0,"enemies":"Jaw Worm","floor":5.0,"turns":5.0},{"damage":31.0,"enemies":"Gremlin Nob","floor":6.0,"turns":4.0},{"damage":7.0,"enemies":"2 Fungi Beasts","floor":7.0,"turns":5.0},{"damage":18.0,"enemies":"Large Slime","floor":8.0,"turns":6.0},{"damage":36.0,"enemies":"3 Sentries","floor":10.0,"turns":9.0},{"damage":26.0,"enemies":"Lagavulin","floor":12.0,"turns":7.0},{"damage":5.0,"enemies":"Slime Boss","floor":16.0,"turns":8.0},{"damage":0.0,"enemies":"Spheric Guardian","floor":18.0,"turns":3.0},{"damage":23.0,"enemies":"Chosen","floor":20.0,"turns":5.0},{"damage":33.0,"enemies":"Sentry and Sphere","floor":22.0,"turns":4.0},{"damage":0.0,"enemies":"Slavers","floor":23.0,"turns":1.0},{"damage":49,"enemies":"Gremlin Leader","floor":29,"turns":5},{"damage":12,"enemies":"Snake Plant","floor":30,"turns":6},{"damage":37,"enemies":"Champ","floor":33,"turns":6},{"damage":21,"enemies":"3 Shapes","floor":35,"turns":4},{"damage":5,"enemies":"Orb Walker","floor":36,"turns":3},{"damage":5,"enemies":"Transient","floor":39,"turns":5},{"damage":50,"enemies":"Reptomancer","floor":41,"turns":3},{"damage":0,"enemies":"Giant Head","floor":44,"turns":5},{"damage":29,"enemies":"Time Eater","floor":50,"turns":4},{"damage":27,"enemies":"Shield and Spear","floor":54,"turns":2},{"damage":53,"enemies":"The Heart","floor":55,"turns":6}],"seed_played":"8591730793788126246","potions_obtained":[{"floor":5.0,"key":"DistilledChaos"},{"floor":6.0,"key":"FairyPotion"},{"floor":8.0,"key":"Energy Potion"},{"floor":10.0,"key":"AttackPotion"},{"floor":12.0,"key":"SkillPotion"},{"floor":16.0,"key":"Swift Potion"},{"floor":18.0,"key":"EntropicBrew"},{"floor":20.0,"key":"LiquidMemories"},{"floor":29,"key":"Ancient Potion"},{"floor":30,"key":"Fire Potion"},{"floor":33,"key":"FearPotion"},{"floor":35,"key":"SkillPotion"},{"floor":41,"key":"HeartOfIron"},{"floor":44,"key":"LiquidMemories"},{"floor":54,"key":"SteroidPotion"}],"is_trial":false,"path_per_floor":["M","$","M","?","M","E","M","M","T","E","R","E","?","$","R","B",null,"M","?","M","$","M","E","$","R","T","R","?","E","M","?","R","B",null,"M","M","?","$","M","R","E","?","T","E","$","?","$","?","R","B",null,"R","$","E","B",null],"character_chosen":"IRONCLAD","items_purchased":["Membership Card","Perfected Strike","Flame Barrier","Inflame+1","Pen Nib","ClockworkSouvenir","Lee\u0027s Waffle","Mayhem+1","Brimstone","PreservedInsect","Bag of Preparation","Uppercut+1","Dramatic Entrance+1"],"campfire_rested":5,"item_purchase_floors":[14,14,14,21,24,24,38,38,45,45,45,45,45],"current_hp_per_floor":[71,71,75,75,79,54,53,41,41,11,35,15,3,3,27,28,67,73,73,56,56,29,35,35,59,59,59,59,16,10,24,48,17,64,49,50,50,87,87,87,43,43,43,49,49,49,49,49,75,52,78,78,78,57,10],"gold":44,"neow_bonus":"ONE_RARE_RELIC","is_daily":false,"chose_seed":false,"campfire_upgraded":2,"win_rate":0.0,"timestamp":1608586814,"path_taken":["M","$","M","?","M","E","M","M","T","E","R","E","?","?","R","BOSS","M","?","M","$","M","E","$","R","T","R","?","E","?","?","R","BOSS","M","M","?","$","M","R","E","?","T","E","$","?","?","?","R","BOSS","R","$","E","BOSS"],"items_purchased_type":["Relic","Card","Card","Card","Relic","Relic","Relic","Card","Relic","Relic","Relic","Card","Card"],"build_version":"2020-12-13","purchased_purges":0,"victory":true,"max_hp_per_floor":[80,80,80,80,80,80,80,80,80,80,80,80,80,80,80,80,80,80,80,80,80,80,80,80,80,80,80,80,80,80,80,80,80,80,80,80,80,87,87,87,87,87,87,87,87,87,87,87,87,87,87,87,87,87,87],"card_choices":[{"not_picked":["Anger","Flex"],"picked":"Disarm","floor":1.0},{"not_picked":["Sentinel","Sword Boomerang"],"picked":"Wild Strike","floor":3.0},{"not_picked":["True Grit","Infernal Blade"],"picked":"Sword Boomerang","floor":5.0},{"not_picked":["Clash","Carnage"],"picked":"Offering","floor":6.0},{"not_picked":["True Grit","Clash"],"picked":"Anger","floor":7.0},{"not_picked":["Armaments","Ghostly Armor"],"picked":"Evolve","floor":8.0},{"not_picked":["Pommel Strike","Sword Boomerang"],"picked":"Berserk+1","floor":10.0},{"not_picked":["Infernal Blade","Disarm"],"picked":"Pommel Strike","floor":12.0},{"not_picked":["Immolate","Limit Break"],"picked":"Exhume","floor":16.0},{"not_picked":["Clash","Rampage"],"picked":"Clothesline","floor":18.0},{"not_picked":["Shrug It Off","Body Slam"],"picked":"Twin Strike","floor":20.0},{"not_picked":["Wild Strike","Pommel Strike"],"picked":"Inflame+1","floor":22.0},{"not_picked":["Clothesline+1","Entrench"],"picked":"Wild Strike+1","floor":29},{"not_picked":["True Grit","Shrug It Off"],"picked":"Sword Boomerang+1","floor":30},{"not_picked":["Fiend Fire+1","Impervious"],"picked":"Demon Form+1","floor":33},{"not_picked":["Carnage+1","True Grit+1"],"picked":"Sword Boomerang+1","floor":35},{"not_picked":["Blood for Blood+1","Shrug It Off+1"],"picked":"Perfected Strike+1","floor":36},{"not_picked":["True Grit+1","Dual Wield+1"],"picked":"Thunderclap+1","floor":39},{"not_picked":["Infernal Blade","Body Slam+1"],"picked":"Heavy Blade+1","floor":41},{"not_picked":["Dual Wield","Infernal Blade"],"picked":"Flame Barrier+1","floor":44},{"not_picked":["Purity","Trip"],"picked":"Mayhem+1","floor":46},{"not_picked":["Searing Blow+1","Warcry"],"picked":"Feel No Pain+1","floor":54}],"player_experience":461057,"relics_obtained":[{"floor":6.0,"key":"CeramicFish"},{"floor":9.0,"key":"White Beast Statue"},{"floor":10.0,"key":"Frozen Egg 2"},{"floor":12.0,"key":"Bottled Lightning"},{"floor":26.0,"key":"Self Forming Clay"},{"floor":29,"key":"Molten Egg 2"},{"floor":31,"key":"Necronomicon"},{"floor":41,"key":"Juzu Bracelet"},{"floor":44,"key":"Calipers"},{"floor":54,"key":"StrikeDummy"}],"event_choices":[{"damage_healed":0.0,"max_hp_gain":0.0,"max_hp_loss":0.0,"gold_gain":0.0,"cards_transformed":["Strike_R"],"event_name":"Living Wall","player_choice":"Change","floor":4.0,"gold_loss":0.0,"damage_taken":0.0,"cards_obtained":["Blood for Blood"]},{"damage_healed":0.0,"max_hp_gain":0.0,"max_hp_loss":0.0,"gold_gain":0.0,"event_name":"Scrap Ooze","player_choice":"Success","floor":13.0,"gold_loss":0.0,"damage_taken":12.0,"relics_obtained":["TungstenRod"]},{"damage_healed":0.0,"max_hp_gain":0.0,"max_hp_loss":0.0,"gold_gain":0.0,"event_name":"Vampires","player_choice":"Ignored","floor":19.0,"gold_loss":0.0,"damage_taken":0.0},{"damage_healed":0.0,"max_hp_gain":0.0,"max_hp_loss":0.0,"gold_gain":0.0,"event_name":"The Woman in Blue","player_choice":"Bought 0 Potions","floor":28.0,"gold_loss":0.0,"damage_taken":0.0},{"damage_healed":0,"gold_gain":0,"player_choice":"Obtained Book","damage_taken":16,"max_hp_gain":0,"max_hp_loss":0,"event_name":"Cursed Tome","floor":31,"gold_loss":0},{"cards_removed":["Defend_R"],"damage_healed":0,"gold_gain":0,"player_choice":"Removed Skill","damage_taken":0,"max_hp_gain":0,"max_hp_loss":0,"event_name":"Falling","floor":37,"gold_loss":0},{"damage_healed":0,"gold_gain":0,"player_choice":"Ignored","damage_taken":0,"max_hp_gain":0,"max_hp_loss":0,"event_name":"Mysterious Sphere","floor":42,"gold_loss":0},{"damage_healed":0,"gold_gain":0,"player_choice":"Memory 1","damage_taken":0,"max_hp_gain":0,"max_hp_loss":0,"event_name":"SensoryStone","floor":46,"gold_loss":0},{"damage_healed":0,"gold_gain":0,"player_choice":"Paid","damage_taken":0,"relics_obtained":["Red Mask"],"max_hp_gain":0,"max_hp_loss":0,"event_name":"Tomb of Lord Red Mask","floor":48,"gold_loss":30}],"is_beta":false,"boss_relics":[{"not_picked":["Empty Cage","Busted Crown"],"picked":"Astrolabe"},{"not_picked":["Coffee Dripper","SlaversCollar"],"picked":"Philosopher\u0027s Stone"}],"items_purged_floors":[],"is_endless":false,"potions_floor_spawned":[5,6,8,10,12,16,18,20,22,23,29,30,33,35,36,39,41,44,54],"ascension_level":8}}