{"host":"rmsq46plbpwfbxcc","time":1608589606,"event":{"mods":["AchievementEnabler","BaseMod","Colored Map","DeckTracker","Minty Spire (QoL Compilation)","Permanent Neow","SuperFastMode"],"gold_per_floor":[114,125,125,144,69,69,95,108,108,108,118,38,63,79,79,157,157,169,181,200,211,231,231,231],"floor_reached":23,"playtime":805,"items_purged":["Defend_G","Strike_G"],"score":418,"play_id":"83d069f6-aefc-40f0-bb89-cf4d2c5fdcfe","local_time":"20201222072646","is_ascension_mode":true,"campfire_choices":[{"data":"Neutralize","floor":6,"key":"SMITH"},{"data":"Finisher","floor":10,"key":"SMITH"},{"data":"Blade Dance","floor":15,"key":"SMITH"}],"circlet_count":0,"master_deck":["AscendersBane","Strike_G","Strike_G","Strike_G","Defend_G","Defend_G","Defend_G","Defend_G","Survivor","Neutralize+1","PiercingWail","Dagger Spray","Finisher+1","Backstab","Backflip","Blade Dance+1","Burst","Blade Dance","Accuracy+1","Cloak And Dagger"],"relics":["Philosopher\u0027s Stone","The Courier","Lizard Tail","Peace Pipe","Coffee Dripper"],"acts_visited":["Exordium","TheCity"],"potions_floor_usage":[7,11,13,20,21,21],"damage_taken":[{"damage":0,"enemies":"2 Louse","floor":1,"turns":3},{"damage":4,"enemies":"Cultist","floor":2,"turns":5},{"damage":1,"enemies":"Jaw Worm","floor":4,"turns":6},{"damage":18,"enemies":"Lagavulin","floor":7,"turns":9},{"damage":0,"enemies":"3 Louse","floor":8,"turns":4},{"damage":8,"enemies":"Exordium Thugs","floor":11,"turns":4},{"damage":0,"enemies":"Gremlin Nob","floor":13,"turns":3},{"damage":0,"enemies":"Looter","floor":14,"turns":1},{"damage":34,"enemies":"The Guardian","floor":16,"turns":14},{"damage":0,"enemies":"Chosen","floor":18,"turns":3},{"damage":0,"enemies":"Shell Parasite","floor":19,"turns":5},{"damage":4,"enemies":"Centurion and Healer","floor":20,"turns":4},{"damage":12,"enemies":"3 Cultists","floor":21,"turns":5},{"damage":8,"enemies":"Snake Plant","floor":22,"turns":4},{"damage":36,"enemies":"Book of Stabbing","floor":23,"turns":4}],"seed_played":"5516772906493544058","potions_obtained":[{"floor":4,"key":"Block Potion"},{"floor":7,"key":"BlessingOfTheForge"},{"floor":8,"key":"ColorlessPotion"},{"floor":16,"key":"SkillPotion"},{"floor":18,"key":"PowerPotion"},{"floor":20,"key":"Energy Potion"}],"is_trial":false,"path_per_floor":["M","M","?","M","$","R","E","M","T","R","M","$","E","M","R","B",null,"M","M","M","M","M","E"],"character_chosen":"THE_SILENT","items_purchased":[],"campfire_rested":0,"item_purchase_floors":[],"current_hp_per_floor":[59,55,55,54,54,54,36,36,36,36,28,28,28,28,28,29,57,57,57,53,41,33,0,0],"gold":231,"neow_bonus":"BOSS_RELIC","is_daily":false,"chose_seed":false,"campfire_upgraded":3,"win_rate":0.0,"timestamp":1608589606,"path_taken":["M","M","?","M","$","R","E","?","T","R","M","$","E","M","R","BOSS","M","?","M","M","M","E"],"items_purchased_type":[],"build_version":"2020-12-13","purchased_purges":2,"victory":false,"max_hp_per_floor":[66,66,66,66,66,66,66,66,66,66,66,66,66,66,66,66,66,66,66,66,66,66,66,66],"card_choices":[{"not_picked":["Outmaneuver","Infinite Blades"],"picked":"PiercingWail","floor":1},{"not_picked":["Acrobatics","Sucker Punch"],"picked":"Dagger Spray","floor":2},{"not_picked":["Bane","Well Laid Plans"],"picked":"Finisher","floor":4},{"not_picked":["Burst","Acrobatics"],"picked":"Backstab","floor":7},{"not_picked":["Bane","Sucker Punch"],"picked":"Backflip","floor":8},{"not_picked":["Poisoned Stab","Malaise"],"picked":"Blade Dance","floor":11},{"not_picked":["Dodge and Roll","Calculated Gamble","Bane"],"picked":"SKIP","floor":13},{"not_picked":["Noxious Fumes","Slice","Prepared"],"picked":"SKIP","floor":14},{"not_picked":["A Thousand Cuts","Night Terror"],"picked":"Burst","floor":16},{"not_picked":["Dagger Spray","PiercingWail"],"picked":"Blade Dance","floor":18},{"not_picked":["Sucker Punch","Backstab","Deflect"],"picked":"SKIP","floor":19},{"not_picked":["Choke","Blade Dance"],"picked":"Accuracy+1","floor":20},{"not_picked":["Sucker Punch","Prepared"],"picked":"Cloak And Dagger","floor":21},{"not_picked":["Slice","Backflip","Quick Slash"],"picked":"SKIP","floor":22}],"player_experience":1353652,"relics_obtained":[{"floor":7,"key":"The Courier"},{"floor":9,"key":"Lizard Tail"},{"floor":13,"key":"Peace Pipe"}],"event_choices":[{"cards_removed":["Strike_G"],"damage_healed":0,"gold_gain":0,"player_choice":"Purged","damage_taken":0,"max_hp_gain":0,"max_hp_loss":0,"event_name":"Purifier","floor":3,"gold_loss":0}],"is_beta":false,"boss_relics":[{"not_picked":["Black Star","Runic Pyramid"],"picked":"Coffee Dripper"}],"items_purged_floors":[5,12],"is_endless":false,"potions_floor_spawned":[4,7,8,16,18,19,20],"killed_by":"Book of Stabbing","ascension_level":16}}