{"host":"naykp6d9ulahlwib","time":1608520205,"event":{"mods":["BaseMod","Highlight Path","Minty Spire (QoL Compilation)","Shop Mod","StSLib"],"gold_per_floor":[117,137,149,224,224,224,149,160,160,160,172,2,22,22,22,127,127,144,69,69],"floor_reached":19,"playtime":1597,"items_purged":["Pain","Strike_G"],"score":239,"play_id":"dde48c5f-1ade-4b23-a87f-2dbec5b44220","local_time":"20201220211005","is_ascension_mode":true,"campfire_choices":[{"floor":6.0,"key":"REST"},{"floor":15.0,"key":"REST"}],"circlet_count":0,"master_deck":["AscendersBane","Strike_G","Strike_G","Defend_G","Defend_G","Survivor","Neutralize","Catalyst","Noxious Fumes","Blur","Malaise","Poisoned Stab"],"relics":["Ring of the Snake","WarpedTongs","White Beast Statue","Empty Cage"],"acts_visited":["Exordium","TheCity"],"potions_floor_usage":[],"damage_taken":[{"damage":1.0,"enemies":"2 Louse","floor":1.0,"turns":4.0},{"damage":1.0,"enemies":"Cultist","floor":2.0,"turns":5.0},{"damage":7.0,"enemies":"Jaw Worm","floor":3.0,"turns":9.0},{"damage":12.0,"enemies":"Lots of Slimes","floor":8.0,"turns":7.0},{"damage":10.0,"enemies":"Large Slime","floor":11.0,"turns":11.0},{"damage":9.0,"enemies":"Exordium Wildlife","floor":13.0,"turns":7.0},{"damage":17.0,"enemies":"Hexaghost","floor":16.0,"turns":13.0},{"damage":11.0,"enemies":"Chosen","floor":18.0,"turns":9.0},{"damage":58,"enemies":"2 Thieves","floor":19,"turns":3}],"seed_played":"2661812006246502581","potions_obtained":[{"floor":1.0,"key":"SkillPotion"},{"floor":8.0,"key":"SpeedPotion"},{"floor":11.0,"key":"LiquidMemories"},{"floor":13.0,"key":"SteroidPotion"},{"floor":16.0,"key":"CunningPotion"},{"floor":18.0,"key":"Ancient Potion"}],"is_trial":false,"path_per_floor":["M","M","M","?","?","R","$","M","T","?","M","$","M","?","R","B",null,"M","M"],"character_chosen":"THE_SILENT","items_purchased":["Noxious Fumes"],"campfire_rested":2,"item_purchase_floors":[12],"current_hp_per_floor":[44,43,36,25,25,46,46,34,34,34,24,24,15,8,29,12,56,45,0,0],"gold":69,"neow_bonus":"REMOVE_TWO","is_daily":false,"chose_seed":false,"campfire_upgraded":0,"win_rate":0.0,"timestamp":1608520205,"path_taken":["M","M","M","?","?","R","$","?","T","?","?","$","M","?","R","BOSS","M","M"],"items_purchased_type":["Card"],"build_version":"2020-12-13","purchased_purges":2,"victory":false,"max_hp_per_floor":[70,70,70,70,70,70,70,70,70,70,70,70,70,70,70,70,70,70,70,70],"card_choices":[{"not_picked":["Eviscerate","Calculated Gamble","Backflip"],"picked":"SKIP","floor":1.0},{"not_picked":["PiercingWail","Prepared","Sucker Punch"],"picked":"SKIP","floor":2.0},{"not_picked":["Slice","Heel Hook","Prepared"],"picked":"SKIP","floor":3.0},{"not_picked":["Acrobatics","Slice"],"picked":"Catalyst","floor":8.0},{"not_picked":["PiercingWail","Flying Knee","Caltrops"],"picked":"SKIP","floor":11.0},{"not_picked":["Concentrate","Malaise"],"picked":"Blur","floor":13.0},{"not_picked":["Unload","After Image"],"picked":"Malaise","floor":16.0},{"not_picked":["Quick Slash","Flying Knee"],"picked":"Poisoned Stab","floor":18.0}],"player_experience":852794,"relics_obtained":[{"floor":9.0,"key":"White Beast Statue"}],"event_choices":[{"damage_healed":0.0,"max_hp_gain":0.0,"max_hp_loss":0.0,"gold_gain":75.0,"event_name":"World of Goop","player_choice":"Gather Gold","floor":4.0,"gold_loss":0.0,"damage_taken":11.0},{"damage_healed":0.0,"max_hp_gain":0.0,"max_hp_loss":0.0,"gold_gain":0.0,"event_name":"Accursed Blacksmith","player_choice":"Rummage","floor":5.0,"gold_loss":0.0,"damage_taken":0.0,"relics_obtained":["WarpedTongs"],"cards_obtained":["Pain"]},{"damage_healed":0.0,"max_hp_gain":0.0,"max_hp_loss":0.0,"gold_gain":0.0,"event_name":"The Woman in Blue","player_choice":"Bought 0 Potions","floor":10.0,"gold_loss":0.0,"damage_taken":0.0},{"cards_removed":["Defend_G"],"damage_healed":0.0,"max_hp_gain":0.0,"max_hp_loss":0.0,"gold_gain":0.0,"event_name":"Golden Wing","player_choice":"Card Removal","floor":14.0,"gold_loss":0.0,"damage_taken":7.0}],"is_beta":false,"boss_relics":[{"not_picked":["WristBlade","Calling Bell"],"picked":"Empty Cage"}],"items_purged_floors":[7,12],"is_endless":false,"potions_floor_spawned":[1,8,11,13,16,18],"killed_by":"2 Thieves","ascension_level":10}}