{"host":"49c2zf0lajbcs427","time":1608543453,"event":{"mods":["AchievementEnabler","BaseMod","Colored Map","Colored Powertips","Highlight Path","Minty Spire (QoL Compilation)","Relic Stats","StSLib"],"gold_per_floor":[99,99,99,99,99,99,99,99,99,99,99,99,69,69,69,69,69,0,0,0,0,0,0,0,0,0,0,0,0,0,0,0,0,0,0,0,0,0,0,0,0,0,0,0,0,0,0,0,0,0],"floor_reached":51,"playtime":3824,"items_purged":[],"score":984,"play_id":"6d2018d7-ec4d-4aed-ad4b-dea0dfa9dbc8","local_time":"20201221223733","is_ascension_mode":true,"campfire_choices":[{"data":"Spot Weakness","floor":15,"key":"SMITH"},{"data":"Ghostly","floor":24,"key":"SMITH"},{"data":"Ghostly","floor":27,"key":"SMITH"},{"data":"Ghostly","floor":29,"key":"SMITH"},{"data":"Ghostly","floor":32,"key":"SMITH"},{"data":"True Grit","floor":41,"key":"SMITH"},{"data":"Armaments","floor":44,"key":"SMITH"},{"data":"Armaments","floor":49,"key":"SMITH"}],"circlet_count":0,"master_deck":["Bash","Infernal Blade+1","Spot Weakness+1","Sever Soul","Iron Wave","Metallicize","Burning Pact","True Grit","Body Slam","Juggernaut","Armaments+1","Rage","Brutality","Carnage","True Grit+1","Double Tap","Dual Wield","Body Slam+1","Shockwave","Ghostly+1","Ghostly+1","Ghostly+1","Ghostly+1","Ghostly","Pommel Strike+1","Reaper","Warcry+1","Offering","Armaments+1","Feed","Bloodletting+1","Barricade"],"relics":["Ectoplasm","StrikeDummy","Self Forming Clay","Mango","Eternal Feather","Darkstone Periapt","Lantern","Omamori","Pandora\u0027s Box","Smiling Mask","Pen Nib","Bag of Marbles","Dream Catcher","Runic Pyramid","Pantograph","Ancient Tea Set","Bag of Preparation","White Beast Statue","Red Mask"],"acts_visited":["Exordium","TheCity","TheBeyond"],"potions_floor_usage":[12,16,18,20,23,23,50,50,50],"damage_taken":[{"damage":1,"enemies":"Cultist","floor":1,"turns":4},{"damage":7,"enemies":"Jaw Worm","floor":2,"turns":3},{"damage":2,"enemies":"2 Louse","floor":3,"turns":3},{"damage":15,"enemies":"Lagavulin","floor":6,"turns":7},{"damage":0,"enemies":"Gremlin Nob","floor":8,"turns":3},{"damage":4,"enemies":"3 Sentries","floor":10,"turns":3},{"damage":0,"enemies":"2 Fungi Beasts","floor":11,"turns":1},{"damage":3,"enemies":"Gremlin Nob","floor":12,"turns":3},{"damage":0,"enemies":"Looter","floor":13,"turns":3},{"damage":26,"enemies":"Slime Boss","floor":16,"turns":11},{"damage":17,"enemies":"2 Thieves","floor":18,"turns":4},{"damage":9,"enemies":"Shell Parasite","floor":20,"turns":2},{"damage":3,"enemies":"Shelled Parasite and Fungi","floor":22,"turns":7},{"damage":2,"enemies":"Slavers","floor":23,"turns":6},{"damage":1,"enemies":"Book of Stabbing","floor":28,"turns":6},{"damage":3,"enemies":"Snecko","floor":31,"turns":4},{"damage":10,"enemies":"Collector","floor":33,"turns":8},{"damage":2,"enemies":"3 Darklings","floor":35,"turns":7},{"damage":0,"enemies":"Orb Walker","floor":38,"turns":4},{"damage":11,"enemies":"Giant Head","floor":40,"turns":7},{"damage":11,"enemies":"Reptomancer","floor":42,"turns":5},{"damage":6,"enemies":"Giant Head","floor":45,"turns":8},{"damage":0,"enemies":"Transient","floor":47,"turns":5},{"damage":22,"enemies":"Awakened One","floor":50,"turns":9}],"seed_played":"4163904806553623169","potions_obtained":[{"floor":3,"key":"Block Potion"},{"floor":11,"key":"Fire Potion"},{"floor":12,"key":"PowerPotion"},{"floor":13,"key":"Weak Potion"},{"floor":16,"key":"Swift Potion"},{"floor":18,"key":"Energy Potion"},{"floor":28,"key":"SpeedPotion"},{"floor":35,"key":"Dexterity Potion"},{"floor":40,"key":"SmokeBomb"},{"floor":47,"key":"GamblersBrew"}],"is_trial":false,"path_per_floor":["M","M","M","?","?","E","?","E","T","E","M","E","M","T","R","B",null,"M","?","M","?","M","E","R","?","T","R","E","R","$","M","R","B",null,"M","?","$","M","?","E","R","E","T","R","E","?","M","$","R","B",null],"character_chosen":"IRONCLAD","items_purchased":[],"campfire_rested":0,"item_purchase_floors":[],"current_hp_per_floor":[79,72,70,63,63,48,41,55,55,51,51,48,48,48,57,31,94,77,77,68,47,44,42,47,47,47,47,46,47,47,44,47,47,47,46,46,46,49,47,39,50,53,53,54,54,54,54,54,54,32],"gold":0,"neow_bonus":"BOSS_RELIC","is_daily":false,"chose_seed":false,"campfire_upgraded":8,"win_rate":0.0,"timestamp":1608543453,"path_taken":["M","?","M","?","?","E","?","E","T","E","M","E","M","?","R","BOSS","M","?","M","?","?","E","R","?","T","R","E","R","?","M","R","BOSS","M","?","?","?","?","E","R","E","T","R","E","?","M","?","R","BOSS"],"items_purchased_type":[],"build_version":"2020-12-13","purchased_purges":0,"victory":true,"max_hp_per_floor":[80,80,80,80,80,80,80,94,94,94,94,94,94,94,94,94,94,94,94,94,47,47,47,47,47,47,47,47,47,47,47,47,47,47,47,47,47,50,47,50,50,54,54,54,54,54,54,54,54,54],"relic_stats":{"Darkstone Periapt":0,"Dream Catcher":0,"counters":[24,123],"Self Forming Clay":[138],"Pantograph":0,"Eternal Feather":30,"Pandora\u0027s Box":["Armaments","Burning Pact","Rage","Brutality","Carnage","True Grit","Double Tap","Dual Wield"],"Ectoplasm":847,"Pen Nib":[11],"Bag of Preparation":[6],"Smiling Mask":0,"obtain_stats":[{"Darkstone Periapt":10,"Lantern":12,"Self Forming Clay":6,"Mango":8,"Eternal Feather":9,"Pen Nib":23,"Omamori":14,"Bag of Preparation":43,"Smiling Mask":19,"Ancient Tea Set":42,"Burning Blood":0,"White Beast Statue":45,"Dream Catcher":28,"Pantograph":40,"Pandora\u0027s Box":17,"Ectoplasm":0,"Bag of Marbles":26,"Red Mask":46,"StrikeDummy":4,"Runic Pyramid":34},{"Darkstone Periapt":6,"Lantern":8,"Self Forming Clay":4,"Mango":5,"Eternal Feather":5,"Pen Nib":14,"Omamori":9,"Bag of Preparation":21,"Smiling Mask":11,"Ancient Tea Set":21,"Burning Blood":0,"White Beast Statue":22,"Dream Catcher":15,"Pantograph":20,"Pandora\u0027s Box":10,"Ectoplasm":0,"Bag of Marbles":14,"Red Mask":22,"StrikeDummy":3,"Runic Pyramid":17},{"Darkstone Periapt":23,"Lantern":27,"Self Forming Clay":17,"Mango":20,"Eternal Feather":20,"Pen Nib":60,"Omamori":30,"Bag of Preparation":101,"Smiling Mask":45,"Ancient Tea Set":101,"Burning Blood":0,"White Beast Statue":109,"Dream Catcher":66,"Pantograph":96,"Pandora\u0027s Box":41,"Ectoplasm":0,"Bag of Marbles":60,"Red Mask":109,"StrikeDummy":10,"Runic Pyramid":78}]},"card_choices":[{"not_picked":["Havoc","Iron Wave"],"picked":"Infernal Blade","floor":1},{"not_picked":["Seeing Red","Havoc"],"picked":"Spot Weakness","floor":2},{"not_picked":["Body Slam","Power Through"],"picked":"Sever Soul","floor":6},{"not_picked":["Second Wind","True Grit"],"picked":"Iron Wave","floor":8},{"not_picked":["Flex","Warcry"],"picked":"Metallicize","floor":10},{"not_picked":["Blood for Blood","Disarm"],"picked":"Burning Pact","floor":11},{"not_picked":["Heavy Blade","Perfected Strike"],"picked":"True Grit","floor":12},{"not_picked":["Barricade","Iron Wave"],"picked":"Body Slam","floor":13},{"not_picked":["Limit Break","Brutality"],"picked":"Juggernaut","floor":16},{"not_picked":["Wild Strike","Clothesline"],"picked":"Body Slam+1","floor":18},{"not_picked":["Bloodletting+1","Sentinel"],"picked":"Shockwave","floor":20},{"not_picked":["True Grit","Dropkick"],"picked":"Pommel Strike+1","floor":22},{"not_picked":["Carnage","Inflame","Feel No Pain+1"],"picked":"SKIP","floor":23},{"not_picked":["Clothesline","Pommel Strike"],"picked":"Reaper","floor":28},{"not_picked":["Wild Strike+1","Spot Weakness"],"picked":"Warcry+1","floor":31},{"not_picked":["Impervious","Reaper"],"picked":"Offering","floor":33},{"not_picked":["Heavy Blade","Twin Strike+1","Metallicize"],"picked":"SKIP","floor":35},{"not_picked":["Combust+1","Whirlwind+1"],"picked":"Bloodletting+1","floor":38},{"not_picked":["Sword Boomerang","Clash","Perfected Strike+1"],"picked":"SKIP","floor":40},{"not_picked":["Sword Boomerang","Heavy Blade"],"picked":"Barricade","floor":42},{"not_picked":["Havoc+1","Rupture+1","Perfected Strike"],"picked":"SKIP","floor":45},{"not_picked":["Inflame+1","Burning Pact","Pommel Strike"],"picked":"SKIP","floor":47}],"player_experience":2139808,"relics_obtained":[{"floor":6,"key":"Self Forming Clay"},{"floor":8,"key":"Mango"},{"floor":9,"key":"Eternal Feather"},{"floor":10,"key":"Darkstone Periapt"},{"floor":12,"key":"Lantern"},{"floor":14,"key":"Omamori"},{"floor":23,"key":"Pen Nib"},{"floor":26,"key":"Bag of Marbles"},{"floor":28,"key":"Dream Catcher"},{"floor":40,"key":"Pantograph"},{"floor":42,"key":"Ancient Tea Set"},{"floor":43,"key":"Bag of Preparation"},{"floor":45,"key":"White Beast Statue"}],"event_choices":[{"damage_healed":0,"gold_gain":0,"player_choice":"Success","damage_taken":7,"relics_obtained":["StrikeDummy"],"max_hp_gain":0,"max_hp_loss":0,"event_name":"Scrap Ooze","floor":4,"gold_loss":0},{"damage_healed":0,"gold_gain":0,"player_choice":"Grow","damage_taken":0,"max_hp_gain":0,"max_hp_loss":0,"event_name":"Living Wall","floor":5,"gold_loss":0,"cards_upgraded":["Infernal Blade"]},{"cards_removed":["Strike_R"],"damage_healed":0,"gold_gain":0,"player_choice":"Card Removal","damage_taken":7,"max_hp_gain":0,"max_hp_loss":0,"event_name":"Golden Wing","floor":7,"gold_loss":0},{"damage_healed":0,"gold_gain":0,"player_choice":"Stole Relic","damage_taken":0,"relics_obtained":["Smiling Mask"],"max_hp_gain":0,"max_hp_loss":0,"event_name":"Addict","floor":19,"gold_loss":0,"cards_obtained":["Shame"]},{"damage_healed":0,"gold_gain":0,"player_choice":"Became a Ghost","damage_taken":0,"max_hp_gain":0,"max_hp_loss":47,"event_name":"Ghosts","floor":21,"gold_loss":0,"cards_obtained":["Ghostly","Ghostly","Ghostly","Ghostly","Ghostly"]},{"cards_removed":["Burning Pact"],"damage_healed":0,"gold_gain":0,"player_choice":"Purged","damage_taken":0,"max_hp_gain":0,"max_hp_loss":0,"event_name":"Purifier","floor":25,"gold_loss":0},{"damage_healed":0,"gold_gain":0,"player_choice":"2 cards matched","damage_taken":0,"max_hp_gain":0,"max_hp_loss":0,"event_name":"Match and Keep!","floor":36,"gold_loss":0,"cards_obtained":["Armaments","Feed"]},{"damage_healed":0,"gold_gain":0,"player_choice":"Max HP","damage_taken":0,"max_hp_gain":0,"max_hp_loss":3,"event_name":"Winding Halls","floor":39,"gold_loss":0},{"damage_healed":0,"gold_gain":0,"player_choice":"Paid","damage_taken":0,"relics_obtained":["Red Mask"],"max_hp_gain":0,"max_hp_loss":0,"event_name":"Tomb of Lord Red Mask","floor":46,"gold_loss":0}],"is_beta":false,"boss_relics":[{"not_picked":["Sozu","Philosopher\u0027s Stone"],"picked":"Pandora\u0027s Box"},{"not_picked":["Black Star","SlaversCollar"],"picked":"Runic Pyramid"}],"items_purged_floors":[],"is_endless":false,"potions_floor_spawned":[3,11,12,13,16,18,28,35,40,47],"ascension_level":2}}