{"host":"ktoxvvst1mwxww91","time":1608540135,"event":{"mods":["BaseMod","Hermit","Minty Spire (QoL Compilation)","StSLib","The Hierophant","The Mystic","The Necromancer"],"gold_per_floor":[109,109,184,359,379,379,406,406,432,432,448,398,398,432,432,506,506,506,301,301,301,301,301,301,119,119,119,119,119,119,119,119,119,119,119,119,119,119,74,74,74,74,74,74,74,74,74,74,74,74],"floor_reached":51,"playtime":2198,"items_purged":["Dualcast","Strike_B"],"score":1377,"play_id":"b16c636b-fb85-4c76-b980-2542f05bbee4","local_time":"20201221094215","is_ascension_mode":true,"campfire_choices":[{"data":"Sunder","floor":6.0,"key":"SMITH"},{"data":"Machine Learning","floor":8.0,"key":"SMITH"},{"data":"Reinforced Body","floor":13.0,"key":"SMITH"},{"data":"Sunder","floor":15.0,"key":"SMITH"},{"floor":24,"key":"REST"},{"data":"Defragment","floor":30,"key":"SMITH"},{"data":"Defragment","floor":32,"key":"SMITH"},{"data":"Coolheaded","floor":42,"key":"SMITH"},{"floor":49,"key":"REST"}],"circlet_count":0,"master_deck":["AscendersBane","Strike_B+1","Defend_B","Defend_B","Defend_B","Defend_B+1","Zap","Reinforced Body+1","Sunder+1","Machine Learning+1","Cold Snap","Sunder+1","Meteor Strike","Chill","Defragment+1","Coolheaded+1","Conserve Battery+1","Coolheaded","Conserve Battery","Defragment+1","Gash","Capacitor","Barrage","Go for the Eyes+1","Leap+1","Cold Snap","BootSequence","Cold Snap","Creative AI"],"relics":["Cracked Core","NeowsBlessing","Anchor","Art of War","Regal Pillow","Ectoplasm","Centennial Puzzle","Red Mask","Inserter","Old Coin","Calipers","FossilizedHelix","Omamori","Molten Egg 2"],"acts_visited":["Exordium","TheCity","TheBeyond"],"potions_floor_usage":[23,29,38,40,44,48,50],"damage_taken":[{"damage":0.0,"enemies":"Jaw Worm","floor":1.0,"turns":1.0},{"damage":0.0,"enemies":"Small Slimes","floor":5.0,"turns":1.0},{"damage":0.0,"enemies":"3 Sentries","floor":7.0,"turns":1.0},{"damage":0.0,"enemies":"2 Louse","floor":11.0,"turns":2.0},{"damage":18.0,"enemies":"Lagavulin","floor":14.0,"turns":6.0},{"damage":30.0,"enemies":"Hexaghost","floor":16.0,"turns":13.0},{"damage":0,"enemies":"Spheric Guardian","floor":18,"turns":3},{"damage":3,"enemies":"Chosen","floor":20,"turns":6},{"damage":17,"enemies":"Shelled Parasite and Fungi","floor":22,"turns":6},{"damage":23,"enemies":"Snake Plant","floor":23,"turns":5},{"damage":0,"enemies":"Masked Bandits","floor":28,"turns":6},{"damage":5,"enemies":"Snecko","floor":29,"turns":6},{"damage":45,"enemies":"Champ","floor":33,"turns":18},{"damage":0,"enemies":"Orb Walker","floor":35,"turns":5},{"damage":3,"enemies":"3 Darklings","floor":38,"turns":6},{"damage":0,"enemies":"Reptomancer","floor":40,"turns":11},{"damage":11,"enemies":"Mind Bloom Boss Battle","floor":41,"turns":9},{"damage":8,"enemies":"Jaw Worm Horde","floor":44,"turns":6},{"damage":0,"enemies":"Giant Head","floor":45,"turns":14},{"damage":0,"enemies":"Nemesis","floor":47,"turns":9},{"damage":21,"enemies":"Transient","floor":48,"turns":5},{"damage":15,"enemies":"Donu and Deca","floor":50,"turns":11}],"seed_played":"-6826273015418591934","potions_obtained":[{"floor":5.0,"key":"FocusPotion"},{"floor":7.0,"key":"SteroidPotion"},{"floor":16.0,"key":"SteroidPotion"},{"floor":18,"key":"Fire Potion"},{"floor":28,"key":"SkillPotion"},{"floor":33,"key":"LiquidMemories"},{"floor":41,"key":"SkillPotion"},{"floor":44,"key":"FearPotion"},{"floor":48,"key":"SkillPotion"}],"is_trial":false,"path_per_floor":["M","?","?","?","M","R","E","R","T","?","M","?","R","E","R","B",null,"M","$","M","?","M","M","R","$","T","$","?","M","R","?","R","B",null,"M","$","?","M","$","E","?","R","T","M","E","?","E","M","R","B",null],"character_chosen":"DEFECT","items_purchased":["Defragment","Coolheaded","Defragment","Cold Snap"],"campfire_rested":2,"item_purchase_floors":[19,19,25,39],"current_hp_per_floor":[68,53,42,42,42,42,42,42,42,60,60,60,60,42,42,12,59,59,59,56,56,39,16,53,53,53,53,53,48,48,48,48,3,57,57,57,85,82,82,82,71,71,71,63,63,63,63,42,81,66],"gold":74,"neow_bonus":"THREE_ENEMY_KILL","is_daily":false,"chose_seed":false,"campfire_upgraded":7,"win_rate":0.0,"timestamp":1608540135,"path_taken":["M","?","?","?","M","R","E","R","T","?","M","?","R","E","R","BOSS","M","$","M","?","M","?","R","$","T","?","?","M","R","?","R","BOSS","M","$","?","?","?","E","?","R","T","M","E","?","E","M","R","BOSS"],"items_purchased_type":["Card","Card","Card","Card"],"build_version":"2020-12-13","purchased_purges":2,"victory":true,"max_hp_per_floor":[75,75,75,75,75,75,75,75,75,75,75,75,75,75,75,75,75,75,75,75,75,75,75,75,75,75,75,75,75,75,75,75,75,75,75,75,85,85,85,85,85,85,85,85,85,82,82,82,82,82],"card_choices":[{"not_picked":["Hologram","BootSequence"],"picked":"Reinforced Body","floor":1.0},{"not_picked":["Barrage","Redo"],"picked":"Sunder","floor":5.0},{"not_picked":["Steam","Sweeping Beam"],"picked":"Machine Learning","floor":7.0},{"not_picked":["Leap","Conserve Battery"],"picked":"Cold Snap","floor":11.0},{"not_picked":["Turbo","Streamline"],"picked":"Sunder","floor":14.0},{"not_picked":["Electrodynamics","Fission"],"picked":"Meteor Strike","floor":16.0},{"not_picked":["Beam Cell","Rip and Tear"],"picked":"Chill","floor":18},{"not_picked":["Barrage","Beam Cell"],"picked":"Conserve Battery+1","floor":20},{"not_picked":["Recycle","Barrage+1"],"picked":"Coolheaded","floor":22},{"not_picked":["Coolheaded","Blizzard"],"picked":"Conserve Battery","floor":23},{"not_picked":["Seek","Steam"],"picked":"Gash","floor":28},{"not_picked":["Tempest","Steam","Fusion"],"picked":"SKIP","floor":29},{"not_picked":["Reboot","Rainbow"],"picked":"Meteor Strike","floor":33},{"not_picked":["Coolheaded","Sweeping Beam"],"picked":"Go for the Eyes+1","floor":35},{"not_picked":["Scrape","Ball Lightning"],"picked":"Leap+1","floor":38},{"not_picked":["Multi-Cast","Ball Lightning"],"picked":"BootSequence","floor":40},{"not_picked":["Fusion+1","Darkness"],"picked":"Cold Snap","floor":41},{"not_picked":["Capacitor","Tempest","Aggregate"],"picked":"SKIP","floor":44},{"not_picked":["Turbo","Coolheaded","Hologram"],"picked":"SKIP","floor":45},{"not_picked":["Force Field+1","Turbo"],"picked":"Creative AI","floor":47},{"not_picked":["Cold Snap+1","Compile Driver+1","Redo+1"],"picked":"SKIP","floor":48}],"player_experience":899279,"relics_obtained":[{"floor":7.0,"key":"Anchor"},{"floor":9.0,"key":"Art of War"},{"floor":14.0,"key":"Regal Pillow"},{"floor":26,"key":"Centennial Puzzle"},{"floor":28,"key":"Red Mask"},{"floor":40,"key":"Old Coin"},{"floor":41,"key":"Calipers"},{"floor":43,"key":"FossilizedHelix"},{"floor":45,"key":"Omamori"},{"floor":47,"key":"Molten Egg 2"}],"event_choices":[{"damage_healed":0.0,"max_hp_gain":0.0,"max_hp_loss":0.0,"gold_gain":0.0,"event_name":"Shining Light","player_choice":"Entered Light","floor":2.0,"gold_loss":0.0,"damage_taken":15.0,"cards_upgraded":["Strike_B","Defend_B"]},{"damage_healed":0.0,"max_hp_gain":0.0,"max_hp_loss":0.0,"gold_gain":75.0,"event_name":"World of Goop","player_choice":"Gather Gold","floor":3.0,"gold_loss":0.0,"damage_taken":11.0},{"damage_healed":0.0,"max_hp_gain":0.0,"max_hp_loss":0.0,"gold_gain":175.0,"event_name":"Liars Game","player_choice":"AGREE","floor":4.0,"gold_loss":0.0,"damage_taken":0.0,"cards_obtained":["Doubt"]},{"damage_healed":18.0,"max_hp_gain":0.0,"max_hp_loss":0.0,"gold_gain":0.0,"event_name":"Mushrooms","player_choice":"Healed and dodged fight","floor":10.0,"gold_loss":0.0,"damage_taken":0.0,"cards_obtained":["Parasite"]},{"cards_removed":["Doubt"],"damage_healed":0.0,"max_hp_gain":0.0,"max_hp_loss":0.0,"gold_gain":0.0,"event_name":"The Cleric","player_choice":"Card Removal","floor":12.0,"gold_loss":50.0,"damage_taken":0.0},{"damage_healed":0,"gold_gain":100,"player_choice":"Pray","damage_taken":0,"max_hp_gain":0,"max_hp_loss":0,"event_name":"Golden Shrine","floor":21,"gold_loss":0},{"damage_healed":0,"gold_gain":0,"player_choice":"Fought Bandits","damage_taken":0,"max_hp_gain":0,"max_hp_loss":0,"event_name":"Masked Bandits","floor":28,"gold_loss":0},{"damage_healed":0,"gold_gain":0,"cards_transformed":["Strike_B","Strike_B"],"player_choice":"Became Test Subject","damage_taken":0,"max_hp_gain":0,"max_hp_loss":0,"event_name":"Drug Dealer","floor":31,"gold_loss":0,"cards_obtained":["Capacitor","Barrage"]},{"cards_removed":["Meteor Strike"],"damage_healed":18,"gold_gain":0,"player_choice":"Offered Rare","damage_taken":0,"max_hp_gain":10,"max_hp_loss":0,"event_name":"Bonfire Elementals","floor":37,"gold_loss":0},{"damage_healed":0,"gold_gain":0,"player_choice":"Fight","damage_taken":0,"max_hp_gain":0,"max_hp_loss":0,"event_name":"MindBloom","floor":41,"gold_loss":0},{"cards_removed":["Parasite"],"damage_healed":0,"gold_gain":0,"player_choice":"Removed Curses","damage_taken":0,"max_hp_gain":0,"max_hp_loss":0,"event_name":"Fountain of Cleansing","floor":46,"gold_loss":0}],"is_beta":false,"boss_relics":[{"not_picked":["Calling Bell","Runic Pyramid"],"picked":"Ectoplasm"},{"not_picked":["Sozu","SlaversCollar"],"picked":"Inserter"}],"items_purged_floors":[19,25],"is_endless":false,"potions_floor_spawned":[5,7,16,18,28,33,41,44,48],"ascension_level":13}}