{"host":"x039aayur7qovk2d","time":1608590425,"event":{"mods":["BaseMod","Block Reminder","Colored Map","Colored Powertips","Minty Spire (QoL Compilation)","Quick Restart","Rare Cards Sparkle","Relic Stats"],"gold_per_floor":[119,194,209,209,227,227,254,265,317,11,26,58,58,89,89,193,193,205,215,229,83,83,108,108,127,181,181,216,216,9,19,19,19,19],"floor_reached":33,"playtime":2772,"items_purged":[],"score":305,"play_id":"68cd1059-79a1-4515-8796-f39903ac8f5f","local_time":"20201221144025","is_ascension_mode":false,"campfire_choices":[{"data":"Anger","floor":6,"key":"SMITH"},{"floor":13,"key":"RECALL"},{"data":"Armaments","floor":15,"key":"SMITH"},{"data":"Inflame","floor":24,"key":"SMITH"},{"data":"Double Tap","floor":27,"key":"SMITH"},{"data":"Dual Wield","floor":32,"key":"SMITH"}],"circlet_count":0,"master_deck":["Strike_R","Strike_R","Strike_R","Strike_R","Strike_R","Defend_R","Defend_R","Defend_R","Bash","Clash","Anger+1","Warcry","Inflame+1","Flex","Perfected Strike","Battle Trance","Armaments+1","Clothesline","Exhume","Iron Wave","Metallicize+1","Double Tap+1","Wild Strike+1","Dual Wield+1"],"relics":["Burning Blood","Mercury Hourglass","Smiling Mask","HandDrill","Oddly Smooth Stone","Eternal Feather","Singing Bowl","Runic Pyramid","Lantern","Molten Egg 2","Bag of Marbles","Happy Flower","Blood Vial"],"acts_visited":["Exordium","TheCity"],"potions_floor_usage":[7,12,12,16,20,28,28,28,33],"damage_taken":[{"damage":1,"enemies":"Jaw Worm","floor":1,"turns":2},{"damage":7,"enemies":"2 Louse","floor":3,"turns":3},{"damage":0,"enemies":"Cultist","floor":5,"turns":3},{"damage":13,"enemies":"3 Sentries","floor":7,"turns":5},{"damage":0,"enemies":"2 Fungi Beasts","floor":8,"turns":2},{"damage":4,"enemies":"Looter","floor":11,"turns":2},{"damage":18,"enemies":"Gremlin Nob","floor":12,"turns":3},{"damage":12,"enemies":"3 Sentries","floor":14,"turns":4},{"damage":20,"enemies":"Hexaghost","floor":16,"turns":7},{"damage":10,"enemies":"Chosen","floor":18,"turns":4},{"damage":17,"enemies":"3 Byrds","floor":19,"turns":5},{"damage":20,"enemies":"Centurion and Healer","floor":20,"turns":5},{"damage":16,"enemies":"Gremlin Leader","floor":23,"turns":7},{"damage":13,"enemies":"Cultist and Chosen","floor":25,"turns":5},{"damage":1,"enemies":"Slavers","floor":28,"turns":4},{"damage":0,"enemies":"Snake Plant","floor":31,"turns":2},{"damage":73,"enemies":"Automaton","floor":33,"turns":10}],"seed_played":"2047150817793621590","potions_obtained":[{"floor":1,"key":"SkillPotion"},{"floor":7,"key":"DuplicationPotion"},{"floor":8,"key":"LiquidBronze"},{"floor":14,"key":"SteroidPotion"},{"floor":18,"key":"SpeedPotion"},{"floor":19,"key":"Explosive Potion"},{"floor":23,"key":"SkillPotion"},{"floor":25,"key":"SteroidPotion"}],"is_trial":false,"path_per_floor":["M","?","M","?","M","R","E","M","T","$","M","E","R","E","R","B",null,"M","M","M","$","?","E","R","M","T","R","E","?","$","M","R","B"],"character_chosen":"IRONCLAD","items_purchased":["HandDrill","Oddly Smooth Stone","Lantern","Blood Vial","PowerPotion"],"campfire_rested":0,"item_purchase_floors":[10,10,21,30,30],"current_hp_per_floor":[80,69,68,61,67,67,60,66,66,66,68,56,65,59,68,54,80,78,67,53,53,53,43,55,48,48,60,65,49,49,59,71,0,0],"gold":19,"neow_bonus":"TRANSFORM_CARD","is_daily":false,"chose_seed":false,"campfire_upgraded":5,"win_rate":0.0,"timestamp":1608590425,"path_taken":["M","?","M","?","M","R","E","M","T","?","M","E","R","E","R","BOSS","M","?","M","$","?","E","R","M","T","R","E","?","?","M","R","BOSS"],"items_purchased_type":["Relic","Relic","Relic","Relic","Potion"],"build_version":"2020-12-13","purchased_purges":0,"victory":false,"max_hp_per_floor":[80,80,80,80,80,80,80,80,80,80,80,80,80,80,80,80,80,82,82,82,82,82,82,82,82,82,82,82,87,87,89,89,89,89],"relic_stats":{"Blood Vial":4,"Singing Bowl":4,"Happy Flower":[4],"counters":[17,72],"Eternal Feather":54,"HandDrill":[18],"Smiling Mask":0,"obtain_stats":[{"Lantern":21,"Singing Bowl":14,"Happy Flower":28,"Oddly Smooth Stone":10,"Eternal Feather":12,"Smiling Mask":7,"Burning Blood":0,"Mercury Hourglass":4,"Blood Vial":30,"Molten Egg 2":23,"HandDrill":10,"Bag of Marbles":26,"Runic Pyramid":17},{"Lantern":12,"Singing Bowl":8,"Happy Flower":15,"Oddly Smooth Stone":5,"Eternal Feather":7,"Smiling Mask":4,"Burning Blood":0,"Mercury Hourglass":2,"Blood Vial":15,"Molten Egg 2":13,"HandDrill":5,"Bag of Marbles":14,"Runic Pyramid":9},{"Lantern":44,"Singing Bowl":23,"Happy Flower":60,"Oddly Smooth Stone":14,"Eternal Feather":19,"Smiling Mask":12,"Burning Blood":0,"Mercury Hourglass":5,"Blood Vial":60,"Molten Egg 2":51,"HandDrill":14,"Bag of Marbles":56,"Runic Pyramid":30}],"Burning Blood":91,"Mercury Hourglass":[306]},"card_choices":[{"not_picked":["Headbutt","True Grit"],"picked":"Anger","floor":1},{"not_picked":["Body Slam","Carnage"],"picked":"Warcry","floor":3},{"not_picked":["Wild Strike","Evolve"],"picked":"Inflame","floor":5},{"not_picked":["Rupture","Entrench"],"picked":"Flex","floor":7},{"not_picked":["Warcry","True Grit"],"picked":"Perfected Strike","floor":8},{"not_picked":["Evolve","Dark Embrace"],"picked":"Battle Trance","floor":11},{"not_picked":["Perfected Strike","Flex"],"picked":"Armaments","floor":12},{"not_picked":["Sever Soul","Inflame"],"picked":"Clothesline","floor":14},{"not_picked":["Reaper","Impervious"],"picked":"Exhume","floor":16},{"not_picked":["Hemokinesis","Sword Boomerang+1","Shrug It Off+1"],"picked":"Singing Bowl","floor":18},{"not_picked":["Clash","Perfected Strike"],"picked":"Iron Wave","floor":19},{"not_picked":["Iron Wave","Armaments+1"],"picked":"Metallicize+1","floor":20},{"not_picked":["Heavy Blade+1","Cleave+1"],"picked":"Double Tap","floor":23},{"not_picked":["Intimidate","Thunderclap+1"],"picked":"Wild Strike+1","floor":25},{"not_picked":["Body Slam+1","Combust"],"picked":"Dual Wield","floor":28},{"not_picked":["Fire Breathing","Clash+1","Havoc"],"picked":"Singing Bowl","floor":31}],"player_experience":173465,"relics_obtained":[{"floor":7,"key":"Smiling Mask"},{"floor":12,"key":"Eternal Feather"},{"floor":14,"key":"Singing Bowl"},{"floor":23,"key":"Molten Egg 2"},{"floor":26,"key":"Bag of Marbles"},{"floor":28,"key":"Happy Flower"}],"event_choices":[{"damage_healed":0,"gold_gain":75,"player_choice":"Gather Gold","damage_taken":11,"max_hp_gain":0,"max_hp_loss":0,"event_name":"World of Goop","floor":2,"gold_loss":0},{"damage_healed":0,"gold_gain":0,"player_choice":"Success","damage_taken":7,"relics_obtained":["Mercury Hourglass"],"max_hp_gain":0,"max_hp_loss":0,"event_name":"Scrap Ooze","floor":4,"gold_loss":0},{"damage_healed":0,"gold_gain":0,"player_choice":"Ignored","damage_taken":0,"max_hp_gain":0,"max_hp_loss":0,"event_name":"Beggar","floor":22,"gold_loss":0},{"damage_healed":0,"gold_gain":0,"player_choice":"Shed Blood","damage_taken":21,"max_hp_gain":5,"max_hp_loss":0,"event_name":"Forgotten Altar","floor":29,"gold_loss":0}],"is_beta":false,"boss_relics":[{"not_picked":["Black Blood","Coffee Dripper"],"picked":"Runic Pyramid"}],"items_purged_floors":[],"is_endless":false,"potions_floor_spawned":[1,7,8,14,18,19,23,25],"killed_by":"Automaton","ascension_level":0}}