{"host":"63rwe7p34ct1i0qu","time":1608522626,"event":{"mods":["BaseMod","Colored Map","DeckTracker","Minty Spire (QoL Compilation)","Permanent Neow","Quick Restart","StSLib"],"gold_per_floor":[119,69,117,192,211,211,211,211,211,222,222,142,142,156,156,261,261,251,251,251,265,107,107,123,123,148,159,108,124,124,151,151,248,248,259,259,259,269,269,269,269,315,341,341,341,113,132,151,151,151],"floor_reached":51,"playtime":1653,"items_purged":[],"score":1022,"play_id":"e8275801-129e-4e41-8df5-eaa045a94a77","local_time":"20201221125026","is_ascension_mode":true,"campfire_choices":[{"data":"Zap","floor":6,"key":"SMITH"},{"data":"Genetic Algorithm","floor":8,"key":"SMITH"},{"floor":15,"key":"REST"},{"data":"Buffer","floor":23,"key":"SMITH"},{"data":"Capacitor","floor":25,"key":"SMITH"},{"data":"Seek","floor":32,"key":"SMITH"},{"data":"Defragment","floor":40,"key":"SMITH"},{"floor":44,"key":"REST"},{"floor":49,"key":"DIG"}],"circlet_count":0,"master_deck":["AscendersBane","Defend_B","Defend_B","Defend_B","Defend_B","Dualcast","Seek+1","Genetic Algorithm+1","Doom and Gloom","Buffer+1","Seek","Capacitor+1","Rainbow+1","CurseOfTheBell","Fusion+1","All For One","Genetic Algorithm+1","Defragment+1","White Noise+1","Recycle+1","Hologram+1","Leap+1","Turbo+1","Electrodynamics+1","Meteor Strike","Coolheaded+1","Madness+1","Madness+1","Coolheaded+1","Glacier+1"],"relics":["Cracked Core","Lantern","Ornamental Fan","Boot","Toxic Egg 2","Calling Bell","Anchor","Mummified Hand","FossilizedHelix","DataDisk","Regal Pillow","Snecko Eye","Shovel","Omamori","TheAbacus","Pantograph"],"acts_visited":["Exordium","TheCity","TheBeyond"],"potions_floor_usage":[16,18,24,29,42,50],"damage_taken":[{"damage":0,"enemies":"Small Slimes","floor":1,"turns":2},{"damage":2,"enemies":"Jaw Worm","floor":5,"turns":4},{"damage":1,"enemies":"Cultist","floor":10,"turns":3},{"damage":0,"enemies":"Looter","floor":14,"turns":3},{"damage":18,"enemies":"The Guardian","floor":16,"turns":10},{"damage":0,"enemies":"2 Thieves","floor":18,"turns":4},{"damage":0,"enemies":"Shell Parasite","floor":21,"turns":5},{"damage":0,"enemies":"Snecko","floor":24,"turns":5},{"damage":8,"enemies":"Snake Plant","floor":27,"turns":5},{"damage":0,"enemies":"Chosen and Byrds","floor":29,"turns":4},{"damage":20,"enemies":"Automaton","floor":33,"turns":9},{"damage":0,"enemies":"3 Shapes","floor":35,"turns":4},{"damage":0,"enemies":"3 Darklings","floor":38,"turns":5},{"damage":2,"enemies":"2 Orb Walkers","floor":42,"turns":5},{"damage":0,"enemies":"Transient","floor":47,"turns":5},{"damage":0,"enemies":"Maw","floor":48,"turns":7},{"damage":0,"enemies":"Donu and Deca","floor":50,"turns":8}],"seed_played":"5078946375619573970","potions_obtained":[{"floor":10,"key":"Regen Potion"},{"floor":11,"key":"Block Potion"},{"floor":11,"key":"EssenceOfDarkness"},{"floor":16,"key":"GamblersBrew"},{"floor":18,"key":"Strength Potion"},{"floor":27,"key":"BlessingOfTheForge"},{"floor":29,"key":"EssenceOfSteel"},{"floor":42,"key":"BlessingOfTheForge"},{"floor":48,"key":"DuplicationPotion"}],"is_trial":false,"path_per_floor":["M","?","T","?","M","R","T","R","T","M","?","$","?","M","R","B",null,"M","?","?","M","$","R","M","R","T","M","$","M","?","T","R","B",null,"M","?","$","M","?","R","T","?","T","R","?","$","M","M","R","B",null],"character_chosen":"DEFECT","items_purchased":["Seek","White Noise+1","Recycle+1","Turbo+1","Glacier+1","TheAbacus"],"campfire_rested":2,"item_purchase_floors":[12,22,22,28,46,46],"current_hp_per_floor":[50,50,50,39,37,37,37,37,37,36,36,36,24,24,46,43,67,67,67,67,67,67,67,67,67,67,59,59,59,75,75,75,55,70,70,61,61,61,61,61,61,59,59,75,75,75,75,75,75,75],"gold":151,"neow_bonus":"THREE_RARE_CARDS","is_daily":false,"chose_seed":false,"campfire_upgraded":6,"win_rate":0.0,"timestamp":1608522626,"path_taken":["M","?","?","?","?","R","?","R","T","?","?","?","?","M","R","BOSS","M","?","?","?","?","R","M","R","T","M","$","M","?","?","R","BOSS","M","?","$","M","?","R","?","?","T","R","?","$","M","?","R","BOSS"],"items_purchased_type":["Card","Card","Card","Card","Card","Relic"],"build_version":"2020-12-13","purchased_purges":0,"victory":true,"max_hp_per_floor":[75,75,75,75,75,75,75,75,75,75,75,75,75,75,75,75,75,75,75,75,75,75,75,75,75,75,75,75,75,75,75,75,75,75,75,75,75,75,75,75,75,75,75,75,75,75,75,75,75,75],"card_choices":[{"not_picked":["Buffer","Creative AI"],"picked":"Seek","floor":0},{"not_picked":["Conserve Battery","Streamline"],"picked":"Genetic Algorithm","floor":1},{"not_picked":["Defragment","Turbo"],"picked":"Doom and Gloom","floor":5},{"not_picked":["Undo","Lockon"],"picked":"Buffer","floor":10},{"not_picked":["Go for the Eyes","Steam+1"],"picked":"Capacitor","floor":14},{"not_picked":["All For One","Thunder Strike"],"picked":"Rainbow+1","floor":16},{"not_picked":["Gash","Rebound+1"],"picked":"Fusion+1","floor":18},{"not_picked":["Gash","Go for the Eyes"],"picked":"Defragment","floor":21},{"not_picked":["Beam Cell","Redo+1"],"picked":"Hologram+1","floor":24},{"not_picked":["Lockon","Stack+1"],"picked":"Leap+1","floor":27},{"not_picked":["Go for the Eyes+1","Cold Snap+1"],"picked":"Electrodynamics","floor":29},{"not_picked":["Biased Cognition","Multi-Cast+1"],"picked":"Meteor Strike","floor":33},{"not_picked":["Conserve Battery+1","Darkness+1"],"picked":"Coolheaded+1","floor":35},{"not_picked":["Capacitor","Rebound+1","Ball Lightning"],"picked":"SKIP","floor":38},{"not_picked":["Conserve Battery+1","Barrage"],"picked":"Coolheaded+1","floor":42},{"not_picked":["Doom and Gloom+1","Reinforced Body+1","Compile Driver+1"],"picked":"SKIP","floor":47},{"not_picked":["Darkness+1","White Noise+1","Turbo+1"],"picked":"SKIP","floor":48}],"player_experience":800164,"relics_obtained":[{"floor":3,"key":"Lantern"},{"floor":7,"key":"Ornamental Fan"},{"floor":9,"key":"Boot"},{"floor":17,"key":"Anchor"},{"floor":17,"key":"Mummified Hand"},{"floor":17,"key":"FossilizedHelix"},{"floor":26,"key":"DataDisk"},{"floor":31,"key":"Regal Pillow"},{"floor":42,"key":"Shovel"},{"floor":43,"key":"Omamori"},{"floor":49,"key":"Pantograph"}],"event_choices":[{"cards_removed":["Strike_B"],"damage_healed":0,"gold_gain":0,"player_choice":"Card Removal","damage_taken":0,"max_hp_gain":0,"max_hp_loss":0,"event_name":"The Cleric","floor":2,"gold_loss":50},{"damage_healed":0,"gold_gain":75,"player_choice":"Gather Gold","damage_taken":11,"max_hp_gain":0,"max_hp_loss":0,"event_name":"World of Goop","floor":4,"gold_loss":0},{"damage_healed":0,"gold_gain":0,"player_choice":"Got Potions","damage_taken":0,"max_hp_gain":0,"max_hp_loss":0,"event_name":"Lab","floor":11,"gold_loss":0},{"damage_healed":0,"gold_gain":0,"player_choice":"Success","damage_taken":12,"relics_obtained":["Toxic Egg 2"],"max_hp_gain":0,"max_hp_loss":0,"event_name":"Scrap Ooze","floor":13,"gold_loss":0},{"damage_healed":0,"gold_gain":0,"cards_transformed":["Strike_B","Strike_B"],"player_choice":"Became Test Subject","damage_taken":0,"max_hp_gain":0,"max_hp_loss":0,"event_name":"Drug Dealer","floor":19,"gold_loss":0,"cards_obtained":["All For One","Genetic Algorithm"]},{"cards_removed":["Strike_B"],"damage_healed":0,"gold_gain":0,"player_choice":"Purged","damage_taken":0,"max_hp_gain":0,"max_hp_loss":0,"event_name":"Purifier","floor":20,"gold_loss":0},{"damage_healed":25,"gold_gain":0,"player_choice":"Heal","damage_taken":0,"max_hp_gain":0,"max_hp_loss":0,"event_name":"The Library","floor":30,"gold_loss":0},{"damage_healed":0,"gold_gain":0,"player_choice":"Embrace Madness","damage_taken":9,"max_hp_gain":0,"max_hp_loss":0,"event_name":"Winding Halls","floor":36,"gold_loss":0,"cards_obtained":["Madness","Madness"]},{"cards_removed":["Zap"],"damage_healed":0,"gold_gain":0,"player_choice":"Removed Skill","damage_taken":0,"max_hp_gain":0,"max_hp_loss":0,"event_name":"Falling","floor":39,"gold_loss":0},{"damage_healed":0,"gold_gain":0,"player_choice":"Fight","damage_taken":0,"max_hp_gain":0,"max_hp_loss":0,"event_name":"Mysterious Sphere","floor":42,"gold_loss":0},{"damage_healed":0,"gold_gain":0,"player_choice":"Upgraded","damage_taken":0,"max_hp_gain":0,"max_hp_loss":0,"event_name":"Upgrade Shrine","floor":45,"gold_loss":0,"cards_upgraded":["Electrodynamics"]}],"is_beta":false,"boss_relics":[{"not_picked":["Cursed Key","FrozenCore"],"picked":"Calling Bell"},{"not_picked":["Coffee Dripper","SlaversCollar"],"picked":"Snecko Eye"}],"items_purged_floors":[],"is_endless":false,"potions_floor_spawned":[10,16,18,27,29,42,48],"ascension_level":10}}