{"host":"vumwfieg2b2mnrfl","time":1608577961,"event":{"mods":["AchievementEnabler","BaseMod","Minty Spire (QoL Compilation)","Rare Cards Sparkle","Relic Stats"],"gold_per_floor":[367,5,5,21,36,36,69,81,147,159,185,212,224,271,283,399,411,436,448,175,175,175,175],"floor_reached":22,"playtime":692,"items_purged":[],"score":287,"play_id":"250db21e-1bc3-4786-b6c0-440498aefe50","local_time":"20201221131241","is_ascension_mode":true,"campfire_choices":[{"data":"Bash","floor":6,"key":"SMITH"},{"floor":13,"key":"REST"},{"floor":15,"key":"REST"}],"circlet_count":0,"master_deck":["AscendersBane","Strike_R","Strike_R","Strike_R","Strike_R","Defend_R","Defend_R","Defend_R","Bash+1","Inflame","Rampage","Clothesline","Twin Strike","Hemokinesis","Headbutt","Wild Strike","Limit Break","Shrug It Off","Demon Form","Rampage"],"relics":["Burning Blood","Medical Kit","PreservedInsect","MawBank","Juzu Bracelet","Spirit Poop","Toy Ornithopter","Black Star","Meat on the Bone"],"acts_visited":["Exordium","TheCity"],"potions_floor_usage":[7,16,16],"damage_taken":[{"damage":6,"enemies":"Small Slimes","floor":1,"turns":6},{"damage":3,"enemies":"Cultist","floor":4,"turns":4},{"damage":13,"enemies":"Jaw Worm","floor":5,"turns":4},{"damage":12,"enemies":"Gremlin Nob","floor":7,"turns":3},{"damage":7,"enemies":"2 Fungi Beasts","floor":11,"turns":4},{"damage":33,"enemies":"Exordium Thugs","floor":12,"turns":4},{"damage":30,"enemies":"3 Sentries","floor":14,"turns":6},{"damage":44,"enemies":"Hexaghost","floor":16,"turns":10},{"damage":57,"enemies":"Shell Parasite","floor":18,"turns":8},{"damage":12,"enemies":"Chosen","floor":22,"turns":1}],"seed_played":"-8291436588648282799","potions_obtained":[{"floor":1,"key":"Energy Potion"},{"floor":5,"key":"PowerPotion"},{"floor":14,"key":"ColorlessPotion"},{"floor":16,"key":"BloodPotion"},{"floor":18,"key":"Explosive Potion"}],"is_trial":false,"path_per_floor":["M","$","?","M","M","R","E","$","T","?","M","M","R","E","R","B",null,"M","?","$","?","M"],"character_chosen":"IRONCLAD","items_purchased":["Medical Kit","PreservedInsect","Rampage","Meat on the Bone","Shrug It Off"],"campfire_rested":2,"item_purchase_floors":[2,2,2,20,20],"current_hp_per_floor":[51,51,51,54,47,47,41,41,41,41,40,13,37,13,37,9,62,11,11,11,11,0,0],"gold":175,"neow_bonus":"TWO_FIFTY_GOLD","is_daily":false,"chose_seed":false,"campfire_upgraded":1,"win_rate":0.0,"timestamp":1608577961,"path_taken":["M","$","?","M","M","R","E","?","T","?","M","M","R","E","R","BOSS","M","?","$","?","M"],"items_purchased_type":["Relic","Relic","Card","Relic","Card"],"build_version":"2020-12-13","purchased_purges":0,"victory":false,"max_hp_per_floor":[80,80,80,80,80,80,80,80,80,80,80,80,80,80,80,80,80,80,80,80,80,80,80],"relic_stats":{"counters":[10,50],"PreservedInsect":55,"Juzu Bracelet":0,"Black Star":0,"Medical Kit":[4],"MawBank":156,"obtain_stats":[{"Spirit Poop":10,"PreservedInsect":2,"Juzu Bracelet":9,"Black Star":17,"Medical Kit":2,"MawBank":7,"Burning Blood":0,"Toy Ornithopter":14,"Meat on the Bone":20},{"Spirit Poop":4,"PreservedInsect":1,"Juzu Bracelet":4,"Black Star":8,"Medical Kit":1,"MawBank":4,"Burning Blood":0,"Toy Ornithopter":7,"Meat on the Bone":9},{"Spirit Poop":17,"PreservedInsect":6,"Juzu Bracelet":17,"Black Star":41,"Medical Kit":6,"MawBank":17,"Burning Blood":0,"Toy Ornithopter":31,"Meat on the Bone":49}],"Burning Blood":54,"Toy Ornithopter":10,"Meat on the Bone":0},"card_choices":[{"not_picked":["Power Through","Pommel Strike"],"picked":"Inflame","floor":1},{"not_picked":["Sentinel","Heavy Blade"],"picked":"Clothesline","floor":4},{"not_picked":["Perfected Strike","Dark Embrace"],"picked":"Twin Strike","floor":5},{"not_picked":["Bludgeon","Iron Wave"],"picked":"Hemokinesis","floor":7},{"not_picked":["Twin Strike","Reckless Charge"],"picked":"Headbutt","floor":11},{"not_picked":["Dark Embrace","Clash","Whirlwind"],"picked":"SKIP","floor":12},{"not_picked":["Pommel Strike","Havoc"],"picked":"Wild Strike","floor":14},{"not_picked":["Double Tap","Fiend Fire"],"picked":"Limit Break","floor":16},{"not_picked":["True Grit","Perfected Strike","Entrench"],"picked":"SKIP","floor":18}],"player_experience":273459,"relics_obtained":[{"floor":7,"key":"MawBank"},{"floor":9,"key":"Juzu Bracelet"},{"floor":14,"key":"Toy Ornithopter"}],"event_choices":[{"damage_healed":0,"gold_gain":0,"player_choice":"Cursed","damage_taken":0,"max_hp_gain":0,"max_hp_loss":0,"event_name":"Wheel of Change","floor":3,"gold_loss":0,"cards_obtained":["Decay"]},{"cards_removed":["Decay"],"damage_healed":0,"gold_gain":0,"player_choice":"Offered Curse","damage_taken":0,"relics_obtained":["Spirit Poop"],"max_hp_gain":0,"max_hp_loss":0,"event_name":"Bonfire Elementals","floor":10,"gold_loss":0},{"damage_healed":0,"gold_gain":0,"player_choice":"Ignored","damage_taken":0,"max_hp_gain":0,"max_hp_loss":0,"event_name":"Ghosts","floor":19,"gold_loss":0},{"damage_healed":0,"gold_gain":0,"cards_transformed":["Strike_R","Defend_R"],"player_choice":"Became Test Subject","damage_taken":0,"max_hp_gain":0,"max_hp_loss":0,"event_name":"Drug Dealer","floor":21,"gold_loss":0,"cards_obtained":["Demon Form","Rampage"]}],"is_beta":false,"boss_relics":[{"not_picked":["Runic Pyramid","Snecko Eye"],"picked":"Black Star"}],"items_purged_floors":[],"is_endless":false,"potions_floor_spawned":[1,5,14,16,18],"killed_by":"Chosen","ascension_level":10}}