{"host":"pjgcdp3h1plnbocs","time":1608545568,"event":{"mods":["AchievementEnabler","BaseMod","Colored Map","Highlight Path","Minty Spire (QoL Compilation)"],"gold_per_floor":[111,129,145,145,145,145,164,164,164,175,204,221,233,233,233,337,337,355,355,280,53,53,53,84,84,110,70,85,115,125,141,141,244,244,256,78,78,88,133,133,159,0,0,28,39,59,79,109,109,109],"floor_reached":51,"playtime":2206,"items_purged":["Strike_G+1","Strike_G+1"],"score":1200,"play_id":"d93a7bcb-4196-4cbc-a8e3-1580fbb3039a","local_time":"20201221111248","is_ascension_mode":true,"campfire_choices":[{"data":"Neutralize","floor":6.0,"key":"SMITH"},{"data":"Deadly Poison","floor":8.0,"key":"SMITH"},{"data":"Bane","floor":15.0,"key":"SMITH"},{"floor":23,"key":"REST"},{"data":"Survivor","floor":25,"key":"SMITH"},{"floor":32,"key":"REST"},{"data":"Footwork","floor":40,"key":"SMITH"},{"floor":49,"key":"REST"}],"circlet_count":0,"master_deck":["Strike_G+1","Strike_G+1","Defend_G+1","Defend_G+1","Defend_G+1","Defend_G+1","Defend_G+1","Neutralize+1","Deadly Poison+1","Footwork+1","Bane+1","Acrobatics+1","Adrenaline+1","Catalyst+1","Catalyst+1","Footwork+1","Catalyst+1","Acrobatics+1","Escape Plan+1","Crippling Poison+1"],"relics":["Ring of the Snake","PreservedInsect","Toxic Egg 2","Letter Opener","Molten Egg 2","Philosopher\u0027s Stone","TwistedFunnel","Potion Belt","Lantern","Orichalcum","Black Star","Unceasing Top","Pantograph","Nunchaku","Red Mask","Eternal Feather","InkBottle","Whetstone","Omamori","Sundial"],"acts_visited":["Exordium","TheCity","TheBeyond"],"potions_floor_usage":[16,24,50,50,50,50,50,50,50,50,50,50],"damage_taken":[{"damage":1.0,"enemies":"Small Slimes","floor":1.0,"turns":5.0},{"damage":11.0,"enemies":"Jaw Worm","floor":2.0,"turns":4.0},{"damage":7.0,"enemies":"2 Louse","floor":3.0,"turns":3.0},{"damage":4.0,"enemies":"Exordium Thugs","floor":7.0,"turns":6.0},{"damage":1.0,"enemies":"2 Fungi Beasts","floor":10.0,"turns":4.0},{"damage":5.0,"enemies":"Gremlin Nob","floor":11.0,"turns":4.0},{"damage":0.0,"enemies":"Large Slime","floor":12.0,"turns":6.0},{"damage":8.0,"enemies":"Lots of Slimes","floor":13.0,"turns":4.0},{"damage":43,"enemies":"Slime Boss","floor":16,"turns":18},{"damage":6,"enemies":"Chosen","floor":18,"turns":5},{"damage":0,"enemies":"Gremlin Leader","floor":24,"turns":4},{"damage":0,"enemies":"2 Thieves","floor":28,"turns":3},{"damage":0,"enemies":"Book of Stabbing","floor":29,"turns":3},{"damage":19,"enemies":"Sentry and Sphere","floor":30,"turns":9},{"damage":0,"enemies":"Shelled Parasite and Fungi","floor":31,"turns":2},{"damage":7,"enemies":"Collector","floor":33,"turns":4},{"damage":0,"enemies":"3 Shapes","floor":35,"turns":3},{"damage":0,"enemies":"Orb Walker","floor":38,"turns":3},{"damage":4,"enemies":"2 Orb Walkers","floor":39,"turns":5},{"damage":3,"enemies":"Giant Head","floor":41,"turns":2},{"damage":4,"enemies":"Nemesis","floor":44,"turns":3},{"damage":1,"enemies":"3 Darklings","floor":45,"turns":5},{"damage":0,"enemies":"Transient","floor":46,"turns":4},{"damage":5,"enemies":"Jaw Worm Horde","floor":47,"turns":2},{"damage":2,"enemies":"Giant Head","floor":48,"turns":3},{"damage":0,"enemies":"Donu and Deca","floor":50,"turns":5}],"seed_played":"-829910392987215296","potions_obtained":[{"floor":2.0,"key":"Swift Potion"},{"floor":10.0,"key":"BlessingOfTheForge"},{"floor":12.0,"key":"CunningPotion"},{"floor":13.0,"key":"DuplicationPotion"},{"floor":18,"key":"LiquidMemories"},{"floor":27,"key":"EssenceOfSteel"},{"floor":27,"key":"DistilledChaos"},{"floor":27,"key":"SpeedPotion"},{"floor":31,"key":"EntropicBrew"},{"floor":46,"key":"Dexterity Potion"}],"is_trial":false,"path_per_floor":["M","M","M","?","?","R","M","R","T","M","E","M","M","?","R","B",null,"M","?","?","$","?","R","E","R","T","?","M","E","M","M","R","B",null,"M","$","?","M","?","R","E","?","T","E","M","M","M","E","R","B",null],"character_chosen":"THE_SILENT","items_purchased":["TwistedFunnel","Footwork"],"campfire_rested":3,"item_purchase_floors":[21,36],"current_hp_per_floor":[62,51,44,67,67,67,63,63,63,62,57,57,49,49,49,6,54,48,48,48,48,35,57,57,57,57,57,57,57,38,38,60,53,70,70,70,70,70,66,66,63,63,63,59,58,58,53,51,75,75],"gold":109,"neow_bonus":"RANDOM_COMMON_RELIC","is_daily":false,"chose_seed":false,"campfire_upgraded":5,"win_rate":0.0,"timestamp":1608545568,"path_taken":["M","M","M","?","?","R","M","R","T","M","E","M","M","?","R","BOSS","M","?","?","$","?","R","E","R","T","?","?","E","M","M","R","BOSS","M","$","?","M","?","R","E","?","T","E","M","?","M","E","R","BOSS"],"items_purchased_type":["Relic","Card"],"build_version":"2020-12-13","purchased_purges":2,"victory":true,"max_hp_per_floor":[70,70,70,70,70,70,70,70,70,70,70,70,70,70,70,70,70,70,70,70,70,75,75,75,75,75,75,75,75,75,75,75,75,75,75,75,75,75,75,75,75,75,75,75,75,75,75,75,75,75],"card_choices":[{"not_picked":["Cloak And Dagger","Quick Slash"],"picked":"Deadly Poison","floor":1.0},{"not_picked":["Heel Hook","Accuracy","Deflect"],"picked":"SKIP","floor":2.0},{"not_picked":["Slice","Acrobatics"],"picked":"Footwork","floor":3.0},{"not_picked":["Dagger Throw","Cloak And Dagger","Concentrate"],"picked":"SKIP","floor":7.0},{"not_picked":["Flying Knee","Underhanded Strike"],"picked":"Bane","floor":10.0},{"not_picked":["Calculated Gamble+1","Concentrate+1"],"picked":"Acrobatics+1","floor":11.0},{"not_picked":["Quick Slash","Bullet Time+1","Slice"],"picked":"SKIP","floor":12.0},{"not_picked":["Predator","Dash","Sucker Punch"],"picked":"SKIP","floor":13.0},{"not_picked":["Bullet Time+1","Unload+1"],"picked":"Adrenaline+1","floor":16},{"not_picked":["Deflect+1","Terror+1"],"picked":"Catalyst+1","floor":18},{"not_picked":["Backstab+1","Eviscerate+1","Outmaneuver+1"],"picked":"SKIP","floor":24},{"not_picked":["Tactician+1","Dagger Throw+1","Well Laid Plans+1"],"picked":"SKIP","floor":28},{"not_picked":["Prepared+1","Dash+1","Slice+1"],"picked":"SKIP","floor":29},{"not_picked":["Prepared+1","Dash+1","Slice+1"],"picked":"SKIP","floor":29},{"not_picked":["Underhanded Strike+1","Bullet Time+1","Quick Slash+1"],"picked":"SKIP","floor":30},{"not_picked":["Cloak And Dagger+1","Dagger Throw+1"],"picked":"Catalyst+1","floor":31},{"not_picked":["Prepared+1","Terror+1","PiercingWail+1"],"picked":"SKIP","floor":35},{"not_picked":["Dagger Spray+1","Slice+1"],"picked":"Catalyst+1","floor":38},{"not_picked":["Quick Slash+1","Leg Sweep+1"],"picked":"Acrobatics+1","floor":39},{"not_picked":["Acrobatics+1","Flying Knee+1","Slice+1"],"picked":"SKIP","floor":41},{"not_picked":["Deadly Poison+1","Predator+1","Eviscerate+1"],"picked":"SKIP","floor":44},{"not_picked":["PiercingWail+1","Blade Dance+1","All Out Attack+1"],"picked":"SKIP","floor":45},{"not_picked":["Blade Dance+1","Phantasmal Killer+1"],"picked":"Escape Plan+1","floor":46},{"not_picked":["PiercingWail+1","Bane+1","Acrobatics+1"],"picked":"SKIP","floor":47},{"not_picked":["Heel Hook+1","Poisoned Stab+1"],"picked":"Crippling Poison+1","floor":48}],"player_experience":128501,"relics_obtained":[{"floor":9.0,"key":"Toxic Egg 2"},{"floor":11.0,"key":"Letter Opener"},{"floor":24,"key":"Potion Belt"},{"floor":26,"key":"Lantern"},{"floor":29,"key":"Orichalcum"},{"floor":39,"key":"Unceasing Top"},{"floor":41,"key":"Pantograph"},{"floor":41,"key":"Nunchaku"},{"floor":43,"key":"Eternal Feather"},{"floor":44,"key":"InkBottle"},{"floor":44,"key":"Whetstone"},{"floor":48,"key":"Omamori"},{"floor":48,"key":"Sundial"}],"event_choices":[{"damage_healed":23.0,"max_hp_gain":0.0,"max_hp_loss":0.0,"gold_gain":0.0,"event_name":"Big Fish","player_choice":"Banana","floor":4.0,"gold_loss":0.0,"damage_taken":0.0},{"damage_healed":0.0,"max_hp_gain":0.0,"max_hp_loss":0.0,"gold_gain":0.0,"event_name":"Living Wall","player_choice":"Grow","floor":5.0,"gold_loss":0.0,"damage_taken":0.0,"cards_upgraded":["Footwork"]},{"damage_healed":0.0,"max_hp_gain":0.0,"max_hp_loss":0.0,"gold_gain":0.0,"event_name":"Dead Adventurer","player_choice":"Searched \u00271\u0027 times","floor":14.0,"gold_loss":0.0,"damage_taken":0.0,"relics_obtained":["Molten Egg 2"]},{"damage_healed":0,"gold_gain":0,"player_choice":"Simplicity","damage_taken":0,"max_hp_gain":0,"max_hp_loss":0,"event_name":"Back to Basics","floor":19,"gold_loss":0,"cards_upgraded":["Strike_G","Strike_G","Strike_G","Strike_G","Strike_G","Defend_G","Defend_G","Defend_G","Defend_G","Defend_G"]},{"cards_removed":["Strike_G"],"damage_healed":0,"gold_gain":0,"player_choice":"Gave Gold","damage_taken":0,"max_hp_gain":0,"max_hp_loss":0,"event_name":"Beggar","floor":20,"gold_loss":75},{"damage_healed":0,"gold_gain":0,"player_choice":"Shed Blood","damage_taken":18,"max_hp_gain":5,"max_hp_loss":0,"event_name":"Forgotten Altar","floor":22,"gold_loss":0},{"damage_healed":0,"gold_gain":0,"player_choice":"Bought 3 Potions","damage_taken":0,"max_hp_gain":0,"max_hp_loss":0,"event_name":"The Woman in Blue","floor":27,"gold_loss":0},{"cards_removed":["Survivor"],"damage_healed":0,"gold_gain":0,"player_choice":"Removed Skill","damage_taken":0,"max_hp_gain":0,"max_hp_loss":0,"event_name":"Falling","floor":37,"gold_loss":0},{"damage_healed":0,"gold_gain":0,"player_choice":"Fight","damage_taken":0,"max_hp_gain":0,"max_hp_loss":0,"event_name":"Mysterious Sphere","floor":39,"gold_loss":0},{"damage_healed":0,"gold_gain":0,"player_choice":"Paid","damage_taken":0,"relics_obtained":["Red Mask"],"max_hp_gain":0,"max_hp_loss":0,"event_name":"Tomb of Lord Red Mask","floor":42,"gold_loss":159}],"is_beta":false,"boss_relics":[{"not_picked":["Cursed Key","Calling Bell"],"picked":"Philosopher\u0027s Stone"},{"not_picked":["HoveringKite","Tiny House"],"picked":"Black Star"}],"items_purged_floors":[21,36],"is_endless":false,"potions_floor_spawned":[2,10,12,13,18,31,33,35,38,44,46],"ascension_level":7}}