{"host":"m6e09adb7fik7oct","time":1608583750,"event":{"mods":["AchievementEnabler","BaseMod","Better Altar","Better Note","Better Sensory Stone","Better Skull","Better Third Choice","Block Reminder","Colored Map","Displayed Cursed Tome","Ironclad Rager","Key Reminder","Mad Scientist","Minty Spire (QoL Compilation)","Permanent Neow","Quick Restart","RNG Fix","Relic Stats","Reorder Act Four","StSLib","Transform Curses","Unceasing Turn Reminder","everything is the same but u backflip on backflip"],"gold_per_floor":[144,189,364,389,38,38,108,153,153,153,153,3,68,113,113,393,393,418,68,133,158,183,183,233,233,283,283,337,337,371,146,146,146,146],"floor_reached":33,"playtime":4008,"items_purged":["Doubt","MadScienceMod:Assemble"],"score":369,"play_id":"d889b140-3d9d-46e0-9c8b-cbc5d9bd9eff","local_time":"20201221154910","daily_mods":["Shiny","Blue Cards","Midas"],"is_ascension_mode":false,"campfire_choices":[{"floor":6.0,"key":"REST"},{"floor":10.0,"key":"REST"},{"floor":15.0,"key":"REST"},{"floor":23.0,"key":"REST"},{"floor":25.0,"key":"REST"},{"floor":32.0,"key":"REST"}],"circlet_count":0,"master_deck":["MadScienceMod:ArtilleryShot+1","MadScienceMod:Mechanize","MadScienceMod:Reconstitute","MadScienceMod:Booster","MadScienceMod:CondenseVapors","MadScienceMod:CloneVats","MadScienceMod:Postpone","MadScienceMod:Automate","MadScienceMod:FumeHood","MadScienceMod:GoldenGun","MadScienceMod:Refine","MadScienceMod:GlassCannon","MadScienceMod:GatherParts","MadScienceMod:LabAccident","MadScienceMod:Tinker","MadScienceMod:Liquify","MadScienceMod:Jetpack","MadScienceMod:ClockworkAssistant","MadScienceMod:MechanicalSnecko","MadScienceMod:Generator","MadScienceMod:Sprocket","MadScienceMod:RadioactiveSword","MadScienceMod:RadioactiveSword","MadScienceMod:FlameCannon","MadScienceMod:RadioactiveSword","MadScienceMod:Refuel","MadScienceMod:FumeBlast","MadScienceMod:FlameThrower","MadScienceMod:AutoStrike","MadScienceMod:RadioactiveSword","MadScienceMod:GoldenGun","MadScienceMod:NowOrNever","MadScienceMod:OmniHammer+1","MadScienceMod:LightOnFire","MadScienceMod:GattlingGun","MadScienceMod:Generator","MadScienceMod:OmniHammer"],"relics":["MadScienceMod:FuelTank","Blood Vial","Happy Flower","MadScienceMod:PolishingWheel","Strawberry","Fusion Hammer","Membership Card","Pocketwatch","StrikeDummy","CeramicFish","Toxic Egg 2","betterThird:NestCultRelic","PreservedInsect","Chemical X","Ancient Tea Set"],"acts_visited":["Exordium","TheCity"],"potions_floor_usage":[],"damage_taken":[{"damage":11.0,"enemies":"Jaw Worm","floor":1.0,"turns":3.0},{"damage":7.0,"enemies":"Cultist","floor":2.0,"turns":4.0},{"damage":6.0,"enemies":"2 Louse","floor":4.0,"turns":3.0},{"damage":36.0,"enemies":"Gremlin Nob","floor":7.0,"turns":4.0},{"damage":13.0,"enemies":"Blue Slaver","floor":8.0,"turns":3.0},{"damage":7.0,"enemies":"3 Louse","floor":13.0,"turns":2.0},{"damage":18.0,"enemies":"2 Fungi Beasts","floor":14.0,"turns":3.0},{"damage":52.0,"enemies":"Hexaghost","floor":16.0,"turns":6.0},{"damage":12.0,"enemies":"Shell Parasite","floor":18.0,"turns":3.0},{"damage":22.0,"enemies":"2 Thieves","floor":20.0,"turns":4.0},{"damage":32.0,"enemies":"Centurion and Healer","floor":21.0,"turns":4.0},{"damage":21.0,"enemies":"Snake Plant","floor":22.0,"turns":2.0},{"damage":0.0,"enemies":"Gremlin Leader","floor":24.0,"turns":2.0},{"damage":15.0,"enemies":"Sentry and Sphere","floor":28.0,"turns":4.0},{"damage":26.0,"enemies":"Shelled Parasite and Fungi","floor":30.0,"turns":3.0},{"damage":50,"enemies":"Collector","floor":33,"turns":5}],"seed_played":"7329645460642280970","potions_obtained":[{"floor":2.0,"key":"GamblersBrew"},{"floor":13.0,"key":"SmokeBomb"},{"floor":14.0,"key":"Weak Potion"},{"floor":20.0,"key":"Energy Potion"},{"floor":30.0,"key":"FearPotion"}],"is_trial":false,"path_per_floor":["M","M","?","M","$","R","E","M","T","R","?","$","M","M","R","B",null,"M","$","M","M","M","R","E","R","T","?","M","?","M","$","R","B"],"character_chosen":"MAD_SCIENTIST","items_purchased":["Blood Vial","MadScienceMod:FlameCannon","MadScienceMod:RadioactiveSword","MadScienceMod:Refuel","Strawberry","Membership Card","Pocketwatch","PreservedInsect","Chemical X","Ancient Tea Set"],"campfire_rested":6,"item_purchase_floors":[5,5,5,5,12,19,19,31,31,31],"current_hp_per_floor":[64,57,57,51,51,73,39,28,28,50,50,57,52,36,60,10,82,70,70,50,20,1,25,27,51,51,51,38,38,14,14,38,0,0],"gold":146,"neow_bonus":"","is_daily":true,"chose_seed":false,"campfire_upgraded":0,"win_rate":0.0,"timestamp":1608583750,"path_taken":["M","M","?","M","$","R","E","M","T","R","?","$","M","M","R","BOSS","M","$","M","M","M","R","E","R","T","?","M","?","M","$","R","BOSS"],"items_purchased_type":["Relic","Card","Card","Card","Relic","Relic","Relic","Relic","Relic","Relic"],"build_version":"2020-12-13","purchased_purges":2,"victory":false,"max_hp_per_floor":[75,75,75,75,75,75,75,75,75,75,75,82,82,82,82,82,82,82,82,82,82,82,82,82,82,82,82,82,82,82,82,82,82,82],"relic_stats":{"Blood Vial":24,"Happy Flower":[13],"counters":[16,55],"CeramicFish":18,"PreservedInsect":0,"Chemical X":[1],"obtain_stats":[{"MadScienceMod:FuelTank":0,"Happy Flower":7,"CeramicFish":26,"betterThird:NestCultRelic":29,"PreservedInsect":31,"Ancient Tea Set":31,"Blood Vial":5,"Strawberry":12,"Fusion Hammer":17,"Membership Card":19,"Chemical X":31,"Toxic Egg 2":27,"StrikeDummy":24,"MadScienceMod:PolishingWheel":9,"Pocketwatch":19},{"MadScienceMod:FuelTank":0,"Happy Flower":4,"CeramicFish":13,"betterThird:NestCultRelic":14,"PreservedInsect":15,"Ancient Tea Set":15,"Blood Vial":3,"Strawberry":5,"Fusion Hammer":8,"Membership Card":9,"Chemical X":15,"Toxic Egg 2":13,"StrikeDummy":13,"MadScienceMod:PolishingWheel":5,"Pocketwatch":9},{"MadScienceMod:FuelTank":0,"Happy Flower":14,"CeramicFish":43,"betterThird:NestCultRelic":47,"PreservedInsect":50,"Ancient Tea Set":50,"Blood Vial":10,"Strawberry":17,"Fusion Hammer":28,"Membership Card":31,"Chemical X":50,"Toxic Egg 2":43,"StrikeDummy":43,"MadScienceMod:PolishingWheel":17,"Pocketwatch":31}],"Pocketwatch":[12]},"card_choices":[{"not_picked":["MadScienceMod:Detonate","MadScienceMod:AssemblyLine"],"picked":"MadScienceMod:Sprocket","floor":1.0},{"not_picked":["MadScienceMod:Refuel","MadScienceMod:Sprocket"],"picked":"MadScienceMod:RadioactiveSword","floor":2.0},{"not_picked":["MadScienceMod:BandageBot","MadScienceMod:BoxOfScraps"],"picked":"MadScienceMod:RadioactiveSword","floor":4.0},{"not_picked":["MadScienceMod:Poke","MadScienceMod:Lightbulb"],"picked":"MadScienceMod:FumeBlast","floor":7.0},{"not_picked":["MadScienceMod:Sprocket","MadScienceMod:Bayonet"],"picked":"MadScienceMod:FlameThrower","floor":8.0},{"not_picked":["MadScienceMod:ExploreOptions","MadScienceMod:Retarget"],"picked":"MadScienceMod:AutoStrike","floor":13.0},{"not_picked":["MadScienceMod:AntimatterBomb","MadScienceMod:Tune"],"picked":"MadScienceMod:RadioactiveSword","floor":14.0},{"not_picked":["MadScienceMod:Mechanize","MadScienceMod:Assemble"],"picked":"MadScienceMod:GoldenGun","floor":16.0},{"not_picked":["MadScienceMod:Redesign","MadScienceMod:RadioactiveSword"],"picked":"MadScienceMod:NowOrNever","floor":18.0},{"not_picked":["MadScienceMod:FumeBlast","MadScienceMod:Tune"],"picked":"MadScienceMod:OmniHammer+1","floor":20.0},{"not_picked":["MadScienceMod:Retarget","MadScienceMod:AssemblyLine"],"picked":"MadScienceMod:LightOnFire","floor":21.0},{"not_picked":["MadScienceMod:AutoStrike","MadScienceMod:Sprocket"],"picked":"MadScienceMod:GattlingGun","floor":22.0},{"not_picked":["MadScienceMod:Redesign","MadScienceMod:MechanicalClaw","MadScienceMod:AcidSpray"],"picked":"SKIP","floor":24.0},{"not_picked":["MadScienceMod:Sprocket+1","MadScienceMod:RecyclingStation"],"picked":"MadScienceMod:Generator","floor":28.0},{"not_picked":["MadScienceMod:NowOrNever+1","MadScienceMod:EnergyBarrier+1"],"picked":"MadScienceMod:OmniHammer","floor":30.0}],"player_experience":161943,"relics_obtained":[{"floor":7.0,"key":"Happy Flower"},{"floor":9.0,"key":"MadScienceMod:PolishingWheel"},{"floor":24.0,"key":"StrikeDummy"},{"floor":26.0,"key":"CeramicFish"}],"event_choices":[{"damage_healed":0.0,"max_hp_gain":0.0,"max_hp_loss":0.0,"gold_gain":175.0,"event_name":"betterThird:BetterSerpent","player_choice":"AGREE","floor":3.0,"gold_loss":0.0,"damage_taken":189.0},{"damage_healed":0.0,"max_hp_gain":0.0,"max_hp_loss":0.0,"gold_gain":0.0,"event_name":"Living Wall","player_choice":"Grow","floor":11.0,"gold_loss":0.0,"damage_taken":0.0,"cards_upgraded":["MadScienceMod:ArtilleryShot"]},{"damage_healed":0.0,"max_hp_gain":0.0,"max_hp_loss":0.0,"gold_gain":0.0,"event_name":"The Mausoleum","player_choice":"Opened","floor":27.0,"gold_loss":0.0,"damage_taken":0.0,"relics_obtained":["Toxic Egg 2"]},{"damage_healed":0.0,"max_hp_gain":0.0,"max_hp_loss":0.0,"gold_gain":0.0,"event_name":"betterThird:BetterNest","player_choice":"Madness","floor":29.0,"gold_loss":0.0,"damage_taken":0.0,"relics_obtained":["betterThird:NestCultRelic"]}],"is_beta":false,"boss_relics":[{"not_picked":["SacredBark","Cursed Key"],"picked":"Fusion Hammer"}],"items_purged_floors":[5,19],"is_endless":false,"potions_floor_spawned":[2,13,14,20,21,30],"killed_by":"Collector","ascension_level":0}}