{"host":"cc187","time":1608584557,"event":{"mods":["AchievementEnabler","BaseMod","Bestiary","Colored Map","Colored Powertips","Highlight Path","Keyboard Shortcuts","Minty Spire (QoL Compilation)","Quick Restart","Rare Cards Sparkle","Relic Stats","StSLib","SuperFastMode","Synergy Search","ojb\u0027s Info Mod"],"gold_per_floor":[116,116,135,150,150,150,150,150],"floor_reached":7,"playtime":230,"items_purged":[],"score":78,"play_id":"81becb71-86a1-4fe6-8035-48fcc753cded","local_time":"20201221210237","is_ascension_mode":true,"campfire_choices":[{"data":"Wraith Form v2","floor":6,"key":"SMITH"}],"circlet_count":0,"master_deck":["AscendersBane","Strike_G","Strike_G","Strike_G","Strike_G","Defend_G","Defend_G","Defend_G","Defend_G","Defend_G","Survivor","Neutralize","Wraith Form v2+1","Bane","Leg Sweep"],"relics":["Ring of the Snake","Nunchaku"],"acts_visited":["Exordium"],"potions_floor_usage":[7],"damage_taken":[{"damage":4,"enemies":"Small Slimes","floor":1,"turns":4},{"damage":5,"enemies":"Jaw Worm","floor":3,"turns":5},{"damage":4,"enemies":"2 Louse","floor":4,"turns":6},{"damage":30,"enemies":"3 Sentries","floor":7,"turns":9}],"seed_played":"3128797075689784946","potions_obtained":[{"floor":4,"key":"SkillPotion"}],"is_trial":false,"path_per_floor":["M","?","M","M","?","R","E"],"character_chosen":"THE_SILENT","items_purchased":[],"campfire_rested":0,"item_purchase_floors":[],"current_hp_per_floor":[55,44,39,35,28,28,0,0],"gold":150,"neow_bonus":"ONE_RANDOM_RARE_CARD","is_daily":false,"chose_seed":false,"campfire_upgraded":1,"win_rate":0.0,"timestamp":1608584557,"path_taken":["M","?","M","M","?","R","E"],"items_purchased_type":[],"build_version":"2020-12-18","purchased_purges":0,"victory":false,"max_hp_per_floor":[66,66,66,66,66,66,66,66],"relic_stats":{"Nunchaku":[3],"counters":[4,24],"obtain_stats":[{"Nunchaku":2,"Ring of the Snake":0},{"Nunchaku":1,"Ring of the Snake":0},{"Nunchaku":4,"Ring of the Snake":0}],"Ring of the Snake":[8]},"card_choices":[{"not_picked":["PiercingWail","Acrobatics"],"picked":"Bane","floor":1},{"not_picked":["Bane","Finisher"],"picked":"Leg Sweep","floor":3},{"not_picked":["Acrobatics","Dodge and Roll","Bane"],"picked":"SKIP","floor":4}],"player_experience":834437,"relics_obtained":[],"event_choices":[{"damage_healed":0,"gold_gain":0,"player_choice":"Success","damage_taken":11,"relics_obtained":["Nunchaku"],"max_hp_gain":0,"max_hp_loss":0,"event_name":"Scrap Ooze","floor":2,"gold_loss":0},{"cards_removed":["Strike_G"],"damage_healed":0,"gold_gain":0,"player_choice":"Card Removal","damage_taken":7,"max_hp_gain":0,"max_hp_loss":0,"event_name":"Golden Wing","floor":5,"gold_loss":0}],"is_beta":true,"boss_relics":[],"items_purged_floors":[],"is_endless":false,"potions_floor_spawned":[4],"killed_by":"3 Sentries","ascension_level":18}}