{"host":"3c1r64cpcc2iencg","time":1608584569,"event":{"mods":["AchievementEnabler","BaseMod","Block Reminder","Colored Powertips","Minty Spire (QoL Compilation)","Relic Stats"],"gold_per_floor":[114,114,128,140,150,150,165,196,219,231,231,247,261,289,289,365,365,379,379,205,225,235,261,261,261,261],"floor_reached":25,"playtime":892,"items_purged":["Strike_R"],"score":445,"play_id":"033bca74-bdb6-4a92-b414-757387d599de","local_time":"20201221210249","is_ascension_mode":true,"campfire_choices":[{"data":"Whirlwind","floor":6,"key":"SMITH"},{"data":"Inflame","floor":11,"key":"SMITH"},{"data":"Spot Weakness","floor":15,"key":"SMITH"},{"data":"Power Through","floor":24,"key":"SMITH"}],"circlet_count":0,"master_deck":["AscendersBane","Strike_R","Strike_R","Strike_R","Defend_R","Defend_R","Defend_R","Defend_R","Bash","Burning Pact","Wild Strike","Whirlwind+1","Armaments","Inflame+1","Disarm","True Grit","Spot Weakness+1","Limit Break","Sword Boomerang","Spot Weakness","Power Through+1"],"relics":["Coffee Dripper","Singing Bowl","Tiny Chest","Smiling Mask","SlaversCollar","CeramicFish"],"acts_visited":["Exordium","TheCity"],"potions_floor_usage":[5,8,14,14,22,23],"damage_taken":[{"damage":0,"enemies":"2 Louse","floor":1,"turns":3},{"damage":0,"enemies":"Cultist","floor":3,"turns":3},{"damage":2,"enemies":"Jaw Worm","floor":4,"turns":2},{"damage":10,"enemies":"Gremlin Gang","floor":5,"turns":2},{"damage":0,"enemies":"Exordium Thugs","floor":7,"turns":2},{"damage":5,"enemies":"3 Sentries","floor":8,"turns":3},{"damage":10,"enemies":"Lots of Slimes","floor":10,"turns":2},{"damage":8,"enemies":"Looter","floor":12,"turns":4},{"damage":2,"enemies":"Red Slaver","floor":13,"turns":3},{"damage":0,"enemies":"Gremlin Nob","floor":14,"turns":2},{"damage":17,"enemies":"The Guardian","floor":16,"turns":11},{"damage":9,"enemies":"Chosen","floor":18,"turns":6},{"damage":25,"enemies":"Spheric Guardian","floor":21,"turns":5},{"damage":13,"enemies":"Chosen and Byrds","floor":22,"turns":5},{"damage":31,"enemies":"Slavers","floor":23,"turns":3},{"damage":18,"enemies":"Centurion and Healer","floor":25,"turns":1}],"seed_played":"-2430840373716840844","potions_obtained":[{"floor":2,"key":"LiquidMemories"},{"floor":2,"key":"DuplicationPotion"},{"floor":2,"key":"FearPotion"},{"floor":5,"key":"Explosive Potion"},{"floor":12,"key":"SteroidPotion"},{"floor":14,"key":"BlessingOfTheForge"},{"floor":16,"key":"Regen Potion"}],"is_trial":false,"path_per_floor":["M","?","M","M","M","R","M","E","T","M","R","M","M","E","R","B",null,"M","?","$","M","M","E","R","M"],"character_chosen":"IRONCLAD","items_purchased":["Spot Weakness","BloodPotion"],"campfire_rested":0,"item_purchase_floors":[20,20],"current_hp_per_floor":[68,68,68,66,56,56,56,51,51,43,43,35,35,35,35,18,64,55,55,55,30,31,18,18,0,0],"gold":261,"neow_bonus":"BOSS_RELIC","is_daily":false,"chose_seed":false,"campfire_upgraded":4,"win_rate":0.0,"timestamp":1608584569,"path_taken":["M","?","M","M","?","R","M","E","T","M","R","M","M","E","R","BOSS","M","?","$","M","?","E","R","M"],"items_purchased_type":["Card","Potion"],"build_version":"2020-12-13","purchased_purges":1,"victory":false,"max_hp_per_floor":[75,75,75,75,75,75,75,75,75,77,77,77,79,79,79,79,79,79,79,79,79,81,83,83,83,83],"relic_stats":{"Singing Bowl":8,"counters":[16,57],"CeramicFish":0,"Tiny Chest":0,"Smiling Mask":25,"obtain_stats":[{"SlaversCollar":17,"Singing Bowl":8,"CeramicFish":23,"Tiny Chest":9,"Coffee Dripper":0,"Smiling Mask":14,"Burning Blood":0},{"SlaversCollar":11,"Singing Bowl":6,"CeramicFish":15,"Tiny Chest":6,"Coffee Dripper":0,"Smiling Mask":10,"Burning Blood":0},{"SlaversCollar":37,"Singing Bowl":15,"CeramicFish":56,"Tiny Chest":15,"Coffee Dripper":0,"Smiling Mask":26,"Burning Blood":0}]},"card_choices":[{"not_picked":["Clash","Heavy Blade"],"picked":"Burning Pact","floor":1},{"not_picked":["True Grit","Cleave"],"picked":"Wild Strike","floor":3},{"not_picked":["Twin Strike","Shockwave"],"picked":"Whirlwind","floor":4},{"not_picked":["Sword Boomerang","Combust"],"picked":"Armaments","floor":5},{"not_picked":["Hemokinesis","Warcry"],"picked":"Inflame","floor":7},{"not_picked":["Anger","Shrug It Off"],"picked":"Disarm","floor":8},{"not_picked":["Havoc","Searing Blow","Bloodletting"],"picked":"Singing Bowl","floor":10},{"not_picked":["Body Slam","Warcry"],"picked":"True Grit","floor":12},{"not_picked":["Clothesline","Flex","Blood for Blood"],"picked":"Singing Bowl","floor":13},{"not_picked":["Dual Wield","Battle Trance"],"picked":"Spot Weakness","floor":14},{"not_picked":["Demon Form","Fiend Fire"],"picked":"Limit Break","floor":16},{"not_picked":["Thunderclap","Pommel Strike"],"picked":"Sword Boomerang","floor":18},{"not_picked":["Warcry","Infernal Blade"],"picked":"Power Through","floor":21},{"not_picked":["Infernal Blade","Flex","Iron Wave"],"picked":"Singing Bowl","floor":22},{"not_picked":["Headbutt","Flex","Anger"],"picked":"Singing Bowl","floor":23}],"player_experience":409981,"relics_obtained":[{"floor":8,"key":"Singing Bowl"},{"floor":9,"key":"Tiny Chest"},{"floor":14,"key":"Smiling Mask"},{"floor":23,"key":"CeramicFish"}],"event_choices":[{"damage_healed":0,"gold_gain":0,"player_choice":"Got Potions","damage_taken":0,"max_hp_gain":0,"max_hp_loss":0,"event_name":"Lab","floor":2,"gold_loss":0},{"cards_removed":["Strike_R"],"damage_healed":0,"gold_gain":0,"player_choice":"Offered Basic","damage_taken":0,"max_hp_gain":0,"max_hp_loss":0,"event_name":"Bonfire Elementals","floor":19,"gold_loss":0}],"is_beta":false,"boss_relics":[{"not_picked":["Pandora\u0027s Box","Cursed Key"],"picked":"SlaversCollar"}],"items_purged_floors":[20],"is_endless":false,"potions_floor_spawned":[4,5,12,14,16,18],"killed_by":"Centurion and Healer","ascension_level":14}}