{"host":"sxnl403xm2xmiyj1","time":1608550881,"event":{"mods":["AchievementEnabler","BaseMod","Colored Map","Keyboard Shortcuts","Minty Spire (QoL Compilation)","Quick Restart","StSLib","SuperFastMode"],"gold_per_floor":[115,115,40,51,101,134,134,166,234,253,7,22,22,36,36,108,108,128,128,138,148,160,160,160,160],"floor_reached":24,"playtime":336,"items_purged":["Strike_B"],"score":443,"play_id":"b91a6df0-ed04-4a61-99dc-8b1477ddb364","local_time":"20201221204121","is_ascension_mode":true,"campfire_choices":[{"data":"Zap","floor":7.0,"key":"SMITH"},{"data":"Beam Cell","floor":13.0,"key":"SMITH"},{"data":"Lockon","floor":15.0,"key":"SMITH"},{"floor":23.0,"key":"REST"}],"circlet_count":0,"master_deck":["AscendersBane","Strike_B","Strike_B","Defend_B","Defend_B","Defend_B","Defend_B","Zap+1","Dualcast","Ball Lightning","Streamline","Ball Lightning","Beam Cell+1","Barrage","Conserve Battery","Leap","Lockon+1","Electrodynamics","Storm","Force Field"],"relics":["Cracked Core","NeowsBlessing","DataDisk","Calipers","Kunai","Akabeko","Velvet Choker","MealTicket"],"acts_visited":["Exordium","TheCity"],"potions_floor_usage":[],"damage_taken":[{"damage":0.0,"enemies":"2 Louse","floor":1.0,"turns":1.0},{"damage":0.0,"enemies":"Cultist","floor":4.0,"turns":1.0},{"damage":0.0,"enemies":"Gremlin Nob","floor":6.0,"turns":1.0},{"damage":10.0,"enemies":"Lagavulin","floor":8.0,"turns":4.0},{"damage":2.0,"enemies":"Jaw Worm","floor":10.0,"turns":3.0},{"damage":0.0,"enemies":"Red Slaver","floor":12.0,"turns":2.0},{"damage":5.0,"enemies":"Exordium Thugs","floor":14.0,"turns":3.0},{"damage":22.0,"enemies":"Hexaghost","floor":16.0,"turns":6.0},{"damage":10.0,"enemies":"2 Thieves","floor":18.0,"turns":3.0},{"damage":15.0,"enemies":"Spheric Guardian","floor":20.0,"turns":4.0},{"damage":12.0,"enemies":"Chosen and Byrds","floor":21.0,"turns":3.0},{"damage":15.0,"enemies":"Cultist and Chosen","floor":22.0,"turns":5.0},{"damage":0,"enemies":"Gremlin Leader","floor":24,"turns":2}],"seed_played":"-3267265480391942781","potions_obtained":[{"floor":4.0,"key":"FearPotion"},{"floor":12.0,"key":"SteroidPotion"},{"floor":16.0,"key":"DistilledChaos"},{"floor":20.0,"key":"Energy Potion"}],"is_trial":false,"path_per_floor":["M","?","$","M","?","E","R","E","T","M","$","M","R","M","R","B",null,"M","?","M","M","M","R","E"],"character_chosen":"DEFECT","items_purchased":["Barrage","Conserve Battery","Akabeko"],"campfire_rested":1,"item_purchase_floors":[11,11,11],"current_hp_per_floor":[64,64,64,64,64,64,64,54,54,52,52,52,52,47,47,25,60,50,50,35,23,8,29,29,29],"gold":160,"neow_bonus":"THREE_ENEMY_KILL","is_daily":false,"chose_seed":false,"campfire_upgraded":3,"win_rate":0.0,"timestamp":1608550881,"path_taken":["M","?","?","?","?","E","R","E","T","M","$","M","R","?","R","BOSS","M","?","M","M","M","R","E"],"items_purchased_type":["Card","Card","Relic"],"build_version":"2020-12-13","purchased_purges":1,"victory":false,"max_hp_per_floor":[71,71,71,71,71,71,71,71,71,71,71,71,71,71,71,71,71,71,71,71,71,71,71,71,71],"card_choices":[{"not_picked":["Go for the Eyes","Storm"],"picked":"Ball Lightning","floor":1.0},{"not_picked":["Melter","Rip and Tear"],"picked":"Streamline","floor":4.0},{"not_picked":["Leap","Rainbow"],"picked":"Ball Lightning","floor":6.0},{"not_picked":["Streamline","Turbo","Chill"],"picked":"SKIP","floor":8.0},{"not_picked":["Reprogram","Compile Driver"],"picked":"Beam Cell","floor":10.0},{"not_picked":["Tempest","Redo"],"picked":"Leap","floor":12.0},{"not_picked":["Heatsinks","Hello World"],"picked":"Lockon","floor":14.0},{"not_picked":["Reboot","Core Surge"],"picked":"Electrodynamics","floor":16.0},{"not_picked":["Auto Shields","Darkness"],"picked":"Undo","floor":18.0},{"not_picked":["Recycle","Auto Shields"],"picked":"Storm","floor":20.0},{"not_picked":["Darkness+1","Turbo","Go for the Eyes"],"picked":"SKIP","floor":21.0},{"not_picked":["Streamline","Beam Cell"],"picked":"Force Field","floor":22.0}],"player_experience":111421,"relics_obtained":[{"floor":6.0,"key":"DataDisk"},{"floor":8.0,"key":"Calipers"},{"floor":9.0,"key":"Kunai"}],"event_choices":[{"cards_removed":["Strike_B"],"damage_healed":0.0,"max_hp_gain":0.0,"max_hp_loss":0.0,"gold_gain":0.0,"event_name":"Purifier","player_choice":"Purged","floor":2.0,"gold_loss":0.0,"damage_taken":0.0},{"damage_healed":0.0,"max_hp_gain":0.0,"max_hp_loss":0.0,"gold_gain":50.0,"event_name":"Golden Shrine","player_choice":"Pray","floor":5.0,"gold_loss":0.0,"damage_taken":0.0},{"cards_removed":["Undo"],"damage_healed":0.0,"max_hp_gain":0.0,"max_hp_loss":0.0,"gold_gain":0.0,"event_name":"WeMeetAgain","player_choice":"Gave Card","floor":19.0,"gold_loss":0.0,"damage_taken":0.0,"relics_obtained":["MealTicket"]}],"is_beta":false,"boss_relics":[{"not_picked":["FrozenCore","Astrolabe"],"picked":"Velvet Choker"}],"items_purged_floors":[3],"is_endless":false,"potions_floor_spawned":[4,12,16,20],"killed_by":"Gremlin Leader","ascension_level":18}}