{"host":"x7btokbb0w2jhl7e","time":1608531621,"event":{"mods":["ATMod(°¢èªMod)","Act Like it!","BaseMod","Hallownest","Minty Spire (QoL Compilation)","Quick Restart","StSLib"],"gold_per_floor":[114,125,125,141,159,159,189,209,209,209,222,222,248,265,265,337,337,352,836,836,855,612,612,641,641,688,720,720,720,784,432,432,528,528,616,616,633,64,151,194,194,213,213,275,330,425,510,548,548,646,743,743,743,183,267,292],"floor_reached":57,"playtime":2475,"items_purged":["Strike_R","Strike_R","Strike_R","Strike_R"],"score":3337,"play_id":"aef9e5b9-4f09-4de7-8555-14c20b2e86f3","local_time":"20201221142021","is_ascension_mode":true,"campfire_choices":[{"data":"AT_OneInchPunch","floor":6.0,"key":"SMITH"},{"data":"AT_IchimonjiDouble","floor":12.0,"key":"SMITH"},{"data":"Demon Form","floor":15.0,"key":"SMITH"},{"data":"Power Through","floor":23.0,"key":"SMITH"},{"floor":25.0,"key":"RECALL"},{"data":"AT_CaressingTears","floor":28.0,"key":"SMITH"},{"data":"Shrug It Off","floor":32.0,"key":"SMITH"},{"data":"Offering","floor":41.0,"key":"SMITH"},{"data":"Burning Pact","floor":49,"key":"SMITH"},{"data":"Offering","floor":53,"key":"SMITH"}],"circlet_count":0,"master_deck":["AscendersBane","Strike_R","Defend_R","Defend_R","Defend_R","Defend_R","Bash","AT_OneInchPunch+1","AT_IchimonjiDouble+1","Power Through+1","Offering+1","AT_CaressingTears+1","Shrug It Off+1","Demon Form+1","Barricade","AT_IchimonjiDouble+1","Dark Embrace","Corruption","Shrug It Off+1","Shockwave+1","Burning Pact","Shrug It Off+1","Burning Pact+1","Offering+1","Impervious"],"relics":["Burning Blood","AT_ATBox","NeowsBlessing","Orichalcum","Omamori","AT_ChloranthyRing","Snecko Eye","WarpedTongs","Medical Kit","Gremlin Horn","Oddly Smooth Stone","AT_MibuBalloonWealth","Red Mask","Bag of Preparation","Mark of Pain","Hallownest:BeastSealRelic","OrangePellets","Frozen Egg 2","AT_RabadonDeathcap","Akabeko","Gambling Chip","Charon\u0027s Ashes"],"acts_visited":["Hallownest:Greenpath","Hallownest:CityofTears","Hallownest:KingdomsEdge","TheEnding"],"potions_floor_usage":[],"damage_taken":[{"damage":0.0,"enemies":"Hallownest:monsterHuskWarrior","floor":1.0,"turns":1.0},{"damage":0.0,"enemies":"Hallownest:2_Baldur","floor":2.0,"turns":1.0},{"damage":0.0,"enemies":"Hallownest:monsterHuskGuard","floor":4.0,"turns":1.0},{"damage":4.0,"enemies":"Hallownest:Wandering_and_Horned","floor":5.0,"turns":4.0},{"damage":10.0,"enemies":"Hallownest:eliteVengeflyKing","floor":7.0,"turns":5.0},{"damage":15.0,"enemies":"Hallownest:MossCreep_and_Mosskin","floor":8.0,"turns":5.0},{"damage":6.0,"enemies":"Hallownest:monsterAspidMother","floor":10.0,"turns":2.0},{"damage":4.0,"enemies":"Hallownest:1_Baldur_1_Crawlid_1_Warrior","floor":11.0,"turns":4.0},{"damage":0.0,"enemies":"Hallownest:eliteMossKnight","floor":13.0,"turns":4.0},{"damage":2.0,"enemies":"Hallownest:Guard_and_Warrior","floor":14.0,"turns":4.0},{"damage":30.0,"enemies":"Hallownest:BossBrokenVessel","floor":16.0,"turns":7.0},{"damage":7.0,"enemies":"Hallownest:Flukemon_and_Top","floor":18.0,"turns":9.0},{"damage":13.0,"enemies":"Hallownest:Guard_and_Sentry","floor":21.0,"turns":5.0},{"damage":6.0,"enemies":"Hallownest:Nosk","floor":24.0,"turns":4.0},{"damage":0.0,"enemies":"Hallownest:eliteSoulWarrior","floor":27.0,"turns":2.0},{"damage":3.0,"enemies":"Hallownest:Warrior_and_Youth","floor":30.0,"turns":3.0},{"damage":6.0,"enemies":"Hallownest:BossGrimm","floor":33.0,"turns":4.0},{"damage":6.0,"enemies":"Hallownest:3_Siblings","floor":35.0,"turns":3.0},{"damage":6.0,"enemies":"Hallownest:2_Littles","floor":37.0,"turns":3.0},{"damage":0.0,"enemies":"Hallownest:2_Wing_and_1_Kings","floor":39.0,"turns":6.0},{"damage":0.0,"enemies":"Hallownest:monsterPrimalAspid","floor":40.0,"turns":2.0},{"damage":6.0,"enemies":"Hallownest:2_Great","floor":42.0,"turns":3.0},{"damage":6.0,"enemies":"Hallownest:Shield_Sturdy","floor":44.0,"turns":4.0},{"damage":6.0,"enemies":"Hallownest:eliteCollector","floor":45.0,"turns":3.0},{"damage":6.0,"enemies":"Hallownest:2_Wing_and_1_Kings","floor":46.0,"turns":5.0},{"damage":13,"enemies":"Hallownest:StalkingDevout","floor":47,"turns":3},{"damage":6,"enemies":"Hallownest:monsterPrimalAspid","floor":48,"turns":3},{"damage":6,"enemies":"Hallownest:Radiance","floor":50,"turns":7},{"damage":6,"enemies":"Hallownest:BossGreyPrinceZote","floor":51,"turns":4},{"damage":12,"enemies":"Shield and Spear","floor":55,"turns":2},{"damage":26,"enemies":"The Heart","floor":56,"turns":6}],"seed_played":"-608015897224752805","potions_obtained":[{"floor":1.0,"key":"Explosive Potion"},{"floor":4.0,"key":"Dexterity Potion"},{"floor":13.0,"key":"EntropicBrew"},{"floor":37.0,"key":"DistilledChaos"}],"is_trial":false,"path_per_floor":["M","M","?","M","M","R","E","M","T","M","M","R","E","M","R","B",null,"M","?","?","M","$","R","E","R","T","E","R","?","M","$","R","B",null,"M","?","M","$","M","M","R","M","T","M","E","M","E","M","R","B","B",null,"R","$","E","B",null],"character_chosen":"IRONCLAD","items_purchased":["Medical Kit","Bag of Preparation","Dark Embrace","OrangePellets","Frozen Egg 2","Gambling Chip","GamblersBrew"],"campfire_rested":0,"item_purchase_floors":[22,31,31,38,38,54,54],"current_hp_per_floor":[74,75,75,75,75,75,71,62,62,62,66,66,72,75,75,53,70,75,75,75,70,70,70,72,72,72,75,75,75,75,75,75,75,75,75,75,75,75,75,75,75,75,75,75,75,75,69,75,75,75,75,75,75,75,69,49],"gold":292,"neow_bonus":"THREE_ENEMY_KILL","is_daily":false,"chose_seed":false,"campfire_upgraded":9,"win_rate":0.0,"timestamp":1608531621,"path_taken":["M","?","?","?","M","R","E","M","T","M","M","R","E","M","R","BOSS","M","?","?","M","?","R","E","R","T","E","R","?","M","$","R","BOSS","M","?","M","$","M","M","R","M","T","M","E","M","E","M","R","BOSS","BOSS","R","$","E","BOSS"],"items_purchased_type":["Relic","Relic","Card","Relic","Relic","Relic","Potion"],"build_version":"2020-12-13","purchased_purges":4,"victory":true,"max_hp_per_floor":[75,75,75,75,75,75,75,75,75,75,75,75,75,75,75,75,75,75,75,75,75,75,75,75,75,75,75,75,75,75,75,75,75,75,75,75,75,75,75,75,75,75,75,75,75,75,75,75,75,75,75,75,75,75,75,75],"card_choices":[{"not_picked":["Intimidate","Clothesline","Reckless Charge"],"picked":"SKIP","floor":1.0},{"not_picked":["Twin Strike","Wild Strike"],"picked":"AT_IchimonjiDouble","floor":2.0},{"not_picked":["Body Slam","Heavy Blade"],"picked":"Power Through","floor":4.0},{"not_picked":["Pummel","Dual Wield","Headbutt"],"picked":"SKIP","floor":5.0},{"not_picked":["AT_Dispersion","Rupture"],"picked":"Offering","floor":7.0},{"not_picked":["Rage","AT_IchimonjiDouble","Pommel Strike"],"picked":"SKIP","floor":8.0},{"not_picked":["Flex","Wild Strike"],"picked":"AT_CaressingTears","floor":10.0},{"not_picked":["Carnage","Intimidate"],"picked":"Shrug It Off","floor":11.0},{"not_picked":["Havoc","Cleave"],"picked":"Demon Form","floor":13.0},{"not_picked":["True Grit","Thunderclap","Fire Breathing"],"picked":"SKIP","floor":14.0},{"not_picked":["Limit Break","Brutality"],"picked":"Barricade","floor":16.0},{"not_picked":["Sword Boomerang+1","Anger","Perfected Strike"],"picked":"SKIP","floor":18.0},{"not_picked":["Thunderclap","Flex"],"picked":"AT_IchimonjiDouble+1","floor":21.0},{"not_picked":["AT_GerminateFire+1","Wild Strike","Seeing Red+1"],"picked":"SKIP","floor":24.0},{"not_picked":["AT_GerminateFire+1","Wild Strike","Seeing Red+1"],"picked":"SKIP","floor":24.0},{"not_picked":["Inflame+1","Havoc","Blood for Blood"],"picked":"SKIP","floor":27.0},{"not_picked":["True Grit","Headbutt+1","Armaments"],"picked":"SKIP","floor":30.0},{"not_picked":["Offering","Bludgeon"],"picked":"Corruption","floor":33.0},{"not_picked":["Thunderclap","AT_GerminateFire"],"picked":"Shrug It Off+1","floor":35.0},{"not_picked":["Sentinel","Heavy Blade+1","Clash"],"picked":"SKIP","floor":37.0},{"not_picked":["Thunderclap+1","Heavy Blade","Clash"],"picked":"SKIP","floor":39.0},{"not_picked":["Cleave","Headbutt"],"picked":"Shockwave+1","floor":40.0},{"not_picked":["Dropkick","Hemokinesis"],"picked":"Burning Pact","floor":42.0},{"not_picked":["Clash+1","AT_Dispersion+1","Sword Boomerang"],"picked":"SKIP","floor":44.0},{"not_picked":["Infernal Blade","Havoc+1"],"picked":"Shrug It Off+1","floor":45.0},{"not_picked":["Uppercut","Seeing Red","Flex+1"],"picked":"SKIP","floor":46.0},{"not_picked":["AT_BodySlamDance+1","AT_DiedThrough"],"picked":"Burning Pact","floor":47},{"not_picked":["Rage","Clash+1","AT_BodySlamDance"],"picked":"SKIP","floor":48},{"not_picked":["Demon Form+1","Immolate"],"picked":"Offering","floor":51},{"not_picked":["Twin Strike","Armaments"],"picked":"Impervious","floor":55}],"player_experience":214921,"relics_obtained":[{"floor":7.0,"key":"Orichalcum"},{"floor":9.0,"key":"Omamori"},{"floor":13.0,"key":"AT_ChloranthyRing"},{"floor":24.0,"key":"Gremlin Horn"},{"floor":26.0,"key":"Oddly Smooth Stone"},{"floor":27.0,"key":"AT_MibuBalloonWealth"},{"floor":45.0,"key":"AT_RabadonDeathcap"},{"floor":47,"key":"Akabeko"},{"floor":55,"key":"Charon\u0027s Ashes"}],"event_choices":[],"is_beta":false,"boss_relics":[{"not_picked":["Runic Pyramid","Ectoplasm"],"picked":"Snecko Eye"},{"not_picked":["SacredBark","Empty Cage"],"picked":"Mark of Pain"}],"items_purged_floors":[22,31,38,54],"is_endless":false,"potions_floor_spawned":[1,4,13,14,16,21,27,30,33,37,39,40,46,48,50],"ascension_level":20}}