{"host":"Romenig","time":1608520894,"event":{"mods":["Aspiration","BaseMod","Better Altar","Better Match","Better Note","Better Sensory Stone","Better Skull","Better Third Choice","CCEM","Colored Map","Colored Powertips","Conspire","Downfall","Energized Spire","Halation","Highlight Path","Hubris","Minty Spire (QoL Compilation)","Quarter Circle Forward PUNCH!","Quick Restart","Replay The Spire","Retaliation","Spikes Relics","StSLib","The Blue Laboratory","The Construct","The Runesmith","Trackpad","Wandering Minibosses","vexMod"],"gold_per_floor":[118,131,146,163,163,193,301,313,340,340,353,367,21,54,54,154,154,166,184,184,184,202,230,145,171,171,187,187,187,202,50,50,147,147,259,275,287,318,318,300,300,310,364,397,397,416,391,403,485,485],"floor_reached":51,"playtime":4507,"items_purged":[],"score":861,"play_id":"9cf8df41-cec4-406f-a8f2-d304fb1cffa1","local_time":"20201221002134","is_ascension_mode":false,"campfire_choices":[{"floor":15,"key":"REST"},{"data":"Barricade","floor":32,"key":"SMITH"},{"data":"Demon Form","floor":41,"key":"SMITH"}],"circlet_count":0,"master_deck":["Strike_R","Strike_R","Strike_R","Strike_R","Defend_R","Defend_R","Defend_R","Defend_R","Bash","Flex","Run Through","Flex","Sword Boomerang","Hemokinesis+1","DDmod:UnstoppableAttack","ReplayTheSpireMod:Stacked","Rampage","Demon Form+1","Metallicize+1","Flex","Good Instincts","conspire:ExplosiveBarrier","Bludgeon","Metallicize","Clothesline","Sword Boomerang+1","ReplayTheSpireMod:Limb From Limb+1","Thunderclap","Conclude","Shrug It Off+1","Barricade+1","Sword Boomerang+1","Reaper","Flame Barrier","Feed","ReplayTheSpireMod:Limb From Limb+1","Body Slam"],"relics":["Burning Blood","halation:EternalFortune","Replay:Mystery Machine","ReplayTheSpireMod:TigerMarble","Nunchaku","Gremlin Food","CCEMRelics:PorcelainBowl","vexMod:EndlessSickness","hubris:ChampionShield","CCEMRelics:CocoNut","Durian","Bag of Preparation","hubris:Icosahedron","aspiration:MobileForge","qcfpunch:Wild_Herbs_Ointment","halation:PapillonHeart","CCEMRelics:OverlyComfyChair","MealTicket","Blood Vial"],"acts_visited":["Exordium","TheCity","TheBeyond"],"potions_floor_usage":[6,16,23,25,35,50],"damage_taken":[{"damage":1,"enemies":"conspire:RoseBush","floor":1,"turns":2},{"damage":0,"enemies":"2 Louse","floor":2,"turns":2},{"damage":10,"enemies":"Cultist","floor":3,"turns":4},{"damage":0,"enemies":"Large Slime","floor":4,"turns":4},{"damage":16,"enemies":"Gremlin Nob","floor":6,"turns":3},{"damage":15,"enemies":"Lots of Slimes","floor":8,"turns":4},{"damage":0,"enemies":"conspire:2 RoseBushes","floor":11,"turns":4},{"damage":9,"enemies":"2 Fungi Beasts","floor":12,"turns":2},{"damage":27,"enemies":"3 Sentries","floor":14,"turns":6},{"damage":57,"enemies":"The Guardian","floor":16,"turns":11},{"damage":3,"enemies":"3 Byrds","floor":18,"turns":6},{"damage":10,"enemies":"Chosen","floor":19,"turns":4},{"damage":10,"enemies":"Sentry and Sphere","floor":22,"turns":4},{"damage":21,"enemies":"Replay:Snechameleon","floor":23,"turns":8},{"damage":8,"enemies":"conspire:SneckoGhost","floor":25,"turns":6},{"damage":2,"enemies":"Chosen and Byrds","floor":27,"turns":4},{"damage":15,"enemies":"Snake Plant","floor":30,"turns":3},{"damage":12,"enemies":"hubris:MusketHawk","floor":33,"turns":10},{"damage":27,"enemies":"3 Darklings","floor":35,"turns":6},{"damage":21,"enemies":"3 Shapes","floor":36,"turns":4},{"damage":17,"enemies":"Maw","floor":37,"turns":7},{"damage":13,"enemies":"conspire:MimicChest","floor":38,"turns":8},{"damage":20,"enemies":"Nemesis","floor":40,"turns":7},{"damage":27,"enemies":"3 Darklings","floor":42,"turns":4},{"damage":10,"enemies":"Giant Head","floor":44,"turns":8},{"damage":0,"enemies":"Jaw Worm Horde","floor":46,"turns":2},{"damage":7,"enemies":"Spire Growth","floor":48,"turns":3},{"damage":12,"enemies":"hubris:GrandSnecko","floor":50,"turns":10}],"seed_played":"8812826506953880602","potions_obtained":[{"floor":2,"key":"Strength Potion"},{"floor":3,"key":"BloodPotion"},{"floor":6,"key":"blueLaboratory:LouseDecoction"},{"floor":8,"key":"blueLaboratory:SavagePotion"},{"floor":16,"key":"GamblersBrew"},{"floor":19,"key":"ColorlessPotion"},{"floor":27,"key":"Reflective Coating"},{"floor":30,"key":"Swift Potion"},{"floor":33,"key":"BloodPotion"},{"floor":37,"key":"blueLaboratory:FruitPunch"},{"floor":48,"key":"SpeedPotion"}],"is_trial":false,"path_per_floor":["M","M","M","M","?","E","?","M","T","?","M","M","$","E","R","B",null,"M","M","?","?","M","E","?","E","T","M","?","?","M","$","R","B",null,"M","M","M","?","?","E","R","M","T","E","?","M","?","M","R_BF","B",null],"character_chosen":"IRONCLAD","items_purchased":["Gremlin Food","Metallicize+1","Flex","Good Instincts","Barricade"],"campfire_rested":1,"item_purchase_floors":[13,13,13,13,31],"current_hp_per_floor":[80,80,76,80,83,73,49,45,45,45,57,54,54,43,67,30,83,83,83,83,83,83,69,74,77,77,90,90,90,81,81,81,81,94,79,68,94,90,90,77,77,86,86,92,92,95,95,95,95,91],"gold":485,"neow_bonus":"THREE_CARDS","is_daily":false,"chose_seed":false,"campfire_upgraded":2,"win_rate":0.0,"timestamp":1608520894,"path_taken":["M","M","M","M","?","E","?","?","T","?","M","M","$","E","R","BOSS","M","M","?","?","M","E","?","E","T","M","?","?","M","$","R","BOSS","M","M","M","?","?","E","R","M","T","E","?","?","?","M","R_BF","BOSS"],"items_purchased_type":["Relic","Card","Card","Card","Card"],"build_version":"2020-11-17","purchased_purges":0,"victory":true,"max_hp_per_floor":[80,80,80,80,83,83,83,83,83,83,83,83,83,83,83,83,83,83,83,83,83,83,84,89,94,94,94,94,94,94,94,94,94,94,94,94,94,97,92,92,92,92,92,92,92,95,95,95,95,97],"card_choices":[{"not_picked":["Battle Trance","DDmod:PokeAttack"],"picked":"Flex","floor":0},{"not_picked":["Battle Trance","Perfected Strike"],"picked":"Run Through","floor":1},{"not_picked":["hubris:SharpeningStone","Pommel Strike"],"picked":"Flex","floor":2},{"not_picked":["Headbutt","Clothesline"],"picked":"Sword Boomerang","floor":3},{"not_picked":["hubris:CleavingFinish","Pummel"],"picked":"Hemokinesis","floor":4},{"not_picked":["Warcry","DDmod:SpikedSkill"],"picked":"DDmod:UnstoppableAttack","floor":6},{"not_picked":["Cleave","DDmod:ScaleUpSkill"],"picked":"ReplayTheSpireMod:Stacked","floor":8},{"not_picked":["Perfected Strike","Body Slam"],"picked":"Rampage","floor":11},{"not_picked":["Uppercut","Flex"],"picked":"Demon Form","floor":12},{"not_picked":["Shrug It Off","Thunderclap"],"picked":"conspire:ExplosiveBarrier","floor":14},{"not_picked":["DDmod:PlatedThornsSkill","Berserk"],"picked":"Bludgeon","floor":16},{"not_picked":["ReplayTheSpireMod:Strike From Hell","DDmod:PokeAttack"],"picked":"Metallicize","floor":18},{"not_picked":["Perfected Strike","Body Slam"],"picked":"Clothesline","floor":19},{"not_picked":["Entrench","Absolvement"],"picked":"Sword Boomerang+1","floor":22},{"not_picked":["Pommel Strike","Headbutt+1","Dark Embrace+1"],"picked":"SKIP","floor":23},{"not_picked":["DDmod:PokeAttack","Cleave"],"picked":"ReplayTheSpireMod:Limb From Limb+1","floor":25},{"not_picked":["hubris:ReadiedAction","DDmod:SpikeInjectionSkill"],"picked":"Thunderclap","floor":27},{"not_picked":["Anger","DDmod:UnstoppableAttack+1"],"picked":"Shrug It Off+1","floor":30},{"not_picked":["Body Slam","True Grit+1"],"picked":"Sword Boomerang+1","floor":35},{"not_picked":["Clash+1","Clothesline"],"picked":"Reaper","floor":36},{"not_picked":["Anger+1","Twin Strike+1","True Grit"],"picked":"SKIP","floor":37},{"not_picked":["Battle Trance+1","conspire:Charge+1","Dark Embrace+1"],"picked":"SKIP","floor":40},{"not_picked":["True Grit","DDmod:PokeAttack+1"],"picked":"Flame Barrier","floor":42},{"not_picked":["Run Through","Clothesline"],"picked":"Feed","floor":44},{"not_picked":["Run Through","Clothesline+1"],"picked":"ReplayTheSpireMod:Limb From Limb+1","floor":46},{"not_picked":["Sword Boomerang","conspire:ExplosiveBarrier"],"picked":"Body Slam","floor":48}],"player_experience":0,"relics_obtained":[{"floor":6,"key":"Replay:Mystery Machine"},{"floor":9,"key":"Nunchaku"},{"floor":14,"key":"CCEMRelics:PorcelainBowl"},{"floor":23,"key":"hubris:ChampionShield"},{"floor":25,"key":"Durian"},{"floor":26,"key":"Bag of Preparation"},{"floor":38,"key":"qcfpunch:Wild_Herbs_Ointment"},{"floor":38,"key":"halation:EternalFortune"},{"floor":40,"key":"CCEMRelics:OverlyComfyChair"},{"floor":43,"key":"MealTicket"},{"floor":44,"key":"Blood Vial"},{"floor":46,"key":"halation:EternalFortune"}],"event_choices":[{"damage_healed":0,"gold_gain":108,"player_choice":"GO RE ","damage_taken":27,"relics_obtained":["ReplayTheSpireMod:TigerMarble"],"max_hp_gain":0,"max_hp_loss":0,"event_name":"betterSkull:BetterSkull","floor":7,"gold_loss":0,"cards_upgraded":[]},{"damage_healed":0,"gold_gain":0,"player_choice":"Disagree","damage_taken":0,"max_hp_gain":0,"max_hp_loss":0,"event_name":"conspire:LoneGhost","floor":10,"gold_loss":0},{"cards_removed":["conspire:ExplosiveBarrier"],"damage_healed":0,"gold_gain":0,"player_choice":"Give","damage_taken":0,"max_hp_gain":0,"max_hp_loss":0,"event_name":"betterNote:BetterNote","floor":20,"gold_loss":0,"cards_obtained":["None"]},{"damage_healed":0,"gold_gain":0,"player_choice":"Obtained Relic","damage_taken":0,"relics_obtained":["CCEMRelics:CocoNut"],"max_hp_gain":0,"max_hp_loss":0,"event_name":"Addict","floor":24,"gold_loss":85},{"damage_healed":0,"gold_gain":0,"player_choice":"Read","damage_taken":0,"max_hp_gain":0,"max_hp_loss":0,"event_name":"The Library","floor":28,"gold_loss":0,"cards_obtained":["Conclude"]},{"damage_healed":0,"gold_gain":0,"player_choice":"Leave","damage_taken":0,"max_hp_gain":0,"max_hp_loss":0,"event_name":"conspire:Investor","floor":45,"gold_loss":0}],"is_beta":true,"boss_relics":[{"not_picked":["Replay:Drink Me","conspire:SlowCooker"],"picked":"vexMod:EndlessSickness"},{"not_picked":["hubris:BlackHole","hubris:GrandSneckoEye"],"picked":"aspiration:MobileForge"}],"items_purged_floors":[],"is_endless":false,"potions_floor_spawned":[2,3,6,8,16,19,27,30,33,37,38,46,48],"ascension_level":0}}