{"host":"hfvpa4llnnjpeawn","time":1608578823,"event":{"mods":["2.2 Compatiblity","AchievementEnabler","Act Like it!","Aspiration","Bard","BaseMod","Beaked The Cultist","Better Sensory Stone","Better Skull","Better Third Choice","BetterRewards","CapriCore","Conspire","Downfall","Elementarium","Energized Spire","Hubris","Infinite Spire","Jorbs\u0027s Wanderer Trilogy","Lobotomy","LobotomyExtend","Minty Spire (QoL Compilation)","Replay The Spire","Shade Mod","Spicy Shops","StSLib","The Bladedancer","The Factory","The Gatherer","The Jungle","Waifu the Spire","Wandering Minibosses"],"gold_per_floor":[119,23,34,34,51,51,80,107,107,107,107,145,145,145,145,265,265,289,289,289,289],"floor_reached":20,"playtime":1229,"items_purged":[],"score":223,"play_id":"3224c9b3-3eb4-4bfe-878b-703a235c35a4","local_time":"20201221142703","is_ascension_mode":true,"campfire_choices":[{"data":"Footwork","floor":6,"key":"SMITH"},{"data":"Crippling Poison","floor":10,"key":"SMITH"},{"data":"Draining Mist","floor":13,"key":"SMITH"},{"floor":15,"key":"REST"}],"circlet_count":0,"master_deck":["DespairKnight","Strike_G","Strike_G","Strike_G","Strike_G","Strike_G","Defend_G","Defend_G","Defend_G","Defend_G","Defend_G","Survivor","Neutralize","VoidDream","Caltrops","Choke","PiercingWail","Dash","Footwork+1","Corpse Explosion","GreedKing","Crippling Poison+1","Replay:Bag of Tricks","Draining Mist+1","Adrenaline","CrumblingArmor","Crippling Poison","Corpse Explosion","Looming Evil"],"relics":["Ring of the Snake","CogitoBucket","hubris:Towel","aspiration:TomeofQuesting","Odd Mushroom","hubris:GlazedTorus","Golden Idol","conspire:GiftBox","hubris:FruitBowl","Snake Skull","energizedSpire:SpiderWeb","SwordSharpenedByTears_r","BackwardClock"],"acts_visited":["Exordium","TheCity"],"potions_floor_usage":[7,7,16],"damage_taken":[{"damage":0,"enemies":"Small Slimes","floor":1,"turns":5},{"damage":0,"enemies":"2 Louse","floor":3,"turns":3},{"damage":1,"enemies":"Jaw Worm","floor":5,"turns":3},{"damage":5,"enemies":"3 Sentries","floor":7,"turns":12},{"damage":2,"enemies":"The Mushroom Lair","floor":8,"turns":3},{"damage":4,"enemies":"Lagavulin","floor":12,"turns":6},{"damage":8,"enemies":"Hexaghost","floor":16,"turns":7},{"damage":64,"enemies":"conspire:FuzzyDice","floor":18,"turns":8},{"damage":8,"enemies":"Shell Parasite","floor":20,"turns":2}],"seed_played":"-2594256931688464800","potions_obtained":[{"floor":3,"key":"Energy Potion"},{"floor":5,"key":"Weak Potion"},{"floor":12,"key":"champ:CounterPotion"}],"is_trial":false,"path_per_floor":["M","$","M","?","M","R","E","?","T","R","?","E","R","$","R","B",null,"M","?","M"],"character_chosen":"THE_SILENT","items_purchased":["Choke","PiercingWail","hubris:FruitBowl","Snake Skull"],"campfire_rested":1,"item_purchase_floors":[2,2,14,14],"current_hp_per_floor":[70,70,70,70,69,69,64,62,62,62,45,41,41,12,33,25,70,6,6,0,0],"gold":289,"neow_bonus":"","is_daily":false,"chose_seed":false,"campfire_upgraded":3,"win_rate":0.0,"timestamp":1608578823,"path_taken":["M","$","M","?","M","R","E","?","T","R","?","E","R","?","R","BOSS","M","?","M"],"items_purchased_type":["Card","Card","Relic","Relic"],"build_version":"2020-12-13","purchased_purges":0,"victory":false,"max_hp_per_floor":[70,70,70,70,70,70,70,70,70,70,70,70,70,70,70,70,70,70,70,70,70],"card_choices":[{"not_picked":["Murderer","MeatLantern","PunishingBird"],"picked":"Singing Bowl","floor":1},{"not_picked":["WallGazer","Wellcheers"],"picked":"VoidDream","floor":1},{"not_picked":["All Out Attack","Quick Slash"],"picked":"Caltrops","floor":1},{"not_picked":["HappyTeddy","MHz","Wellcheers"],"picked":"Singing Bowl","floor":3},{"not_picked":["Underhanded Strike","hubris:SlightOfHand"],"picked":"Dash","floor":3},{"not_picked":["OldLady","PunishingBird","Porccubus"],"picked":"Singing Bowl","floor":5},{"not_picked":["SpiderBud","OSAHOGD"],"picked":"DespairKnight","floor":5},{"not_picked":["Backflip","Cloak And Dagger"],"picked":"Footwork","floor":5},{"not_picked":["Porccubus","LittlePrince","GalaxyChild"],"picked":"Singing Bowl","floor":7},{"not_picked":["Dodge and Roll","Catalyst"],"picked":"Corpse Explosion","floor":7},{"not_picked":["WallGazer","BeautyBeast","PunishingBird"],"picked":"Singing Bowl","floor":8},{"not_picked":["FairyFestival","Wellcheers"],"picked":"GreedKing","floor":8},{"not_picked":["Cloak And Dagger","ReplayTheSpireMod:Speed Training"],"picked":"Crippling Poison","floor":8},{"not_picked":["OldLady","MeatLantern","OSAHOGD"],"picked":"Singing Bowl","floor":12},{"not_picked":["Phantasmal Killer","ReplayTheSpireMod:From All Sides"],"picked":"Replay:Bag of Tricks","floor":12},{"not_picked":["Slice","Flying Knee"],"picked":"Draining Mist","floor":12},{"not_picked":["LittleHelper","Scarecrow","Freischutz"],"picked":"Singing Bowl","floor":16},{"not_picked":["Wraith Form v2","aspiration:Lunge"],"picked":"Adrenaline","floor":16},{"not_picked":["WhitesApple","BigBadWolf"],"picked":"CrumblingArmor","floor":18},{"not_picked":["PiercingWail+1","ReplayTheSpireMod:Shiv Toss"],"picked":"Crippling Poison","floor":18}],"player_experience":299531,"relics_obtained":[{"floor":7,"key":"aspiration:TomeofQuesting"},{"floor":8,"key":"Odd Mushroom"},{"floor":9,"key":"hubris:GlazedTorus"},{"floor":12,"key":"conspire:GiftBox"}],"event_choices":[{"damage_healed":0,"gold_gain":0,"player_choice":"Fought Mushrooms","damage_taken":0,"max_hp_gain":0,"max_hp_loss":0,"event_name":"Mushrooms","floor":8,"gold_loss":0},{"damage_healed":0,"gold_gain":0,"player_choice":"Take Damage","damage_taken":17,"relics_obtained":["Golden Idol"],"max_hp_gain":0,"max_hp_loss":0,"event_name":"Golden Idol","floor":11,"gold_loss":0},{"damage_healed":0,"gold_gain":0,"player_choice":"2 cards matched","damage_taken":0,"max_hp_gain":0,"max_hp_loss":0,"event_name":"Match and Keep!","floor":19,"gold_loss":0,"cards_obtained":["Corpse Explosion","Looming Evil"]}],"is_beta":false,"boss_relics":[{"not_picked":["Coffee Dripper","energizedSpire:HugeHouse"],"picked":"energizedSpire:SpiderWeb"}],"items_purged_floors":[],"is_endless":false,"potions_floor_spawned":[3,5,12],"killed_by":"Shell Parasite","ascension_level":2}}