{"host":"mqhvlr3kpxebko0t","time":1608511376,"event":{"mods":["AchievementEnabler","BaseMod","Colored Map","Colored Powertips","Keyboard Shortcuts","Minty Spire (QoL Compilation)","StSLib","SuperFastMode"],"gold_per_floor":[109,109,127,52,70,70,103,103,103,103,3,3,3,16,16,93,93,103,114,35,54,67,67,93,109,109,128,128,146,164,174,174,253,253,268,139,119,119,137,137,137,165,177,189,189],"floor_reached":44,"playtime":1557,"items_purged":["Strike_B","Strike_B","Defend_B"],"score":805,"play_id":"9ae5abcd-5d84-469a-8eff-40412ff17735","local_time":"20201221094256","is_ascension_mode":true,"campfire_choices":[{"data":"Coolheaded","floor":6.0,"key":"SMITH"},{"data":"Dualcast","floor":8.0,"key":"SMITH"},{"data":"Go for the Eyes","floor":10.0,"key":"SMITH"},{"floor":15.0,"key":"REST"},{"floor":23.0,"key":"REST"},{"data":"Creative AI","floor":28.0,"key":"SMITH"},{"data":"Heatsinks","floor":32.0,"key":"SMITH"},{"data":"Double Energy","floor":40.0,"key":"SMITH"}],"circlet_count":0,"master_deck":["AscendersBane","Defend_B","Defend_B","Defend_B","Zap+1","Dualcast+1","Coolheaded+1","Go for the Eyes+1","Glacier+1","FTL","Creative AI+1","Self Repair","Heatsinks+1","Force Field","Echo Form","Core Surge","Double Energy+1","Fusion","Consume+1"],"relics":["Cracked Core","NeowsBlessing","Bird Faced Urn","Vajra","Cursed Key","The Courier","Empty Cage","MawBank"],"acts_visited":["Exordium","TheCity","TheBeyond"],"potions_floor_usage":[],"damage_taken":[{"damage":0.0,"enemies":"Small Slimes","floor":1.0,"turns":1.0},{"damage":0.0,"enemies":"Cultist","floor":3.0,"turns":1.0},{"damage":0.0,"enemies":"Jaw Worm","floor":5.0,"turns":1.0},{"damage":16.0,"enemies":"Lagavulin","floor":7.0,"turns":11.0},{"damage":0.0,"enemies":"2 Fungi Beasts","floor":14.0,"turns":4.0},{"damage":8.0,"enemies":"The Guardian","floor":16.0,"turns":17.0},{"damage":0.0,"enemies":"3 Byrds","floor":18.0,"turns":6.0},{"damage":8.0,"enemies":"Spheric Guardian","floor":19.0,"turns":5.0},{"damage":20.0,"enemies":"Snake Plant","floor":21.0,"turns":9.0},{"damage":78.0,"enemies":"3 Cultists","floor":22.0,"turns":9.0},{"damage":39.0,"enemies":"Gremlin Leader","floor":24.0,"turns":8.0},{"damage":20.0,"enemies":"Shelled Parasite and Fungi","floor":25.0,"turns":15.0},{"damage":34.0,"enemies":"Centurion and Healer","floor":27.0,"turns":11.0},{"damage":22.0,"enemies":"Snecko","floor":29.0,"turns":7.0},{"damage":4.0,"enemies":"Cultist and Chosen","floor":30.0,"turns":9.0},{"damage":26.0,"enemies":"Sentry and Sphere","floor":31.0,"turns":8.0},{"damage":15.0,"enemies":"Automaton","floor":33.0,"turns":15.0},{"damage":61.0,"enemies":"3 Shapes","floor":35.0,"turns":6.0},{"damage":27.0,"enemies":"Orb Walker","floor":39.0,"turns":6.0},{"damage":21.0,"enemies":"Nemesis","floor":42.0,"turns":15.0},{"damage":72,"enemies":"Sphere and 2 Shapes","floor":44,"turns":3}],"seed_played":"-4955347973744000791","potions_obtained":[{"floor":3.0,"key":"EssenceOfSteel"},{"floor":5.0,"key":"GamblersBrew"},{"floor":16.0,"key":"Explosive Potion"},{"floor":19.0,"key":"DuplicationPotion"},{"floor":24.0,"key":"SteroidPotion"},{"floor":30.0,"key":"LiquidMemories"},{"floor":33.0,"key":"LiquidBronze"},{"floor":37.0,"key":"LiquidMemories"}],"is_trial":false,"path_per_floor":["M","?","M","$","M","R","E","R","T","R","$","?","?","M","R","B",null,"M","M","$","M","M","R","E","M","T","M","R","M","M","M","R","B",null,"M","$","?","$","M","R","?","E","T","M"],"character_chosen":"DEFECT","items_purchased":["Heatsinks","Double Energy"],"campfire_rested":2,"item_purchase_floors":[20,36],"current_hp_per_floor":[64,64,64,64,64,64,48,48,48,48,48,30,30,30,51,43,64,71,69,69,71,10,31,25,44,44,71,71,71,71,71,71,71,71,36,36,36,36,28,28,58,58,58,0,0],"gold":189,"neow_bonus":"THREE_ENEMY_KILL","is_daily":false,"chose_seed":false,"campfire_upgraded":6,"win_rate":0.0,"timestamp":1608511376,"path_taken":["M","?","M","$","?","R","E","R","T","R","$","?","?","M","R","BOSS","M","M","$","?","M","R","E","M","T","M","R","M","M","?","R","BOSS","M","$","?","?","?","R","?","E","T","M"],"items_purchased_type":["Card","Card"],"build_version":"2020-12-13","purchased_purges":3,"victory":false,"max_hp_per_floor":[71,71,71,71,71,71,71,71,71,71,71,71,71,71,71,71,71,71,71,71,71,71,71,71,71,71,71,71,71,71,71,71,71,71,71,71,71,71,71,71,58,58,58,58,58],"card_choices":[{"not_picked":["Streamline","Stack"],"picked":"Coolheaded","floor":1.0},{"not_picked":["Undo","Rip and Tear"],"picked":"Go for the Eyes","floor":3.0},{"not_picked":["Force Field","Genetic Algorithm"],"picked":"Glacier","floor":5.0},{"not_picked":["Gash","Redo","Cold Snap"],"picked":"SKIP","floor":7.0},{"not_picked":["Steam Power","Go for the Eyes"],"picked":"FTL","floor":14.0},{"not_picked":["Seek","Multi-Cast"],"picked":"Creative AI","floor":16.0},{"not_picked":["Cold Snap","Steam","Redo"],"picked":"SKIP","floor":18.0},{"not_picked":["Compile Driver+1","Turbo"],"picked":"Self Repair","floor":19.0},{"not_picked":["Streamline","Go for the Eyes","Stack"],"picked":"SKIP","floor":21.0},{"not_picked":["Heatsinks","Leap"],"picked":"Force Field","floor":22.0},{"not_picked":["Reprogram","Redo","Gash"],"picked":"SKIP","floor":24.0},{"not_picked":["Sweeping Beam","Chaos"],"picked":"Echo Form","floor":25.0},{"not_picked":["Double Energy","Ball Lightning","Hologram"],"picked":"SKIP","floor":27.0},{"not_picked":["Skim","Self Repair","Barrage"],"picked":"SKIP","floor":29.0},{"not_picked":["Ball Lightning","Genetic Algorithm","Creative AI"],"picked":"SKIP","floor":30.0},{"not_picked":["Barrage","Go for the Eyes","Leap+1"],"picked":"SKIP","floor":31.0},{"not_picked":["Biased Cognition","Meteor Strike"],"picked":"Core Surge","floor":33.0},{"not_picked":["Go for the Eyes","Tempest+1","Coolheaded"],"picked":"SKIP","floor":35.0},{"not_picked":["FTL","Cold Snap"],"picked":"Fusion","floor":39.0},{"not_picked":["Steam Power+1","Go for the Eyes"],"picked":"Consume+1","floor":42.0}],"player_experience":664466,"relics_obtained":[{"floor":7.0,"key":"Bird Faced Urn"},{"floor":24.0,"key":"The Courier"},{"floor":42.0,"key":"MawBank"}],"event_choices":[{"damage_healed":0.0,"max_hp_gain":0.0,"max_hp_loss":0.0,"gold_gain":0.0,"event_name":"Accursed Blacksmith","player_choice":"Forge","floor":2.0,"gold_loss":0.0,"damage_taken":0.0,"cards_upgraded":["Zap"]},{"damage_healed":0.0,"max_hp_gain":0.0,"max_hp_loss":0.0,"gold_gain":0.0,"event_name":"Scrap Ooze","player_choice":"Success","floor":12.0,"gold_loss":0.0,"damage_taken":18.0,"relics_obtained":["Vajra"]},{"damage_healed":0.0,"max_hp_gain":0.0,"max_hp_loss":0.0,"gold_gain":0.0,"event_name":"Upgrade Shrine","player_choice":"Upgraded","floor":13.0,"gold_loss":0.0,"damage_taken":0.0,"cards_upgraded":["Glacier"]},{"damage_healed":0.0,"max_hp_gain":0.0,"max_hp_loss":0.0,"gold_gain":0.0,"event_name":"The Woman in Blue","player_choice":"Bought 1 Potion","floor":37.0,"gold_loss":0.0,"damage_taken":0.0},{"damage_healed":58.0,"max_hp_gain":0.0,"max_hp_loss":13.0,"gold_gain":0.0,"event_name":"The Moai Head","player_choice":"Heal","floor":41.0,"gold_loss":0.0,"damage_taken":0.0}],"is_beta":false,"boss_relics":[{"not_picked":["SacredBark","Philosopher\u0027s Stone"],"picked":"Cursed Key"},{"not_picked":["Velvet Choker","Coffee Dripper"],"picked":"Empty Cage"}],"items_purged_floors":[4,11,36],"is_endless":false,"potions_floor_spawned":[3,5,16,19,24,27,30,31,33,39],"killed_by":"Sphere and 2 Shapes","ascension_level":15}}