{"host":"bxdue9bkfm2khp2x","time":1608542827,"event":{"mods":["Aspiration","BaseMod","Better Vampires","Challenge The Spire","Colored Powertips","Conspire","Decade(王小明)","Dota2Spire","Downfall","Highlight Path","Marisa（F雨　魔理沙）","Minty Spire (QoL Compilation)","MostiFishMod","Remilia（蕾米莉亚）","Replay The Spire","RumiaBox-露米娅的神秘盒子","StSLib","Td1madao Mod","The Alterego","The Cursed","The Servant 0.9.4","Waifu the Spire","WarShipGirlsR/战舰少女R mod","Youmu（魂魄妖梦）","noobMod","vexMod","【功能Mod】混沌之环修复补丁","【遗物卡牌】REMEMod","篝火指南"],"gold_per_floor":[116,116,129,129,144,144,163,163,163],"floor_reached":8,"playtime":287,"items_purged":[],"score":89,"play_id":"0dec3d52-ff74-4bc5-8a26-c704a97f6bf0","local_time":"20201221172707","is_ascension_mode":true,"campfire_choices":[{"data":"alterego_mod:IndependentAction","floor":6,"key":"SMITH"}],"circlet_count":0,"master_deck":["AscendersBane","alterego_mod:Strike","alterego_mod:Strike","alterego_mod:Strike","alterego_mod:Strike","alterego_mod:Defend","alterego_mod:Defend","alterego_mod:Defend","alterego_mod:Defend","alterego_mod:Impale","alterego_mod:BigMeatyClaws","alterego_mod:BrynhildrsRune","rmod:openingtorpedo","alterego_mod:DeftHands","alterego_mod:Birthday","alterego_mod:IndependentAction+1","alterego_mod:MagicResistance"],"relics":["alterego_mod:MasochisticConstitution","REME_ComplimentaryCards","DaveBox","ice","GuanYuAspect","NeowsBlessing","Question Card","LastBattle"],"acts_visited":["Exordium"],"potions_floor_usage":[],"damage_taken":[{"damage":0,"enemies":"Jaw Worm","floor":1,"turns":1},{"damage":0,"enemies":"Cultist","floor":3,"turns":1},{"damage":0,"enemies":"2 Louse","floor":5,"turns":1},{"damage":13,"enemies":"Blue Slaver","floor":7,"turns":4},{"damage":39,"enemies":"Gremlin Nob","floor":8,"turns":5}],"seed_played":"573277962400655113","potions_obtained":[{"floor":3,"key":"Dota2Spire:HealingSalve"}],"is_trial":false,"path_per_floor":["M","?","M","T","M","R","M","E"],"character_chosen":"The_Alterego","items_purchased":[],"campfire_rested":0,"item_purchase_floors":[],"current_hp_per_floor":[33,33,33,33,33,33,34,9,9],"gold":163,"neow_bonus":"THREE_ENEMY_KILL","is_daily":false,"chose_seed":false,"campfire_upgraded":1,"win_rate":0.0,"timestamp":1608542827,"path_taken":["M","?","M","?","M","R","M","E"],"items_purchased_type":[],"build_version":"2020-12-13","purchased_purges":0,"victory":false,"max_hp_per_floor":[33,33,33,33,33,33,34,34,34],"card_choices":[{"not_picked":["alterego_mod:DestructionOfProperty","alterego_mod:PurpleHair"],"picked":"alterego_mod:DeftHands","floor":1},{"not_picked":["alterego_mod:Punishment","alterego_mod:Cooking","alterego_mod:PurpleHair"],"picked":"alterego_mod:Birthday","floor":3},{"not_picked":["alterego_mod:Punishment","alterego_mod:Mirror","alterego_mod:BusterCard"],"picked":"alterego_mod:IndependentAction","floor":5},{"not_picked":["alterego_mod:GoddessCore","alterego_mod:Cooking","alterego_mod:Schoolgirl"],"picked":"alterego_mod:MagicResistance","floor":7}],"player_experience":1403645,"relics_obtained":[{"floor":1,"key":"Question Card"},{"floor":4,"key":"LastBattle"}],"event_choices":[],"is_beta":false,"boss_relics":[],"items_purged_floors":[],"is_endless":false,"potions_floor_spawned":[3],"killed_by":"Gremlin Nob","ascension_level":17}}