{"host":"sq65xgedotq5nei3","time":1608519460,"event":{"mods":["AchievementEnabler","BaseMod","Colored Powertips","Duelist Mod","Minty Spire (QoL Compilation)","Permanent Neow","Rare Cards Sparkle","StSLib","SuperFastMode"],"gold_per_floor":[110,125,75,75,90,90,123,123,123,123,139,139,159,177,177,251,251,263,32,0,0,17,17,17,17,17,17,51,51,66,66,66],"floor_reached":31,"playtime":1756,"items_purged":["Strike_R"],"score":430,"play_id":"b20c2c93-fd05-495a-b988-37567e4d8317","local_time":"20201221135740","is_ascension_mode":true,"campfire_choices":[{"data":"Barricade","floor":6.0,"key":"SMITH"},{"data":"Shrug It Off","floor":8,"key":"SMITH"},{"data":"Cleave","floor":12,"key":"SMITH"},{"data":"Entrench","floor":15,"key":"SMITH"},{"floor":23,"key":"REST"},{"data":"Defend_R","floor":27,"key":"SMITH"},{"floor":29,"key":"REST"}],"circlet_count":0,"master_deck":["AscendersBane","Strike_R","Strike_R","Strike_R","Defend_R+1","Defend_R","Defend_R","Defend_R","Bash","Barricade+1","Shrug It Off+1","Cleave+1","Entrench+1","Evolve+1","Pommel Strike+1","Flame Barrier"],"relics":["Burning Blood","Dead Branch","Bottled Tornado","SlaversCollar","HandDrill","Molten Egg 2","Calipers","Frozen Egg 2"],"acts_visited":["Exordium","TheCity"],"potions_floor_usage":[7,30],"damage_taken":[{"damage":7.0,"enemies":"Small Slimes","floor":1.0,"turns":4.0},{"damage":1.0,"enemies":"Cultist","floor":2.0,"turns":4.0},{"damage":2.0,"enemies":"Jaw Worm","floor":5.0,"turns":9.0},{"damage":52,"enemies":"Lagavulin","floor":7,"turns":11},{"damage":9,"enemies":"Red Slaver","floor":11,"turns":5},{"damage":1,"enemies":"Exordium Wildlife","floor":13,"turns":4},{"damage":1,"enemies":"2 Fungi Beasts","floor":14,"turns":4},{"damage":15,"enemies":"The Guardian","floor":16,"turns":24},{"damage":37,"enemies":"Spheric Guardian","floor":18,"turns":17},{"damage":17,"enemies":"2 Thieves","floor":20,"turns":4},{"damage":19,"enemies":"Snake Plant","floor":22,"turns":15},{"damage":24,"enemies":"Book of Stabbing","floor":28,"turns":13},{"damage":52,"enemies":"Sentry and Sphere","floor":30,"turns":16},{"damage":57,"enemies":"Centurion and Healer","floor":31,"turns":12}],"seed_played":"-8125370487687844389","potions_obtained":[{"floor":4.0,"key":"FairyPotion"},{"floor":4.0,"key":"SteroidPotion"},{"floor":7,"key":"Ancient Potion"},{"floor":22,"key":"Swift Potion"},{"floor":28,"key":"BloodPotion"}],"is_trial":false,"path_per_floor":["M","M","?","?","M","R","E","R","T","?","M","R","M","M","R","B",null,"M","$","M","?","M","R","?","?","T","R","E","R","M","M"],"character_chosen":"IRONCLAD","items_purchased":["HandDrill"],"campfire_rested":2,"item_purchase_floors":[19],"current_hp_per_floor":[67,72,72,72,75,75,29,29,29,29,26,26,31,36,36,27,63,32,32,21,21,8,30,55,55,55,55,37,59,28,0,0],"gold":66,"neow_bonus":"ONE_RANDOM_RARE_CARD","is_daily":false,"chose_seed":false,"campfire_upgraded":5,"win_rate":0.0,"timestamp":1608519460,"path_taken":["M","M","?","?","?","R","E","R","T","?","M","R","M","M","R","BOSS","M","$","M","?","?","R","?","?","T","R","E","R","M","M"],"items_purchased_type":["Relic"],"build_version":"2020-12-13","purchased_purges":1,"victory":false,"max_hp_per_floor":[75,75,75,75,75,75,75,75,75,75,75,75,75,75,75,75,75,75,75,75,75,75,75,75,75,75,75,75,75,75,75,75],"card_choices":[{"not_picked":["Second Wind","Anger"],"picked":"Shrug It Off","floor":1.0},{"not_picked":["Feel No Pain","Iron Wave"],"picked":"Cleave","floor":2.0},{"not_picked":["Wild Strike","True Grit","Disarm"],"picked":"SKIP","floor":5.0},{"not_picked":["Twin Strike","Rupture","Double Tap"],"picked":"SKIP","floor":7},{"not_picked":["Iron Wave","Intimidate","Inflame"],"picked":"SKIP","floor":11},{"not_picked":["Dark Embrace","Flex","Sever Soul"],"picked":"SKIP","floor":13},{"not_picked":["Anger","Bloodletting"],"picked":"Entrench","floor":14},{"not_picked":["Flex","Second Wind"],"picked":"Evolve+1","floor":18},{"not_picked":["Thunderclap","Intimidate","Warcry"],"picked":"SKIP","floor":20},{"not_picked":["True Grit","Heavy Blade+1"],"picked":"Pommel Strike+1","floor":22},{"not_picked":["Searing Blow+1","Disarm","Thunderclap+1"],"picked":"SKIP","floor":28},{"not_picked":["Sword Boomerang+1","Feel No Pain+1"],"picked":"Flame Barrier","floor":30}],"player_experience":751921,"relics_obtained":[{"floor":7,"key":"Dead Branch"},{"floor":9,"key":"Bottled Tornado"},{"floor":26,"key":"Calipers"},{"floor":28,"key":"Frozen Egg 2"}],"event_choices":[{"cards_removed":["Strike_R"],"damage_healed":0.0,"max_hp_gain":0.0,"max_hp_loss":0.0,"gold_gain":0.0,"event_name":"The Cleric","player_choice":"Card Removal","floor":3.0,"gold_loss":50.0,"damage_taken":0.0},{"damage_healed":0.0,"max_hp_gain":0.0,"max_hp_loss":0.0,"gold_gain":0.0,"event_name":"Lab","player_choice":"Got Potions","floor":4.0,"gold_loss":0.0,"damage_taken":0.0},{"damage_healed":0,"gold_gain":0,"player_choice":"Bought 0 Potions","damage_taken":0,"max_hp_gain":0,"max_hp_loss":0,"event_name":"The Woman in Blue","floor":10,"gold_loss":0},{"damage_healed":0,"gold_gain":0,"player_choice":"Gave Potion","damage_taken":0,"relics_obtained":["Molten Egg 2"],"max_hp_gain":0,"max_hp_loss":0,"event_name":"WeMeetAgain","floor":21,"gold_loss":0},{"damage_healed":25,"gold_gain":0,"player_choice":"Heal","damage_taken":0,"max_hp_gain":0,"max_hp_loss":0,"event_name":"The Library","floor":24,"gold_loss":0},{"damage_healed":0,"gold_gain":0,"player_choice":"Ignored","damage_taken":0,"max_hp_gain":0,"max_hp_loss":0,"event_name":"Ghosts","floor":25,"gold_loss":0}],"is_beta":false,"boss_relics":[{"not_picked":["Calling Bell","Velvet Choker"],"picked":"SlaversCollar"}],"items_purged_floors":[19],"is_endless":false,"potions_floor_spawned":[7,14,16,22,28],"killed_by":"Centurion and Healer","ascension_level":14}}