{"host":"ljavmhyz2e552xgo","time":1608565780,"event":{"mods":["BaseMod","Better Third Choice","Downfall","Friendly Minions","Minty Spire (QoL Compilation)","Permanent Neow","Spicy Shops","StSLib"],"gold_per_floor":[99,156,170,2,15,15,39,39,139,139,153,165,185,16,31,132,132,132],"floor_reached":17,"playtime":1898,"items_purged":[],"score":147,"play_id":"64dab6be-d27d-4e6f-83e2-5d31aa8185be","local_time":"20201221094940","is_ascension_mode":false,"campfire_choices":[{"data":"sneckomod:TailWhip","floor":1,"key":"SMITH"},{"data":"sneckomod:QuickBite","floor":8,"key":"SMITH"},{"data":"sneckomod:QuickMove","floor":10,"key":"SMITH"}],"circlet_count":0,"master_deck":["sneckomod:Strike","sneckomod:Strike","sneckomod:Strike","sneckomod:Defend","sneckomod:Defend","sneckomod:Defend","sneckomod:TailWhip+1","sneckomod:SnekBite+1","sneckomod:Unknown","sneckomod:Unknown","sneckomod:CheapStock","sneckomod:QuickMove+1","sneckomod:QuickBite+1","sneckomod:UnknownCommonSkill","sneckomod:UnknownVulnerable","sneckomod:UnknownClassHEXA_GHOST_PURPLE","sneckomod:SoulCleanse","sneckomod:DiceBoulder","sneckomod:Unknown3Cost"],"relics":["sneckomod:SneckoSoul","Bag of Marbles","FossilizedHelix","Toy Ornithopter","Strawberry","ClockworkSouvenir","Sozu"],"acts_visited":["Exordium","TheCity"],"potions_floor_usage":[16,16],"damage_taken":[{"damage":24,"enemies":"Lagavulin Event","floor":2,"turns":5},{"damage":3,"enemies":"2 Louse","floor":3,"turns":2},{"damage":0,"enemies":"downfall:FleeingMerchant","floor":4,"turns":4},{"damage":0,"enemies":"Jaw Worm","floor":5,"turns":1},{"damage":0,"enemies":"Cultist","floor":11,"turns":2},{"damage":0,"enemies":"Exordium Wildlife","floor":12,"turns":2},{"damage":0,"enemies":"3 Louse","floor":13,"turns":1},{"damage":0,"enemies":"downfall:FleeingMerchant","floor":14,"turns":4},{"damage":26,"enemies":"Exordium Thugs","floor":15,"turns":5},{"damage":21,"enemies":"downfall:Silent","floor":16,"turns":5}],"seed_played":"-4705432401761895530","potions_obtained":[{"floor":2,"key":"SmokeBomb"},{"floor":5,"key":"FearPotion"},{"floor":11,"key":"DuplicationPotion"},{"floor":16,"key":"SteroidPotion"}],"is_trial":false,"path_per_floor":["R","?","M","$","M","?","T","R","?","R","M","M","M","$","M","B",null],"character_chosen":"THE_SNECKO","items_purchased":["FossilizedHelix","ClockworkSouvenir"],"campfire_rested":0,"item_purchase_floors":[4,14],"current_hp_per_floor":[90,66,66,66,66,54,61,61,61,61,62,63,64,64,38,32,101,101],"gold":132,"neow_bonus":"UPGRADE_CARD","is_daily":false,"chose_seed":false,"campfire_upgraded":3,"win_rate":0.0,"timestamp":1608565780,"path_taken":["R","?","M","$","M","?","T","R","?","R","M","M","M","$","M","BOSS"],"items_purchased_type":["Relic","Relic"],"build_version":"2020-12-13","purchased_purges":0,"victory":false,"max_hp_per_floor":[90,90,90,90,90,90,97,97,97,97,98,99,100,100,100,101,101,101],"card_choices":[{"not_picked":["sneckomod:SoulDraw","sneckomod:MixItUp"],"picked":"sneckomod:CheapStock","floor":2},{"not_picked":["sneckomod:UnknownCommonSkill","sneckomod:UnknownClassTHE_CHAMP_GRAY"],"picked":"sneckomod:QuickMove","floor":3},{"not_picked":["sneckomod:UnknownVulnerable","sneckomod:ImprovisedAttack"],"picked":"sneckomod:QuickBite","floor":4},{"not_picked":["sneckomod:DiceCrush","sneckomod:Nope","sneckomod:Unknown1Cost"],"picked":"SKIP","floor":5},{"not_picked":["sneckomod:DiceCrush","sneckomod:GlitteringGambit"],"picked":"sneckomod:UnknownCommonSkill","floor":11},{"not_picked":["sneckomod:UnknownCommonSkill","sneckomod:DiceCrush"],"picked":"sneckomod:UnknownVulnerable","floor":12},{"not_picked":["sneckomod:TrashToTreasure","sneckomod:UnknownWeak"],"picked":"sneckomod:UnknownClassHEXA_GHOST_PURPLE","floor":13},{"not_picked":["sneckomod:UnknownClassHEXA_GHOST_PURPLE","sneckomod:DiceBlock"],"picked":"sneckomod:SoulCleanse","floor":14},{"not_picked":["sneckomod:UnknownStrike","sneckomod:Unknown1Cost"],"picked":"sneckomod:DiceBoulder","floor":15},{"not_picked":["sneckomod:Restock","sneckomod:UnknownColorless"],"picked":"sneckomod:Unknown3Cost","floor":16}],"player_experience":1415603,"relics_obtained":[{"floor":2,"key":"Bag of Marbles"},{"floor":7,"key":"Strawberry"}],"event_choices":[{"damage_healed":0,"gold_gain":0,"player_choice":"Relic ","damage_taken":12,"max_hp_gain":0,"max_hp_loss":0,"event_name":"betterThird:BetterScrap","floor":6,"gold_loss":0,"cards_obtained":["Offering"]}],"is_beta":false,"boss_relics":[{"not_picked":["Calling Bell","Fusion Hammer"],"picked":"Sozu"}],"items_purged_floors":[],"is_endless":false,"potions_floor_spawned":[2,5,11,16],"ascension_level":0}}