{"host":"hfvpa4llnnjpeawn","time":1608590097,"event":{"mods":["2.2 Compatiblity","AchievementEnabler","Act Like it!","Aspiration","Bard","BaseMod","Beaked The Cultist","Better Sensory Stone","Better Skull","Better Third Choice","BetterRewards","CapriCore","Conspire","Downfall","Elementarium","Energized Spire","Hubris","Infinite Spire","Jorbs\u0027s Wanderer Trilogy","Lobotomy","LobotomyExtend","Minty Spire (QoL Compilation)","Replay The Spire","Shade Mod","Spicy Shops","StSLib","The Bladedancer","The Factory","The Gatherer","The Jungle","Waifu the Spire","Wandering Minibosses"],"gold_per_floor":[11,286,306,306,306,350,369,369,369,384,409,24,24,44,44,175,238,251,251,270,289,289,324,324,367,419,419,419],"floor_reached":27,"playtime":987,"items_purged":["Regret"],"score":341,"play_id":"d03a165a-8804-4f53-9bc4-9499c3f42667","local_time":"20201221173457","is_ascension_mode":true,"campfire_choices":[{"data":"Thunder Strike","floor":8,"key":"SMITH"},{"floor":13,"key":"REST"},{"floor":15,"key":"REST"},{"floor":24,"key":"REST"}],"circlet_count":0,"master_deck":["Strike_B+1","Strike_B","Strike_B","Defend_B","Defend_B","Defend_B","Zap","Dualcast","Tempest","Thunder Strike+1","Hello World","Cold Snap","Heatsinks","Gash","hubris:Ukulele","Buffer","Turbo","Core Surge","Beam Cell","Leap","Gash","Echo Form"],"relics":["Cracked Core","Golden Idol","WarpedTongs","Pear","Replay:Bottled Snecko","Oddly Smooth Stone","Tiny House","infinitespire:Beetle Shell","Tiny Chest","MealTicket"],"acts_visited":["Exordium","Exordium"],"potions_floor_usage":[6,14,16,20,23,23,23,25,27],"damage_taken":[{"damage":0,"enemies":"Small Slimes","floor":1,"turns":3},{"damage":4,"enemies":"Cultist","floor":3,"turns":3},{"damage":16,"enemies":"Gremlin Nob","floor":6,"turns":3},{"damage":4,"enemies":"2 Louse","floor":7,"turns":3},{"damage":17,"enemies":"Red Slaver","floor":10,"turns":3},{"damage":7,"enemies":"Blue Slaver","floor":11,"turns":3},{"damage":15,"enemies":"Lots of Slimes","floor":14,"turns":3},{"damage":2,"enemies":"Slime Boss","floor":16,"turns":6},{"damage":3,"enemies":"Elementarium:2_ELEMENTALS","floor":18,"turns":4},{"damage":17,"enemies":"Elementarium:MUD_AND_TAR_GOLEMS","floor":20,"turns":4},{"damage":11,"enemies":"Elementarium:3_ELEMENTALS","floor":21,"turns":3},{"damage":34,"enemies":"Elementarium:FIRE_NOBILITY","floor":23,"turns":3},{"damage":25,"enemies":"Elementarium:WarGolem","floor":25,"turns":4},{"damage":9,"enemies":"Elementarium:STONE_GOLEMS","floor":27,"turns":4}],"seed_played":"-3429521475810597704","potions_obtained":[{"floor":3,"key":"PowerPotion"},{"floor":10,"key":"LifebloodPotion"},{"floor":11,"key":"FearPotion"},{"floor":16,"key":"Toxic Potion"},{"floor":17,"key":"Death Potion"},{"floor":18,"key":"AttackPotion"},{"floor":20,"key":"FocusPotion"},{"floor":23,"key":"FocusPotion"},{"floor":25,"key":"Block Potion"}],"is_trial":false,"path_per_floor":["M","?","M","?","?","E","M","R","T","M","M","$","R","M","R","B",null,"M","?","M","M","?","E","R","E","T","M"],"character_chosen":"DEFECT","items_purchased":["Buffer","Oddly Smooth Stone"],"campfire_rested":3,"item_purchase_floors":[12,12],"current_hp_per_floor":[75,75,71,53,53,47,43,43,43,26,19,19,44,29,54,52,90,87,87,70,59,41,7,34,9,9,0,0],"gold":419,"neow_bonus":"TRANSFORM_TWO_CARDS","is_daily":false,"chose_seed":false,"campfire_upgraded":1,"win_rate":0.0,"timestamp":1608590097,"path_taken":["M","?","?","?","?","E","M","R","T","M","?","$","R","M","R","BOSS","M","?","M","M","?","E","R","E","T","M"],"items_purchased_type":["Card","Relic"],"build_version":"2020-12-13","purchased_purges":1,"victory":false,"max_hp_per_floor":[75,75,75,75,75,85,85,85,85,85,85,85,85,85,85,85,90,90,90,90,90,90,90,90,90,90,90,90],"card_choices":[{"not_picked":["Panic Button","Redo"],"picked":"Hello World","floor":1},{"not_picked":["Force Field","Steam"],"picked":"Cold Snap","floor":3},{"not_picked":["Static Discharge","Streamline"],"picked":"Heatsinks","floor":6},{"not_picked":["Stack","Sweeping Beam","Rebound"],"picked":"SKIP","floor":7},{"not_picked":["Sweeping Beam","Turbo"],"picked":"Gash","floor":10},{"not_picked":["hubris:DoWhile","Defragment"],"picked":"hubris:Ukulele","floor":11},{"not_picked":["Stack","Skim"],"picked":"Turbo","floor":14},{"not_picked":["Buffer","Meteor Strike"],"picked":"Core Surge","floor":16},{"not_picked":["Sweeping Beam","Conserve Battery"],"picked":"Beam Cell","floor":17},{"not_picked":["Cold Snap","Panic Button"],"picked":"Leap","floor":18},{"not_picked":["Turbo","Conserve Battery"],"picked":"Gash","floor":20},{"not_picked":["ReplayTheSpireMod:Repulse","Auto Shields","Streamline"],"picked":"SKIP","floor":21},{"not_picked":["Core Surge","Sunder","Coolheaded"],"picked":"SKIP","floor":23},{"not_picked":["Coolheaded","Conserve Battery","Hello World+1"],"picked":"SKIP","floor":25}],"player_experience":308537,"relics_obtained":[{"floor":6,"key":"Pear"},{"floor":9,"key":"Replay:Bottled Snecko"},{"floor":23,"key":"infinitespire:Beetle Shell"},{"floor":25,"key":"Tiny Chest"},{"floor":26,"key":"MealTicket"}],"event_choices":[{"damage_healed":0,"gold_gain":275,"player_choice":"Desecrate","damage_taken":0,"max_hp_gain":0,"max_hp_loss":0,"event_name":"Golden Shrine","floor":2,"gold_loss":0,"cards_obtained":["Regret"]},{"damage_healed":0,"gold_gain":0,"player_choice":"Take Damage","damage_taken":18,"relics_obtained":["Golden Idol"],"max_hp_gain":0,"max_hp_loss":0,"event_name":"Golden Idol","floor":4,"gold_loss":0},{"damage_healed":0,"gold_gain":0,"player_choice":"Rummage","damage_taken":0,"relics_obtained":["WarpedTongs"],"max_hp_gain":0,"max_hp_loss":0,"event_name":"Accursed Blacksmith","floor":5,"gold_loss":0,"cards_obtained":["Pain"]},{"cards_removed":["Pain"],"damage_healed":0,"gold_gain":0,"player_choice":"Burn","damage_taken":0,"max_hp_gain":0,"max_hp_loss":0,"event_name":"Elementarium:LostScrolls","floor":19,"gold_loss":0},{"damage_healed":0,"gold_gain":2,"player_choice":"2","damage_taken":0,"max_hp_gain":0,"max_hp_loss":18,"event_name":"betterStone:BetterStone","floor":22,"gold_loss":0}],"is_beta":false,"boss_relics":[{"not_picked":["energizedSpire:EnergizedDie","Empty Cage"],"picked":"Tiny House"}],"items_purged_floors":[12],"is_endless":false,"potions_floor_spawned":[3,10,11,16,18,20,23,25],"killed_by":"Elementarium:STONE_GOLEMS","ascension_level":1}}