{"host":"miejrq8yypas90n2","time":1608554305,"event":{"mods":["Act Like it!","BaseMod","Colored Powertips","Gensokyo","Marisa£®ÏF”Í°°ƒß¿Ì…≥£©","Minty Spire (QoL Compilation)","StSLib","The Servant 0.9.4"],"gold_per_floor":[109,122,122,49,74,117,117,117,140,140,154,329,377,21,21,135,135,161,194,210,244,244,244,277,277,331,331,342,358,369,369,369,473,473,486,486,502,521,534,567,567,595,649,669,669,686,686,696,696,696,696,696,36,64,64,64],"floor_reached":55,"playtime":4247,"items_purged":["Writhe"],"score":1005,"play_id":"8bca087a-0ec8-4b20-8dd7-c0ade5003ac3","local_time":"20201221203825","is_ascension_mode":true,"campfire_choices":[{"data":"EarthLightRay","floor":7.0,"key":"SMITH"},{"data":"CasketOfStar","floor":10.0,"key":"SMITH"},{"data":"MillisecondPulsars","floor":15.0,"key":"SMITH"},{"floor":23.0,"key":"REST"},{"data":"SuperNova","floor":25.0,"key":"SMITH"},{"data":"IllusionStar","floor":27.0,"key":"SMITH"},{"floor":32.0,"key":"REST"},{"data":"6A","floor":41.0,"key":"SMITH"},{"floor":45,"key":"REST"},{"data":"SporeBomb","floor":47,"key":"SMITH"},{"floor":49,"key":"RECALL"},{"data":"GalacticHalo","floor":52,"key":"SMITH"}],"circlet_count":0,"master_deck":["Strike_MRS+1","Strike_MRS+1","Strike_MRS+1","Strike_MRS+1","Defend_MRS+1","Defend_MRS+1","Defend_MRS+1","Defend_MRS+1","MasterSpark","UpSweep","WitchLeyline","WitchOfGreed","EarthLightRay+1","MillisecondPulsars+1","CasketOfStar+1","SporeBomb+1","Doubt","ShootingEcho","WitchLeyline","SuperNova+1","WitchLeyline","MysteriousBeam+1","IllusionStar+1","Acceleration","IllusionStar+1","ShootingEcho+1","6A+1","BlazingStar+1","OortCloud+1","GrandCross+1","ShootingEcho+1","EventHorizon+1","GalacticHalo+1","PropBag+1","ManaConvection+1","Acceleration+1","PowerUp+1","GasGiant","OpenUniverse+1"],"relics":["MiniHakkero","NeowsBlessing","MealTicket","Lantern","Ancient Tea Set","SimpleLauncher","ExperimentalFamiliar","Bottled Tornado","Bag of Preparation","Kunai","Runic Pyramid","Nunchaku","Happy Flower","Pantograph","Bronze Scales","Akabeko","Gremlin Horn"],"acts_visited":["Exordium","TheCity","TheBeyond","TheEnding"],"potions_floor_usage":[44,50,50,55,55,55],"damage_taken":[{"damage":0.0,"enemies":"Jaw Worm","floor":1.0,"turns":1.0},{"damage":0.0,"enemies":"Cultist","floor":2.0,"turns":1.0},{"damage":0.0,"enemies":"Small Slimes","floor":5.0,"turns":1.0},{"damage":26.0,"enemies":"Gremlin Nob","floor":6.0,"turns":5.0},{"damage":0.0,"enemies":"3 Sentries","floor":8.0,"turns":1.0},{"damage":4.0,"enemies":"2 Fungi Beasts","floor":11.0,"turns":3.0},{"damage":38.0,"enemies":"Lagavulin","floor":13.0,"turns":6.0},{"damage":24.0,"enemies":"Slime Boss","floor":16.0,"turns":7.0},{"damage":38.0,"enemies":"2 Thieves","floor":18.0,"turns":4.0},{"damage":16.0,"enemies":"Shell Parasite","floor":19.0,"turns":3.0},{"damage":5.0,"enemies":"Shelled Parasite and Fungi","floor":20.0,"turns":2.0},{"damage":24.0,"enemies":"Snake Plant","floor":21.0,"turns":3.0},{"damage":0.0,"enemies":"Gremlin Leader","floor":24.0,"turns":2.0},{"damage":15.0,"enemies":"Centurion and Healer","floor":28.0,"turns":3.0},{"damage":2.0,"enemies":"3 Cultists","floor":29.0,"turns":3.0},{"damage":21.0,"enemies":"Sentry and Sphere","floor":30.0,"turns":3.0},{"damage":16.0,"enemies":"Automaton","floor":33.0,"turns":5.0},{"damage":0.0,"enemies":"3 Darklings","floor":35.0,"turns":1.0},{"damage":11.0,"enemies":"Orb Walker","floor":37.0,"turns":3.0},{"damage":28.0,"enemies":"Spire Growth","floor":38.0,"turns":3.0},{"damage":0.0,"enemies":"Transient","floor":39.0,"turns":5.0},{"damage":28.0,"enemies":"Nemesis","floor":40.0,"turns":5.0},{"damage":0.0,"enemies":"Reptomancer","floor":42.0,"turns":2.0},{"damage":16,"enemies":"Jaw Worm Horde","floor":44,"turns":3},{"damage":1,"enemies":"Spire Growth","floor":46,"turns":3},{"damage":0,"enemies":"Transient","floor":48,"turns":5},{"damage":48,"enemies":"Donu and Deca","floor":50,"turns":5},{"damage":41,"enemies":"Shield and Spear","floor":54,"turns":6},{"damage":63,"enemies":"The Heart","floor":55,"turns":3}],"seed_played":"-257772701702052426","potions_obtained":[{"floor":2.0,"key":"Explosive Potion"},{"floor":3.0,"key":"SmokeBomb"},{"floor":3.0,"key":"Weak Potion"},{"floor":6.0,"key":"Swift Potion"},{"floor":13.0,"key":"Swift Potion"},{"floor":16.0,"key":"FearPotion"},{"floor":18.0,"key":"Block Potion"},{"floor":19.0,"key":"PowerPotion"},{"floor":21.0,"key":"BottledSpark"},{"floor":24.0,"key":"SkillPotion"},{"floor":29.0,"key":"Dexterity Potion"},{"floor":37.0,"key":"StarNLove"},{"floor":40.0,"key":"DuplicationPotion"},{"floor":44,"key":"Weak Potion"}],"is_trial":false,"path_per_floor":["M","M","?","$","M","E","R","E","T","R","M","?","E","$","R","B",null,"M","M","M","M","?","R","E","R","T","R","M","M","M","?","R","B",null,"M","?","M","M","M","E","R","E","T","M","R","M","R","M","R","B",null,"R","$","E","B"],"character_chosen":"MARISA","items_purchased":["EarthLightRay","WitchLeyline","SimpleLauncher","ShroomBrew","Dexterity Potion","Pantograph","Bronze Scales","GasGiant"],"campfire_rested":3,"item_purchase_floors":[4,14,14,53,53,53,53,53],"current_hp_per_floor":[75,75,75,75,75,53,53,53,53,53,55,55,23,38,38,20,75,37,27,28,10,10,32,38,38,38,38,23,27,12,12,34,24,75,75,75,64,48,54,32,32,38,38,22,44,43,43,49,49,7,75,75,75,34,0,0],"gold":64,"neow_bonus":"THREE_ENEMY_KILL","is_daily":false,"chose_seed":false,"campfire_upgraded":8,"win_rate":0.0,"timestamp":1608554305,"path_taken":["M","M","?","$","M","E","R","E","T","R","?","?","E","?","R","BOSS","M","M","M","M","?","R","E","R","T","R","M","M","M","?","R","BOSS","M","?","M","?","M","E","R","E","T","M","R","M","R","M","R","BOSS","R","$","E","BOSS"],"items_purchased_type":["Card","Card","Relic","Potion","Potion","Relic","Relic","Card"],"build_version":"2020-12-13","purchased_purges":1,"victory":false,"max_hp_per_floor":[75,75,75,75,75,75,75,75,75,75,75,75,75,75,75,75,75,75,75,75,75,75,75,75,75,75,75,75,75,75,75,75,75,75,75,75,75,75,75,75,75,75,75,75,75,75,75,75,75,75,75,75,75,75,75,75],"card_choices":[{"not_picked":["EnergyRecoil","PowerUp"],"picked":"WitchLeyline","floor":1.0},{"not_picked":["GrandCross","EventHorizon"],"picked":"WitchOfGreed","floor":2.0},{"not_picked":["OneTimeOff","GravityBeat"],"picked":"MillisecondPulsars","floor":5.0},{"not_picked":["EnergyRecoil","MilkyWay"],"picked":"CasketOfStar","floor":6.0},{"not_picked":["OneTimeOff","MilkyWay"],"picked":"SporeBomb","floor":11.0},{"not_picked":["SatelliteIllusion","GalacticHalo"],"picked":"ShootingEcho","floor":13.0},{"not_picked":["BlazingStar","FinalSpark"],"picked":"SuperNova","floor":16.0},{"not_picked":["MysteriousBeam","SprinkleStarSeal+1"],"picked":"WitchLeyline","floor":18.0},{"not_picked":["NonDirectionalLaser","Acceleration"],"picked":"MysteriousBeam+1","floor":19.0},{"not_picked":["Singularity","GrandCross+1"],"picked":"IllusionStar+1","floor":20.0},{"not_picked":["MaximisePower","GrandCross"],"picked":"Acceleration","floor":21.0},{"not_picked":["FairyDestructionRay","RefractionSpark"],"picked":"IllusionStar","floor":24.0},{"not_picked":["FairyDestructionRay","PulseMagic","MeteoricShower"],"picked":"SKIP","floor":28.0},{"not_picked":["GalacticHalo","PulseMagic"],"picked":"ShootingEcho+1","floor":29.0},{"not_picked":["SporeBomb","FairyDestructionRay+1"],"picked":"6A","floor":30.0},{"not_picked":["CasketOfStar","AbsoluteMagnitude"],"picked":"BlazingStar","floor":33.0},{"not_picked":["Robbery","WitchOfGreed+1"],"picked":"OortCloud+1","floor":35.0},{"not_picked":["FairyDestructionRay","DC"],"picked":"GrandCross+1","floor":37.0},{"not_picked":["GalacticHalo","ChargeUpSpray"],"picked":"ShootingEcho+1","floor":38.0},{"not_picked":["DC","AsteroidBelt+1"],"picked":"EventHorizon+1","floor":39.0},{"not_picked":["StarlightTyphoon","6A"],"picked":"GalacticHalo","floor":40.0},{"not_picked":["Occultation+1","MaximisePower"],"picked":"PropBag+1","floor":42.0},{"not_picked":["GravityBeat","OneTimeOff"],"picked":"ManaConvection+1","floor":44},{"not_picked":["UnstableBomb","EnergyFlow"],"picked":"Acceleration+1","floor":46},{"not_picked":["LuminesStrike","UnstableBomb+1"],"picked":"PowerUp+1","floor":48},{"not_picked":["DC","WitchOfGreed+1"],"picked":"OpenUniverse+1","floor":54}],"player_experience":116709,"relics_obtained":[{"floor":6.0,"key":"MealTicket"},{"floor":9.0,"key":"Lantern"},{"floor":13.0,"key":"Ancient Tea Set"},{"floor":24.0,"key":"Bottled Tornado"},{"floor":26.0,"key":"Bag of Preparation"},{"floor":40.0,"key":"Nunchaku"},{"floor":42.0,"key":"Happy Flower"},{"floor":54,"key":"Akabeko"}],"event_choices":[{"damage_healed":0.0,"max_hp_gain":0.0,"max_hp_loss":0.0,"gold_gain":0.0,"event_name":"Lab","player_choice":"Got Potions","floor":3.0,"gold_loss":0.0,"damage_taken":0.0},{"damage_healed":0.0,"max_hp_gain":0.0,"max_hp_loss":0.0,"gold_gain":175.0,"event_name":"Liars Game","player_choice":"AGREE","floor":12.0,"gold_loss":0.0,"damage_taken":0.0,"cards_obtained":["Doubt"]},{"damage_healed":0.0,"max_hp_gain":0.0,"max_hp_loss":0.0,"gold_gain":0.0,"event_name":"Back to Basics","player_choice":"Simplicity","floor":22.0,"gold_loss":0.0,"damage_taken":0.0,"cards_upgraded":["Strike_MRS","Strike_MRS","Strike_MRS","Strike_MRS","Defend_MRS","Defend_MRS","Defend_MRS","Defend_MRS"]},{"damage_healed":0.0,"max_hp_gain":0.0,"max_hp_loss":0.0,"gold_gain":0.0,"event_name":"The Mausoleum","player_choice":"Opened","floor":31.0,"gold_loss":0.0,"damage_taken":0.0,"relics_obtained":["Kunai"],"cards_obtained":["Writhe"]},{"damage_healed":0.0,"max_hp_gain":0.0,"max_hp_loss":0.0,"gold_gain":0.0,"event_name":"Accursed Blacksmith","player_choice":"Forge","floor":36.0,"gold_loss":0.0,"damage_taken":0.0,"cards_upgraded":["BlazingStar"]}],"is_beta":false,"boss_relics":[{"not_picked":["Busted Crown","Ectoplasm"],"picked":"ExperimentalFamiliar"},{"not_picked":["Fusion Hammer","Snecko Eye"],"picked":"Runic Pyramid"}],"items_purged_floors":[53],"is_endless":false,"potions_floor_spawned":[2,5,8,18,24,29,30,37,40,44],"killed_by":"The Heart","ascension_level":4}}