{"host":"4qkvkh7pd9qr2mca","time":1608566177,"event":{"mods":["AchievementEnabler","BaseMod","Colored Map","Colored Powertips","Highlight Path","Minty Spire (QoL Compilation)","Permanent Neow","Quick Restart","StSLib","SuperFastMode"],"gold_per_floor":[117,130,141,141,160,193,193,218,266,266,286,286,312,330,330,330,330],"floor_reached":16,"playtime":449,"items_purged":[],"score":244,"play_id":"3b77c91a-dbff-4b10-8ba9-4c3322cc5d31","local_time":"20201221165617","is_ascension_mode":true,"campfire_choices":[{"floor":7.0,"key":"REST"},{"data":"Finisher","floor":10.0,"key":"SMITH"},{"floor":15,"key":"REST"}],"circlet_count":0,"master_deck":["AscendersBane","Strike_G","Strike_G","Strike_G","Strike_G","Defend_G","Defend_G","Defend_G","Defend_G","Defend_G","Survivor","Neutralize","Corpse Explosion","Blade Dance","Cloak And Dagger","Slice","All Out Attack","Blade Dance","Finisher+1","Accuracy","Calculated Gamble"],"relics":["Ring of the Snake","Matryoshka","Letter Opener","Eternal Feather","Regal Pillow","Meat on the Bone"],"acts_visited":["Exordium"],"potions_floor_usage":[16],"damage_taken":[{"damage":0.0,"enemies":"2 Louse","floor":1.0,"turns":3.0},{"damage":4.0,"enemies":"Small Slimes","floor":2.0,"turns":4.0},{"damage":1.0,"enemies":"Cultist","floor":3.0,"turns":4.0},{"damage":0.0,"enemies":"Looter","floor":5.0,"turns":4.0},{"damage":41.0,"enemies":"Gremlin Nob","floor":6.0,"turns":4.0},{"damage":20.0,"enemies":"3 Sentries","floor":8.0,"turns":5.0},{"damage":12.0,"enemies":"Exordium Wildlife","floor":11.0,"turns":4.0},{"damage":32.0,"enemies":"Gremlin Nob","floor":13.0,"turns":4.0},{"damage":0,"enemies":"2 Fungi Beasts","floor":14,"turns":2},{"damage":61,"enemies":"Hexaghost","floor":16,"turns":9}],"seed_played":"1521594949785132202","potions_obtained":[{"floor":2.0,"key":"Swift Potion"},{"floor":3.0,"key":"Regen Potion"},{"floor":8.0,"key":"Ancient Potion"},{"floor":14,"key":"Fire Potion"}],"is_trial":false,"path_per_floor":["M","M","M","?","M","E","R","E","T","R","M","?","E","M","R","B"],"character_chosen":"THE_SILENT","items_purchased":[],"campfire_rested":2,"item_purchase_floors":[],"current_hp_per_floor":[44,40,39,61,61,20,39,34,34,46,34,34,2,14,60,0,0],"gold":330,"neow_bonus":"THREE_RARE_CARDS","is_daily":false,"chose_seed":false,"campfire_upgraded":1,"win_rate":0.0,"timestamp":1608566177,"path_taken":["M","M","M","?","M","E","R","E","T","R","M","?","E","M","R","BOSS"],"items_purchased_type":[],"build_version":"2020-12-13","purchased_purges":0,"victory":false,"max_hp_per_floor":[66,66,66,66,66,66,66,66,66,66,66,66,66,66,66,66,66],"card_choices":[{"not_picked":["Adrenaline","Malaise"],"picked":"Corpse Explosion","floor":0.0},{"not_picked":["Backflip","Skewer"],"picked":"Blade Dance","floor":1.0},{"not_picked":["Sucker Punch","Underhanded Strike"],"picked":"Cloak And Dagger","floor":2.0},{"not_picked":["Distraction","Bane"],"picked":"Slice","floor":3.0},{"not_picked":["Outmaneuver","Sucker Punch"],"picked":"All Out Attack","floor":5.0},{"not_picked":["Choke","Sucker Punch"],"picked":"Blade Dance","floor":6.0},{"not_picked":["Cloak And Dagger","PiercingWail"],"picked":"Finisher","floor":8.0},{"not_picked":["Dagger Spray","Setup","Prepared"],"picked":"SKIP","floor":11.0},{"not_picked":["Cloak And Dagger","Backflip"],"picked":"Accuracy","floor":13.0},{"not_picked":["Catalyst","Crippling Poison"],"picked":"Calculated Gamble","floor":14}],"player_experience":475052,"relics_obtained":[{"floor":6.0,"key":"Matryoshka"},{"floor":8.0,"key":"Letter Opener"},{"floor":9.0,"key":"Eternal Feather"},{"floor":9.0,"key":"Regal Pillow"},{"floor":13.0,"key":"Meat on the Bone"}],"event_choices":[{"damage_healed":22.0,"max_hp_gain":0.0,"max_hp_loss":0.0,"gold_gain":0.0,"event_name":"Big Fish","player_choice":"Banana","floor":4.0,"gold_loss":0.0,"damage_taken":0.0},{"cards_removed":["Strike_G"],"damage_healed":0.0,"max_hp_gain":0.0,"max_hp_loss":0.0,"gold_gain":0.0,"event_name":"Purifier","player_choice":"Purged","floor":12.0,"gold_loss":0.0,"damage_taken":0.0}],"is_beta":false,"boss_relics":[],"items_purged_floors":[],"is_endless":false,"potions_floor_spawned":[2,3,8,14],"killed_by":"Hexaghost","ascension_level":20}}