{"host":"s1b9wbrnwri7g9vh","time":1608514393,"event":{"mods":["Act Like it!","BaseMod","Better Note","Hallownest","Hermit","Minty Spire (QoL Compilation)","Pale of the Ancients","Relic Stats","Replay The Spire","StSLib","The Druid","The Exalted","The Servant 0.9.4"],"gold_per_floor":[110,41,51,51,70,98,98,98,98],"floor_reached":8,"playtime":286,"items_purged":[],"score":81,"play_id":"70697664-eebf-4b16-95f7-a3f6464227b5","local_time":"20201221013313","is_ascension_mode":true,"campfire_choices":[{"data":"Toxin Wave","floor":7,"key":"SMITH"}],"circlet_count":0,"master_deck":["Strike_G","Strike_G","Strike_G","Strike_G","Defend_G","Defend_G","Defend_G","Defend_G","Defend_G","Survivor","Neutralize","Toxin Wave+1","ReplayTheSpireMod:Scrap Shanks","Blur","Blade Dance"],"relics":["Ring of the Snake","NeowsBlessing","Oddly Smooth Stone"],"acts_visited":["Exordium"],"potions_floor_usage":[6],"damage_taken":[{"damage":0,"enemies":"2 Louse","floor":1,"turns":1},{"damage":0,"enemies":"Small Slimes","floor":3,"turns":1},{"damage":0,"enemies":"Jaw Worm","floor":5,"turns":1},{"damage":55,"enemies":"Lagavulin","floor":6,"turns":8},{"damage":10,"enemies":"Gremlin Nob","floor":8,"turns":2}],"seed_played":"-1677903889259179200","potions_obtained":[{"floor":3,"key":"Strength Potion"}],"is_trial":false,"path_per_floor":["M","$","M","?","M","E","R","E"],"character_chosen":"THE_SILENT","items_purchased":["ReplayTheSpireMod:Scrap Shanks"],"campfire_rested":0,"item_purchase_floors":[2],"current_hp_per_floor":[63,63,63,56,56,1,1,0,0],"gold":98,"neow_bonus":"THREE_ENEMY_KILL","is_daily":false,"chose_seed":false,"campfire_upgraded":1,"win_rate":0.0,"timestamp":1608514393,"path_taken":["M","$","M","?","M","E","R","E"],"items_purchased_type":["Card"],"build_version":"2020-12-13","purchased_purges":0,"victory":false,"max_hp_per_floor":[70,70,70,70,70,70,70,70,70],"relic_stats":{"counters":[5,13],"obtain_stats":[{"NeowsBlessing":0,"Oddly Smooth Stone":6,"Ring of the Snake":0},{"NeowsBlessing":0,"Oddly Smooth Stone":4,"Ring of the Snake":0},{"NeowsBlessing":0,"Oddly Smooth Stone":11,"Ring of the Snake":0}],"Ring of the Snake":[10]},"card_choices":[{"not_picked":["Sucker Punch","Dash"],"picked":"Toxin Wave","floor":1},{"not_picked":["Deadly Poison","Dagger Spray"],"picked":"Blur","floor":3},{"not_picked":["Leg Sweep","Crippling Poison"],"picked":"Blade Dance","floor":5},{"not_picked":["Eviscerate","Sucker Punch","Dash"],"picked":"SKIP","floor":6}],"player_experience":579241,"relics_obtained":[{"floor":6,"key":"Oddly Smooth Stone"}],"event_choices":[{"cards_removed":["Strike_G"],"damage_healed":0,"gold_gain":0,"player_choice":"Card Removal","damage_taken":7,"max_hp_gain":0,"max_hp_loss":0,"event_name":"Golden Wing","floor":4,"gold_loss":0}],"is_beta":false,"boss_relics":[],"items_purged_floors":[],"is_endless":false,"potions_floor_spawned":[3],"killed_by":"Gremlin Nob","ascension_level":9}}