{"host":"27cnk69rbdk9vsnt","time":1608575479,"event":{"mods":["BaseMod","Beaked The Cultist","Duelist Mod","Ekko","Energized Spire","Glutton Mod","JesterMod","Jorbs\u0027s Wanderer Trilogy","Mimic Mod","Minty Spire (QoL Compilation)","Shop Mod","StSLib","The Elementalist","Thieving Mod"],"gold_per_floor":[118,135,135,135,153,179,179,179,179,211,221,73,73,86,86,185,185,197,112,124,124,135,0,33,33,33,33,33,33,133,158,158,257,257,267,37,387,405,415,415,415],"floor_reached":40,"playtime":2273,"items_purged":["beaked:Strike_Y"],"score":432,"play_id":"267d557d-426a-4996-b6f9-b21181a6a1fe","local_time":"20201221193119","is_ascension_mode":false,"campfire_choices":[{"data":"beaked:Evade","floor":7,"key":"SMITH"},{"data":"beaked:Ceremony","floor":13,"key":"SMITH"},{"data":"beaked:DarkTribute","floor":15,"key":"SMITH"},{"data":"beaked:Ceremony","floor":25,"key":"SMITH"},{"data":"beaked:MaddeningMurmurs","floor":27,"key":"SMITH"},{"data":"beaked:KnowThyFoe","floor":29,"key":"SMITH"},{"data":"beaked:Caw","floor":32,"key":"SMITH"}],"circlet_count":0,"master_deck":["beaked:Strike_Y","beaked:Strike_Y","beaked:Strike_Y","beaked:Strike_Y+1","beaked:Defend_Y","beaked:Defend_Y","beaked:Defend_Y","beaked:Defend_Y","beaked:Ceremony+1","beaked:Ceremony+1","beaked:Ceremony+1","beaked:Insight+1","beaked:FullHouse","beaked:DarkTribute+1","beaked:TuckingFeathers","beaked:Evade+1","beaked:Windmill","beaked:MachineSpirit","beaked:MaddeningMurmurs+1","beaked:Foresight","beaked:KnowThyFoe+1","beaked:BraceForImpact","beaked:WarriorEssence","beaked:FeelMyPain+1","beaked:Windmill+1","beaked:MimicWarrior","beaked:BraceForImpact+1","beaked:Caw+1","beaked:Negation+1","beaked:WarriorEssence+1","beaked:RitualOfBody+1"],"relics":["beaked:MendingPlumage","Calipers","elementalistmod:GreenCirclet","beaked:ShinyBauble","Art of War","Pen Nib","energizedSpire:DeadBattery","Juzu Bracelet","Akabeko","Singing Bowl","Blood Vial","Gremlin Horn","beaked:SacrificeDoll","Nunchaku","ClockworkSouvenir","Old Coin"],"acts_visited":["Exordium","TheCity","TheBeyond"],"potions_floor_usage":[24,35,37],"damage_taken":[{"damage":11,"enemies":"2 Louse","floor":1,"turns":4},{"damage":11,"enemies":"Jaw Worm","floor":2,"turns":5},{"damage":8,"enemies":"Cultist","floor":5,"turns":5},{"damage":43,"enemies":"Gremlin Nob","floor":6,"turns":5},{"damage":59,"enemies":"Lagavulin","floor":10,"turns":9},{"damage":27,"enemies":"Looter","floor":11,"turns":4},{"damage":13,"enemies":"2 Fungi Beasts","floor":14,"turns":3},{"damage":58,"enemies":"The Guardian","floor":16,"turns":10},{"damage":3,"enemies":"Chosen","floor":18,"turns":4},{"damage":20,"enemies":"3 Byrds","floor":20,"turns":5},{"damage":30,"enemies":"Centurion and Healer","floor":22,"turns":5},{"damage":79,"enemies":"Book of Stabbing","floor":24,"turns":5},{"damage":88,"enemies":"Gremlin Leader","floor":31,"turns":6},{"damage":118,"enemies":"Automaton","floor":33,"turns":8},{"damage":56,"enemies":"Orb Walker","floor":35,"turns":4},{"damage":34,"enemies":"Mind Bloom Boss Battle","floor":37,"turns":4},{"damage":0,"enemies":"3 Darklings","floor":38,"turns":1},{"damage":55,"enemies":"4 Shapes","floor":39,"turns":3},{"damage":57,"enemies":"Nemesis","floor":40,"turns":2}],"seed_played":"1850573861143547571","potions_obtained":[{"floor":5,"key":"SkillPotion"},{"floor":6,"key":"SmokeBomb"},{"floor":16,"key":"GamblersBrew"},{"floor":22,"key":"SpeedPotion"},{"floor":24,"key":"SneckoOil"},{"floor":35,"key":"Swift Potion"},{"floor":38,"key":"SteroidPotion"}],"is_trial":false,"path_per_floor":["M","M","?","?","M","E","R","?","T","E","M","$","R","M","R","B",null,"M","?","M","?","M","$","E","R","T","R","?","R","?","E","R","B",null,"M","$","?","M","M","E"],"character_chosen":"BEAKED_THE_CULTIST","items_purchased":["Pen Nib","Nunchaku"],"campfire_rested":0,"item_purchase_floors":[12,36],"current_hp_per_floor":[51,53,42,42,47,16,16,16,16,14,44,24,24,30,30,55,55,55,55,55,55,55,35,40,40,40,40,40,40,40,23,23,13,57,9,9,55,61,23,0,0],"gold":415,"neow_bonus":"TEN_PERCENT_HP_BONUS","is_daily":false,"chose_seed":false,"campfire_upgraded":7,"win_rate":0.0,"timestamp":1608575479,"path_taken":["M","M","?","?","?","E","R","?","T","E","M","$","R","M","R","BOSS","M","?","M","?","M","$","E","R","T","R","?","R","?","E","R","BOSS","M","$","?","M","M","E"],"items_purchased_type":["Relic","Relic"],"build_version":"2020-12-13","purchased_purges":1,"victory":false,"max_hp_per_floor":[55,55,55,55,55,55,55,55,55,55,55,55,55,55,55,55,55,55,55,55,55,55,55,55,55,55,55,55,55,55,55,55,57,57,57,57,59,61,61,61,61],"card_choices":[{"not_picked":["beaked:Tradeoff","beaked:WarriorSpirit"],"picked":"beaked:Insight","floor":1},{"not_picked":["beaked:Recite","beaked:WarriorEssence"],"picked":"beaked:FullHouse","floor":2},{"not_picked":["beaked:FeelMyPain","beaked:Negation"],"picked":"beaked:TuckingFeathers","floor":5},{"not_picked":["beaked:Brace","beaked:HuntressSpirit"],"picked":"beaked:Evade","floor":6},{"not_picked":["beaked:BloodForTheGods","beaked:Roost"],"picked":"beaked:Windmill","floor":10},{"not_picked":["beaked:CursingBlood","beaked:BloodForTheGods"],"picked":"beaked:MachineSpirit","floor":11},{"not_picked":["beaked:Daydream","beaked:Cower"],"picked":"beaked:Foresight","floor":14},{"not_picked":["beaked:CheekyTricks","beaked:WildInstinct"],"picked":"beaked:KnowThyFoe","floor":16},{"not_picked":["beaked:CrazyRituals","beaked:Negation"],"picked":"beaked:BraceForImpact","floor":18},{"not_picked":["beaked:SacrificialDive","beaked:Tweet"],"picked":"beaked:WarriorEssence","floor":20},{"not_picked":["beaked:TuckingFeathers+1","beaked:BraceForImpact"],"picked":"beaked:FeelMyPain+1","floor":22},{"not_picked":["beaked:BarbedWire","beaked:HuntressEssence"],"picked":"beaked:Windmill+1","floor":24},{"not_picked":["beaked:Resilience","beaked:Insight"],"picked":"beaked:Caw","floor":31},{"not_picked":["beaked:Brainwash","beaked:FullHouse","beaked:DarkPact"],"picked":"Singing Bowl","floor":33},{"not_picked":["beaked:Cower","beaked:TuckingFeathers+1"],"picked":"beaked:WarriorEssence+1","floor":35},{"not_picked":["beaked:Overpower","beaked:StickSmack","beaked:FeelMyPain+1"],"picked":"Singing Bowl","floor":37},{"not_picked":["beaked:TuckingFeathers+1","beaked:RuinSticks","beaked:Brace"],"picked":"Singing Bowl","floor":38},{"not_picked":["beaked:Replenish","beaked:Flinch"],"picked":"beaked:RitualOfBody+1","floor":39}],"player_experience":488304,"relics_obtained":[{"floor":6,"key":"Calipers"},{"floor":9,"key":"beaked:ShinyBauble"},{"floor":10,"key":"Art of War"},{"floor":24,"key":"Singing Bowl"},{"floor":26,"key":"Blood Vial"},{"floor":31,"key":"Gremlin Horn"},{"floor":37,"key":"Old Coin"}],"event_choices":[{"damage_healed":0,"gold_gain":0,"player_choice":"Entered Light","damage_taken":11,"max_hp_gain":0,"max_hp_loss":0,"event_name":"Shining Light","floor":3,"gold_loss":0,"cards_upgraded":["beaked:Ceremony","beaked:Strike_Y"]},{"damage_healed":0,"gold_gain":0,"cards_transformed":["beaked:Strike_Y"],"player_choice":"Transformed","damage_taken":0,"max_hp_gain":0,"max_hp_loss":0,"event_name":"Transmorgrifier","floor":4,"gold_loss":0,"cards_obtained":["beaked:DarkTribute"]},{"damage_healed":0,"gold_gain":0,"player_choice":"Obtained Relic","damage_taken":0,"relics_obtained":["Juzu Bracelet"],"max_hp_gain":0,"max_hp_loss":0,"event_name":"Addict","floor":19,"gold_loss":85},{"damage_healed":0,"gold_gain":0,"player_choice":"Opened","damage_taken":0,"relics_obtained":["Akabeko"],"max_hp_gain":0,"max_hp_loss":0,"event_name":"The Mausoleum","floor":21,"gold_loss":0},{"damage_healed":0,"gold_gain":0,"player_choice":"Upgraded","damage_taken":0,"max_hp_gain":0,"max_hp_loss":0,"event_name":"Upgrade Shrine","floor":28,"gold_loss":0,"cards_upgraded":["beaked:Insight"]},{"damage_healed":0,"gold_gain":100,"player_choice":"Pray","damage_taken":0,"max_hp_gain":0,"max_hp_loss":0,"event_name":"Golden Shrine","floor":30,"gold_loss":0},{"damage_healed":0,"gold_gain":0,"player_choice":"Fight","damage_taken":0,"max_hp_gain":0,"max_hp_loss":0,"event_name":"MindBloom","floor":37,"gold_loss":0}],"is_beta":false,"boss_relics":[{"not_picked":["Empty Cage","Runic Dome"],"picked":"energizedSpire:DeadBattery"},{"not_picked":["Sozu","beaked:BlessedCoat"],"picked":"beaked:SacrificeDoll"}],"items_purged_floors":[36],"is_endless":false,"potions_floor_spawned":[5,6,16,22,24,35,38],"killed_by":"Nemesis","ascension_level":0}}