{"host":"sa7ebub27cgn5wai","time":1608538971,"event":{"mods":["BaseMod","Colored Map","Minty Spire (QoL Compilation)","SuperFastMode"],"gold_per_floor":[118,130,55,66,76,76,94,94,94,94,106,118,128,139,139,243,243,282,327,252,152,162,162,189,189,189],"floor_reached":25,"playtime":701,"items_purged":["Strike_P","Strike_P"],"score":219,"play_id":"1e463929-8439-4cff-8163-56dcfd04514e","local_time":"20201221172251","is_ascension_mode":false,"campfire_choices":[{"data":"PathToVictory","floor":6,"key":"SMITH"},{"data":"Eruption","floor":8,"key":"SMITH"},{"data":"FollowUp","floor":10,"key":"SMITH"},{"data":"Prostrate","floor":15,"key":"SMITH"},{"floor":23,"key":"REST"}],"circlet_count":0,"master_deck":["Strike_P","Defend_P","Defend_P","Defend_P","Defend_P","Eruption+1","Vigilance","SashWhip","FlyingSleeves","DeusExMachina","PathToVictory+1","FollowUp+1","FlurryOfBlows","Prostrate+1","FollowUp","FlurryOfBlows","Wish","CurseOfTheBell","Evaluate+1","SandsOfTime+1","CutThroughFate+1","Perseverance"],"relics":["PureWater","Damaru","Mango","Calling Bell","Nunchaku","Molten Egg 2","Lizard Tail","Frozen Egg 2"],"acts_visited":["Exordium","TheCity"],"potions_floor_usage":[16,16,22,25],"damage_taken":[{"damage":0,"enemies":"Cultist","floor":1,"turns":2},{"damage":0,"enemies":"2 Louse","floor":2,"turns":3},{"damage":0,"enemies":"Small Slimes","floor":4,"turns":2},{"damage":0,"enemies":"Looter","floor":5,"turns":2},{"damage":5,"enemies":"2 Fungi Beasts","floor":7,"turns":3},{"damage":0,"enemies":"Blue Slaver","floor":11,"turns":3},{"damage":8,"enemies":"Red Slaver","floor":12,"turns":4},{"damage":4,"enemies":"3 Louse","floor":13,"turns":2},{"damage":3,"enemies":"Lots of Slimes","floor":14,"turns":3},{"damage":59,"enemies":"The Guardian","floor":16,"turns":8},{"damage":21,"enemies":"Shell Parasite","floor":18,"turns":4},{"damage":25,"enemies":"Chosen","floor":19,"turns":7},{"damage":17,"enemies":"Centurion and Healer","floor":22,"turns":4},{"damage":89,"enemies":"Slavers","floor":24,"turns":7},{"damage":10,"enemies":"3 Cultists","floor":25,"turns":5}],"seed_played":"2051765179391785737","potions_obtained":[{"floor":4,"key":"EssenceOfSteel"},{"floor":7,"key":"SpeedPotion"},{"floor":11,"key":"BlessingOfTheForge"},{"floor":24,"key":"Dexterity Potion"}],"is_trial":false,"path_per_floor":["M","M","$","M","M","R","M","R","T","R","M","M","M","M","R","B",null,"M","M","?","$","M","R","E","M"],"character_chosen":"WATCHER","items_purchased":[],"campfire_rested":1,"item_purchase_floors":[],"current_hp_per_floor":[72,72,72,72,72,72,67,67,81,81,81,73,69,66,66,7,86,65,40,40,40,23,48,4,0,0],"gold":189,"neow_bonus":"RANDOM_COMMON_RELIC","is_daily":false,"chose_seed":false,"campfire_upgraded":4,"win_rate":0.0,"timestamp":1608538971,"path_taken":["M","?","?","M","M","R","M","R","T","R","M","M","M","M","R","BOSS","M","M","?","$","M","R","E","M"],"items_purchased_type":[],"build_version":"2020-12-13","purchased_purges":2,"victory":false,"max_hp_per_floor":[72,72,72,72,72,72,72,72,86,86,86,86,86,86,86,86,86,86,86,86,86,86,86,86,86,86],"card_choices":[{"not_picked":["Weave","Nirvana"],"picked":"SashWhip","floor":1},{"not_picked":["PathToVictory","InnerPeace"],"picked":"FlyingSleeves","floor":2},{"not_picked":["FlyingSleeves","Crescendo"],"picked":"DeusExMachina","floor":4},{"not_picked":["BattleHymn","EmptyBody"],"picked":"PathToVictory","floor":5},{"not_picked":["WreathOfFlame","Wallop"],"picked":"FollowUp","floor":7},{"not_picked":["Perseverance","ClearTheMind"],"picked":"FlurryOfBlows","floor":11},{"not_picked":["Meditate","WindmillStrike"],"picked":"Prostrate","floor":12},{"not_picked":["Conclude","Crescendo"],"picked":"FollowUp","floor":13},{"not_picked":["FollowUp","Prostrate"],"picked":"FlurryOfBlows","floor":14},{"not_picked":["MasterReality","LessonLearned"],"picked":"Wish","floor":16},{"not_picked":["Sanctity","Crescendo"],"picked":"Evaluate+1","floor":18},{"not_picked":["EmptyMind","CutThroughFate+1"],"picked":"SandsOfTime+1","floor":19},{"not_picked":["ForeignInfluence","WreathOfFlame"],"picked":"CutThroughFate+1","floor":22},{"not_picked":["BowlingBash+1","LikeWater+1"],"picked":"Perseverance","floor":24}],"player_experience":245635,"relics_obtained":[{"floor":9,"key":"Mango"},{"floor":17,"key":"Nunchaku"},{"floor":17,"key":"Molten Egg 2"},{"floor":17,"key":"Lizard Tail"},{"floor":24,"key":"Frozen Egg 2"}],"event_choices":[{"cards_removed":["Strike_P"],"damage_healed":0,"gold_gain":0,"player_choice":"Gave Gold","damage_taken":0,"max_hp_gain":0,"max_hp_loss":0,"event_name":"Beggar","floor":20,"gold_loss":75}],"is_beta":false,"boss_relics":[{"not_picked":["Runic Dome","SacredBark"],"picked":"Calling Bell"}],"items_purged_floors":[3,21],"is_endless":false,"potions_floor_spawned":[4,7,11,12,24],"killed_by":"3 Cultists","ascension_level":0}}