{"host":"o2evyl5sbrgotc3u","time":1608537604,"event":{"mods":["AchievementEnabler","BaseMod","Colored Map","DeckTracker","Faster Ascension Climbing","Keyboard Shortcuts","Minty Spire (QoL Compilation)","Permanent Neow","Quick Restart","Relic Stats","StSLib","SuperFastMode","everything is the same but u backflip on backflip"],"gold_per_floor":[360,360,164,180,198,228,244,260,260,260,260,280,280,293,293,391,391,411,510,510,267,177,177,204,224,224,244,244,257,132,152,152,252,252,268,286,298,310,321,321,340,360,383,383,383,383,22,34,34,34,34,34,34,34],"floor_reached":53,"playtime":3008,"items_purged":["Strike_B","Strike_B","Defend_B","Sweeping Beam"],"score":660,"play_id":"b8a11bfb-8011-4243-90e7-94ec8b6146e4","local_time":"20201221170004","is_ascension_mode":false,"campfire_choices":[{"data":"Zap","floor":11.0,"key":"SMITH"},{"floor":13.0,"key":"REST"},{"data":"Beam Cell","floor":15.0,"key":"SMITH"},{"floor":23.0,"key":"RECALL"},{"floor":32.0,"key":"REST"},{"floor":40.0,"key":"REST"},{"floor":46.0,"key":"REST"},{"floor":49,"key":"REST"},{"floor":52,"key":"REST"}],"circlet_count":0,"master_deck":["Zap+1","Dualcast","Rebound","Cold Snap","Genetic Algorithm","Sunder","Seek","Beam Cell+1","Conserve Battery","Coolheaded+1","Compile Driver","Biased Cognition","Darkness+1","Undo","Skim","Capacitor","Coolheaded+1","Defragment","Hologram","Reboot","Go for the Eyes+1","Defragment+1","Barrage+1","Master of Strategy","Dark Shackles","Loop","Parasite"],"relics":["Cracked Core","Oddly Smooth Stone","Matryoshka","Fusion Hammer","TheAbacus","Blood Vial","Boot","HornCleat","Potion Belt","Bottled Tornado","Empty Cage","Happy Flower"],"acts_visited":["Exordium","TheCity","TheBeyond","TheEnding"],"potions_floor_usage":[50,50,50],"damage_taken":[{"damage":3.0,"enemies":"Small Slimes","floor":1.0,"turns":3.0},{"damage":0.0,"enemies":"Cultist","floor":4.0,"turns":3.0},{"damage":0.0,"enemies":"2 Louse","floor":5.0,"turns":3.0},{"damage":33.0,"enemies":"Lagavulin","floor":6.0,"turns":6.0},{"damage":2.0,"enemies":"Looter","floor":7.0,"turns":4.0},{"damage":1.0,"enemies":"Exordium Wildlife","floor":8.0,"turns":3.0},{"damage":0.0,"enemies":"Large Slime","floor":12.0,"turns":4.0},{"damage":7.0,"enemies":"Red Slaver","floor":14.0,"turns":4.0},{"damage":14.0,"enemies":"Hexaghost","floor":16.0,"turns":10.0},{"damage":4.0,"enemies":"2 Thieves","floor":18.0,"turns":3.0},{"damage":24.0,"enemies":"Slavers","floor":24.0,"turns":6.0},{"damage":0.0,"enemies":"Spheric Guardian","floor":25.0,"turns":3.0},{"damage":0.0,"enemies":"3 Cultists","floor":27.0,"turns":6.0},{"damage":8.0,"enemies":"Centurion and Healer","floor":29.0,"turns":6.0},{"damage":0.0,"enemies":"Chosen and Byrds","floor":31.0,"turns":4.0},{"damage":12.0,"enemies":"Automaton","floor":33.0,"turns":12.0},{"damage":0.0,"enemies":"3 Shapes","floor":35.0,"turns":6.0},{"damage":2.0,"enemies":"Orb Walker","floor":36.0,"turns":4.0},{"damage":31.0,"enemies":"Writhing Mass","floor":37.0,"turns":7.0},{"damage":22.0,"enemies":"4 Shapes","floor":38.0,"turns":8.0},{"damage":2.0,"enemies":"Spire Growth","floor":39.0,"turns":6.0},{"damage":0.0,"enemies":"Maw","floor":41.0,"turns":7.0},{"damage":13.0,"enemies":"3 Darklings","floor":42.0,"turns":5.0},{"damage":7.0,"enemies":"Writhing Mass","floor":48.0,"turns":8.0},{"damage":18,"enemies":"Awakened One","floor":50,"turns":10}],"seed_played":"2735662042106128701","potions_obtained":[{"floor":2.0,"key":"Explosive Potion"},{"floor":2.0,"key":"Regen Potion"},{"floor":2.0,"key":"CultistPotion"},{"floor":5.0,"key":"Fruit Juice"},{"floor":6.0,"key":"Swift Potion"},{"floor":25.0,"key":"PotionOfCapacity"},{"floor":29.0,"key":"BlessingOfTheForge"},{"floor":31.0,"key":"ColorlessPotion"},{"floor":36.0,"key":"GamblersBrew"},{"floor":39.0,"key":"PowerPotion"},{"floor":48,"key":"Energy Potion"}],"is_trial":false,"path_per_floor":["M","?","$","M","M","E","M","M","T","?","R","M","R","M","R","B",null,"M","?","?","$","?","R","E","M","T","M","T","M","$","M","R","B",null,"M","M","M","M","M","R","M","M","T","?","?","R","$","M","R","B",null,"R","$"],"character_chosen":"DEFECT","items_purchased":["Cold Snap","Genetic Algorithm","TheAbacus","Happy Flower","Loop"],"campfire_rested":6,"item_purchase_floors":[3,3,21,47,47],"current_hp_per_floor":[51,51,51,51,51,23,21,20,20,20,20,20,44,37,37,23,80,76,76,76,76,76,76,52,54,54,56,56,50,50,52,76,66,80,80,78,49,29,29,53,55,44,44,44,34,56,56,51,73,57,76,76,76,76],"gold":34,"neow_bonus":"TWO_FIFTY_GOLD","is_daily":false,"chose_seed":false,"campfire_upgraded":2,"win_rate":0.0,"timestamp":1608537604,"path_taken":["M","?","$","M","M","E","M","?","T","?","R","M","R","M","R","BOSS","M","?","?","$","?","R","E","?","T","M","?","M","$","M","R","BOSS","M","M","M","M","?","R","M","M","T","?","?","R","$","M","R","BOSS","R","$"],"items_purchased_type":["Card","Card","Relic","Relic","Card"],"build_version":"2020-12-13","purchased_purges":4,"victory":false,"max_hp_per_floor":[75,75,75,75,75,80,80,80,80,80,80,80,80,80,80,80,80,80,80,80,80,80,80,80,80,80,80,80,80,80,80,80,80,80,80,80,80,80,80,80,80,80,80,76,76,76,76,76,76,76,76,76,76,76],"relic_stats":{"Blood Vial":24,"TheAbacus":[180],"Happy Flower":[6],"counters":[25,141],"Boot":[62],"obtain_stats":[{"Blood Vial":24,"Potion Belt":28,"Matryoshka":9,"TheAbacus":21,"HornCleat":26,"Happy Flower":47,"Oddly Smooth Stone":6,"Fusion Hammer":17,"Bottled Tornado":28,"Cracked Core":0,"Boot":26,"Empty Cage":34},{"Blood Vial":11,"Potion Belt":13,"Matryoshka":6,"TheAbacus":10,"HornCleat":12,"Happy Flower":23,"Oddly Smooth Stone":4,"Fusion Hammer":9,"Bottled Tornado":13,"Cracked Core":0,"Boot":12,"Empty Cage":16},{"Blood Vial":49,"Potion Belt":58,"Matryoshka":22,"TheAbacus":43,"HornCleat":52,"Happy Flower":123,"Oddly Smooth Stone":15,"Fusion Hammer":40,"Bottled Tornado":58,"Cracked Core":0,"Boot":52,"Empty Cage":80}]},"card_choices":[{"not_picked":["Redo","Chaos"],"picked":"Rebound","floor":1.0},{"not_picked":["Go for the Eyes","Double Energy"],"picked":"Sweeping Beam","floor":4.0},{"not_picked":["Stack","Sweeping Beam"],"picked":"Sunder","floor":5.0},{"not_picked":["Chill","FTL"],"picked":"Seek","floor":6.0},{"not_picked":["Coolheaded","Rebound"],"picked":"Beam Cell","floor":7.0},{"not_picked":["Redo","Turbo"],"picked":"Conserve Battery","floor":8.0},{"not_picked":["Multi-Cast","Leap"],"picked":"Coolheaded","floor":12.0},{"not_picked":["Heatsinks","Barrage"],"picked":"Compile Driver","floor":14.0},{"not_picked":["Creative AI","Seek"],"picked":"Biased Cognition","floor":16.0},{"not_picked":["Cold Snap+1","Auto Shields"],"picked":"Darkness+1","floor":18.0},{"not_picked":["Sweeping Beam+1","Doom and Gloom+1","Fusion"],"picked":"SKIP","floor":24.0},{"not_picked":["Rebound+1","Hologram"],"picked":"Capacitor","floor":25.0},{"not_picked":["Redo","Gash+1"],"picked":"Coolheaded+1","floor":27.0},{"not_picked":["Ball Lightning","Leap"],"picked":"Defragment","floor":29.0},{"not_picked":["Multi-Cast","Genetic Algorithm","Hologram"],"picked":"SKIP","floor":31.0},{"not_picked":["Multi-Cast","Genetic Algorithm"],"picked":"Hologram","floor":31.0},{"not_picked":["Buffer","Machine Learning"],"picked":"Reboot","floor":33.0},{"not_picked":["Lockon+1","Conserve Battery","Rebound+1"],"picked":"SKIP","floor":35.0},{"not_picked":["Leap","FTL","Undo"],"picked":"SKIP","floor":36.0},{"not_picked":["Compile Driver+1","Sweeping Beam"],"picked":"Go for the Eyes+1","floor":37.0},{"not_picked":["Loop","Barrage"],"picked":"Defragment+1","floor":38.0},{"not_picked":["Heatsinks+1","Rebound+1","Ball Lightning+1"],"picked":"SKIP","floor":39.0},{"not_picked":["Go for the Eyes","Gash","Genetic Algorithm"],"picked":"SKIP","floor":41.0},{"not_picked":["Leap","Meteor Strike"],"picked":"Barrage+1","floor":42.0},{"not_picked":["Metamorphosis","Magnetism"],"picked":"Master of Strategy","floor":45.0},{"not_picked":["Impatience","Forethought"],"picked":"Dark Shackles","floor":45.0},{"not_picked":["Steam","Fusion","Sweeping Beam+1"],"picked":"SKIP","floor":48}],"player_experience":291262,"relics_obtained":[{"floor":6.0,"key":"Oddly Smooth Stone"},{"floor":9.0,"key":"Matryoshka"},{"floor":24.0,"key":"Blood Vial"},{"floor":26.0,"key":"Boot"},{"floor":26.0,"key":"HornCleat"},{"floor":28.0,"key":"Potion Belt"},{"floor":28.0,"key":"Bottled Tornado"}],"event_choices":[{"damage_healed":0.0,"max_hp_gain":0.0,"max_hp_loss":0.0,"gold_gain":0.0,"event_name":"Lab","player_choice":"Got Potions","floor":2.0,"gold_loss":0.0,"damage_taken":0.0},{"damage_healed":0.0,"max_hp_gain":0.0,"max_hp_loss":0.0,"gold_gain":0.0,"event_name":"Liars Game","player_choice":"Ignored","floor":10.0,"gold_loss":0.0,"damage_taken":0.0},{"damage_healed":0.0,"max_hp_gain":0.0,"max_hp_loss":0.0,"gold_gain":99.0,"event_name":"Nest","player_choice":"Stole From Cult","floor":19.0,"gold_loss":0.0,"damage_taken":0.0},{"damage_healed":0.0,"max_hp_gain":0.0,"max_hp_loss":0.0,"gold_gain":0.0,"cards_transformed":["Strike_B","Strike_B"],"event_name":"Drug Dealer","player_choice":"Became Test Subject","floor":20.0,"gold_loss":0.0,"damage_taken":0.0,"cards_obtained":["Undo","Skim"]},{"cards_removed":["Defend_B"],"damage_healed":0.0,"max_hp_gain":0.0,"max_hp_loss":0.0,"gold_gain":0.0,"event_name":"Designer","player_choice":"Upgrade and Remove","floor":22.0,"gold_loss":90.0,"damage_taken":0.0,"cards_upgraded":["Coolheaded"]},{"damage_healed":0.0,"max_hp_gain":0.0,"max_hp_loss":4.0,"gold_gain":0.0,"event_name":"Winding Halls","player_choice":"Max HP","floor":44.0,"gold_loss":0.0,"damage_taken":0.0},{"damage_healed":0.0,"max_hp_gain":0.0,"max_hp_loss":0.0,"gold_gain":0.0,"event_name":"SensoryStone","player_choice":"Memory 3","floor":45.0,"gold_loss":0.0,"damage_taken":10.0}],"is_beta":false,"boss_relics":[{"not_picked":["SlaversCollar","FrozenCore"],"picked":"Fusion Hammer"},{"not_picked":["Tiny House","Cursed Key"],"picked":"Empty Cage"}],"items_purged_floors":[3,21,30,47],"is_endless":false,"potions_floor_spawned":[5,6,7,12,24,25,29,31,36,37,39,48],"ascension_level":0}}