{"host":"fdq5pmhluajjrf8d","time":1608588921,"event":{"mods":["BaseMod","Minty Spire (QoL Compilation)"],"gold_per_floor":[116,126,126,126,45,45,70,82,94,124,136,163,0,150,150,150,150],"floor_reached":16,"playtime":814,"items_purged":["Injury"],"score":191,"play_id":"7ff85cc0-5bd9-4070-8f69-acadd6ff1b2c","local_time":"20201221171521","is_ascension_mode":true,"campfire_choices":[{"data":"Defragment","floor":6.0,"key":"SMITH"},{"data":"Ball Lightning","floor":8.0,"key":"SMITH"},{"data":"Redo","floor":15,"key":"SMITH"}],"circlet_count":0,"master_deck":["AscendersBane","Strike_B","Strike_B","Strike_B","Strike_B","Defend_B","Defend_B","Defend_B","Defend_B","Zap+1","Dualcast","Go for the Eyes","Ball Lightning+1","Defragment+1","Self Repair","Machine Learning","Redo+1","Loop","Doubt"],"relics":["Cracked Core","MealTicket","MawBank","Gremlin Horn","Golden Idol"],"acts_visited":["Exordium"],"potions_floor_usage":[],"damage_taken":[{"damage":1.0,"enemies":"Cultist","floor":1.0,"turns":3.0},{"damage":0.0,"enemies":"2 Louse","floor":2.0,"turns":3.0},{"damage":25.0,"enemies":"Lagavulin","floor":7.0,"turns":6.0},{"damage":4,"enemies":"Small Slimes","floor":10,"turns":3},{"damage":14,"enemies":"Blue Slaver","floor":12,"turns":4},{"damage":55,"enemies":"Slime Boss","floor":16,"turns":6}],"seed_played":"-8717397890618848372","potions_obtained":[{"floor":2.0,"key":"DistilledChaos"},{"floor":12,"key":"Strength Potion"}],"is_trial":false,"path_per_floor":["M","M","?","?","$","R","E","R","T","M","?","M","$","?","R","B"],"character_chosen":"DEFECT","items_purchased":["Defragment","Redo","Loop"],"campfire_rested":0,"item_purchase_floors":[5,13,13],"current_hp_per_floor":[63,63,63,63,71,71,46,46,46,42,42,35,50,50,50,0,0],"gold":150,"neow_bonus":"RANDOM_COMMON_RELIC","is_daily":false,"chose_seed":false,"campfire_upgraded":3,"win_rate":0.0,"timestamp":1608588921,"path_taken":["M","M","?","?","$","R","E","R","T","?","?","M","$","?","R","BOSS"],"items_purchased_type":["Card","Card","Card"],"build_version":"2020-12-13","purchased_purges":1,"victory":false,"max_hp_per_floor":[71,71,71,71,71,71,71,71,71,71,71,71,71,71,71,71,71],"card_choices":[{"not_picked":["Steam","Coolheaded"],"picked":"Go for the Eyes","floor":1.0},{"not_picked":["Redo","Loop"],"picked":"Ball Lightning","floor":2.0},{"not_picked":["Rebound","Go for the Eyes","Darkness"],"picked":"SKIP","floor":7.0},{"not_picked":["Leap","Rebound"],"picked":"Self Repair","floor":10},{"not_picked":["Streamline","Turbo"],"picked":"Machine Learning","floor":12}],"player_experience":1891573,"relics_obtained":[{"floor":7.0,"key":"MawBank"},{"floor":9.0,"key":"Gremlin Horn"}],"event_choices":[{"damage_healed":0.0,"max_hp_gain":0.0,"max_hp_loss":0.0,"gold_gain":0.0,"event_name":"Living Wall","player_choice":"Grow","floor":3.0,"gold_loss":0.0,"damage_taken":0.0,"cards_upgraded":["Zap"]},{"damage_healed":0.0,"max_hp_gain":0.0,"max_hp_loss":0.0,"gold_gain":0.0,"event_name":"Match and Keep!","player_choice":"0 cards matched","floor":4.0,"gold_loss":0.0,"damage_taken":0.0,"cards_obtained":[]},{"damage_healed":0,"gold_gain":0,"player_choice":"Take Wound","damage_taken":0,"relics_obtained":["Golden Idol"],"max_hp_gain":0,"max_hp_loss":0,"event_name":"Golden Idol","floor":11,"gold_loss":0,"cards_obtained":["Injury"]},{"damage_healed":0,"gold_gain":150,"player_choice":"AGREE","damage_taken":0,"max_hp_gain":0,"max_hp_loss":0,"event_name":"Liars Game","floor":14,"gold_loss":0,"cards_obtained":["Doubt"]}],"is_beta":false,"boss_relics":[],"items_purged_floors":[13],"is_endless":false,"potions_floor_spawned":[2,12],"killed_by":"Slime Boss","ascension_level":19}}