{"host":"so6fnfq7th6ki9q5","time":1608519917,"event":{"mods":["AchievementEnabler","BaseMod","Colored Map","Colored Powertips","Minty Spire (QoL Compilation)","Quick Restart","StSLib"],"gold_per_floor":[19,19,32,207,81,81,92,117,117,67,67,67,67,91,91,211,211,200,200,223,763,763],"floor_reached":21,"playtime":1070,"items_purged":["Doubt"],"score":237,"play_id":"33b9dd92-6524-4b8a-b04d-32a9c8e936d3","local_time":"20201220210517","is_ascension_mode":true,"campfire_choices":[{"data":"Sucker Punch","floor":6,"key":"SMITH"},{"data":"Skewer","floor":12,"key":"SMITH"},{"data":"Backflip","floor":15,"key":"SMITH"}],"circlet_count":0,"master_deck":["Strike_G","Strike_G","Strike_G","Strike_G","Defend_G","Defend_G","Defend_G","Survivor+1","Neutralize","Prepared","Backstab","Sucker Punch+1","Underhanded Strike","Skewer+1","Backflip+1","Venomology","Regret","Heel Hook+1","Blade Dance+1","Flying Knee+1","RitualDagger","Backflip+1"],"relics":["Ring of the Snake","Lizard Tail","Calipers","Pear","Golden Idol","Astrolabe"],"acts_visited":["Exordium","TheCity"],"potions_floor_usage":[16,16,20],"damage_taken":[{"damage":0,"enemies":"Jaw Worm","floor":1,"turns":6},{"damage":1,"enemies":"2 Louse","floor":3,"turns":3},{"damage":0,"enemies":"Small Slimes","floor":7,"turns":2},{"damage":16,"enemies":"3 Sentries","floor":8,"turns":10},{"damage":0,"enemies":"2 Fungi Beasts","floor":14,"turns":2},{"damage":96,"enemies":"Hexaghost","floor":16,"turns":19},{"damage":8,"enemies":"2 Thieves","floor":18,"turns":4},{"damage":16,"enemies":"Chosen","floor":20,"turns":3}],"seed_played":"-5622604131139834443","potions_obtained":[{"floor":8,"key":"Block Potion"},{"floor":14,"key":"PowerPotion"},{"floor":16,"key":"SpeedPotion"}],"is_trial":false,"path_per_floor":["M","?","M","?","$","R","M","E","T","?","?","R","?","M","R","B",null,"M","?","M","?"],"character_chosen":"THE_SILENT","items_purchased":["Sucker Punch"],"campfire_rested":0,"item_purchase_floors":[5],"current_hp_per_floor":[70,70,69,69,69,69,69,53,63,63,68,68,68,68,68,14,85,77,71,55,0,0],"gold":763,"neow_bonus":"ONE_RARE_RELIC","is_daily":false,"chose_seed":false,"campfire_upgraded":3,"win_rate":0.0,"timestamp":1608519917,"path_taken":["M","?","M","?","$","R","M","E","T","?","?","R","?","?","R","BOSS","M","?","M","?"],"items_purchased_type":["Card"],"build_version":"2020-12-13","purchased_purges":1,"victory":false,"max_hp_per_floor":[70,70,70,70,70,70,70,70,80,80,85,85,85,85,85,85,85,85,85,85,85,85],"card_choices":[{"not_picked":["Skewer","Setup"],"picked":"Prepared","floor":1},{"not_picked":["Quick Slash","Tactician"],"picked":"Backstab","floor":3},{"not_picked":["Deflect","Setup"],"picked":"Underhanded Strike","floor":7},{"not_picked":["Night Terror","Blade Dance"],"picked":"Skewer","floor":8},{"not_picked":["Reflex","Flechettes"],"picked":"Backflip","floor":14},{"not_picked":["Night Terror","Bullet Time"],"picked":"Venomology","floor":16},{"not_picked":["Caltrops","Skewer"],"picked":"Flying Knee+1","floor":18},{"not_picked":["Deflect+1","Leg Sweep"],"picked":"Backflip+1","floor":20}],"player_experience":282042,"relics_obtained":[{"floor":8,"key":"Calipers"},{"floor":9,"key":"Pear"}],"event_choices":[{"damage_healed":0,"gold_gain":0,"player_choice":"Grow","damage_taken":0,"max_hp_gain":0,"max_hp_loss":0,"event_name":"Living Wall","floor":2,"gold_loss":0,"cards_upgraded":["Survivor"]},{"damage_healed":0,"gold_gain":175,"player_choice":"AGREE","damage_taken":0,"max_hp_gain":0,"max_hp_loss":0,"event_name":"Liars Game","floor":4,"gold_loss":0,"cards_obtained":["Doubt"]},{"cards_removed":["Strike_G"],"damage_healed":0,"gold_gain":0,"player_choice":"Card Removal","damage_taken":0,"max_hp_gain":0,"max_hp_loss":0,"event_name":"The Cleric","floor":10,"gold_loss":50},{"damage_healed":0,"gold_gain":0,"player_choice":"Donut","damage_taken":0,"max_hp_gain":5,"max_hp_loss":0,"event_name":"Big Fish","floor":11,"gold_loss":0},{"damage_healed":0,"gold_gain":0,"player_choice":"Take Wound","damage_taken":0,"relics_obtained":["Golden Idol"],"max_hp_gain":0,"max_hp_loss":0,"event_name":"Golden Idol","floor":13,"gold_loss":0,"cards_obtained":["Injury"]},{"damage_healed":0,"gold_gain":0,"player_choice":"Joined the Cult","damage_taken":6,"max_hp_gain":0,"max_hp_loss":0,"event_name":"Nest","floor":19,"gold_loss":0,"cards_obtained":["RitualDagger"]}],"is_beta":false,"boss_relics":[{"not_picked":["Busted Crown","Philosopher\u0027s Stone"],"picked":"Astrolabe"}],"items_purged_floors":[5],"is_endless":false,"potions_floor_spawned":[8,14,16],"ascension_level":4}}