{"host":"o3b7ow6d1xe49css","time":1608536053,"event":{"mods":["Act Like it!","Aspiration","BaseMod","Bestiary","Better Altar","Better Match","Better Note","Better Sensory Stone","Better Skull","Better Third Choice","Colored Powertips","Conspire","Energized Spire","Force Act Four","GifTheSpireLib","Halation","Hermit","Hubris","Infinite Spire","Lobotomy","Minty Spire (QoL Compilation)","Quick Restart","Replay The Spire","Spicy Shops","Spikes Relics","StSLib","Stuff the Spire","The Blue Laboratory","Wandering Minibosses","vexMod"],"gold_per_floor":[115,130,148,148,148,180,210,242,242,242,255,287,306,324,324,422,422,435,447,69,69,69,103,128,128,128],"floor_reached":25,"playtime":5796,"items_purged":[],"score":464,"play_id":"d5393872-5084-44a9-b42e-aa938687b771","local_time":"20201220223413","daily_mods":["Heirloom","Flight"],"is_ascension_mode":true,"campfire_choices":[{"floor":10,"key":"REST"},{"floor":15,"key":"DIG"}],"circlet_count":0,"master_deck":["Strike_P","Strike_P","Defend_P","Defend_P+1","Defend_P","Defend_P","Eruption","Vigilance","WheelKick","Vengeance","Conclude","StuffTheSpire:CuriosityCurse","Vault+1","LongBird","Consecrate","Prostrate","UniverseFragment","MeatLantern","Worship","FlurryOfBlows","NakedNest","Protect","Mercenary","Fasting2","Ragnarok","Decay"],"relics":["PureWater","Ring of Chaos","StuffTheSpire:Wildfire","CogitoBucket","Happy Flower","War Paint","Damaru","StuffTheSpire:Expresso","hubris:SphereOfDissonance","halation:OrihimeAndHikoboshiSamaAndTears","ChangeAnything","aspiration:TomeofQuesting","hubris:ScarierMask","OrangePellets","infinitespire:Joker Card","Smiling Mask"],"acts_visited":["Exordium","TheCity"],"potions_floor_usage":[6,11,16,23],"damage_taken":[{"damage":3,"enemies":"Jaw Worm","floor":1,"turns":4},{"damage":0,"enemies":"Small Slimes","floor":2,"turns":3},{"damage":0,"enemies":"Cultist","floor":3,"turns":5},{"damage":32,"enemies":"Gremlin Nob","floor":6,"turns":3},{"damage":13,"enemies":"Lagavulin","floor":7,"turns":6},{"damage":15,"enemies":"3 Sentries","floor":8,"turns":2},{"damage":0,"enemies":"Lots of Slimes","floor":11,"turns":4},{"damage":0,"enemies":"Gremlin Nob","floor":12,"turns":3},{"damage":0,"enemies":"Large Slime","floor":13,"turns":2},{"damage":5,"enemies":"Red Slaver","floor":14,"turns":3},{"damage":0,"enemies":"Slime Boss","floor":16,"turns":2},{"damage":0,"enemies":"Spheric Guardian","floor":18,"turns":5},{"damage":24,"enemies":"3 Byrds","floor":19,"turns":7},{"damage":22,"enemies":"Book of Stabbing","floor":23,"turns":5},{"damage":7,"enemies":"Slavers","floor":24,"turns":2},{"damage":7,"enemies":"Nightmare","floor":25,"turns":2}],"seed_played":"-3024702620975920851","potions_obtained":[{"floor":3,"key":"blueLaboratory:PyrophylliteBrew"},{"floor":8,"key":"AttackPotion"},{"floor":13,"key":"blueLaboratory:MidnightOil"},{"floor":14,"key":"infinitespire:BlackPotion"},{"floor":16,"key":"Milkshake"},{"floor":18,"key":"Reflective Coating"},{"floor":23,"key":"Fire Potion"},{"floor":24,"key":"PowerPotion"}],"is_trial":true,"path_per_floor":["M","M","M","?","?","E","E","E","T","R","M","E","M","M","R","B",null,"M","M","$","?","?","E","E","NM"],"character_chosen":"WATCHER","items_purchased":["Fasting2","OrangePellets","Ragnarok"],"campfire_rested":1,"item_purchase_floors":[20,20,20],"current_hp_per_floor":[69,69,69,69,69,37,24,9,9,30,30,30,30,25,25,25,60,60,36,36,36,36,14,7,0,0],"gold":128,"neow_bonus":"","is_daily":false,"chose_seed":false,"campfire_upgraded":0,"win_rate":0.0,"timestamp":1608536053,"path_taken":["M","M","M","?","?","E","E","E","T","R","M","E","M","?","R","BOSS","M","M","$","?","?","E","E","NM"],"items_purchased_type":["Card","Relic","Card"],"build_version":"2020-12-13","purchased_purges":0,"victory":false,"max_hp_per_floor":[72,72,72,72,72,72,72,72,72,72,72,72,72,72,72,72,72,72,72,72,72,72,72,72,72,72],"card_choices":[{"not_picked":["MentalFortress","Collect"],"picked":"WheelKick","floor":1},{"not_picked":["FlyingSleeves","Pray"],"picked":"Vengeance","floor":2},{"not_picked":["WallGazer","CherryBlossoms","Wellcheers"],"picked":"Singing Bowl","floor":3},{"not_picked":["WreathOfFlame","Wallop"],"picked":"Conclude","floor":3},{"not_picked":["PunishingBird","ShyLook"],"picked":"LongBird","floor":6},{"not_picked":["ForeignInfluence","Replay:Battleflow"],"picked":"Consecrate","floor":6},{"not_picked":["ShyLook","Laetitia","WallGazer"],"picked":"Singing Bowl","floor":7},{"not_picked":["Study","EmptyFist"],"picked":"Prostrate","floor":7},{"not_picked":["CherryBlossoms","PunishingBird","WallGazer"],"picked":"Singing Bowl","floor":8},{"not_picked":["Bloodbath","OSAHOGD"],"picked":"UniverseFragment","floor":8},{"not_picked":["PathToVictory","ThirdEye","CrushJoints"],"picked":"SKIP","floor":8},{"not_picked":["SpiderBud","OldLady"],"picked":"MeatLantern","floor":11},{"not_picked":["Protect","Replay:BluntJabs"],"picked":"Worship","floor":11},{"not_picked":["PunishingBird","NothingThere","CherryBlossoms"],"picked":"Singing Bowl","floor":12},{"not_picked":["Sanctity","Replay:AllIn"],"picked":"FlurryOfBlows","floor":12},{"not_picked":["SingingMachine","BigBird"],"picked":"NakedNest","floor":13},{"not_picked":["CutThroughFate","EmptyBody","Evaluate"],"picked":"SKIP","floor":13},{"not_picked":["Bloodbath","GalaxyChild","QueenBee"],"picked":"Singing Bowl","floor":14},{"not_picked":["Replay:BluntJabs","Replay:AtTheReady"],"picked":"Protect","floor":14},{"not_picked":["VoidDream","Variant","Bloodbath"],"picked":"Singing Bowl","floor":16},{"not_picked":["CrumblingArmor","BeautyBeast","WallGazer"],"picked":"Singing Bowl","floor":18},{"not_picked":["Replay:Cycle","ThirdEye","Replay:Battleflow"],"picked":"SKIP","floor":18},{"not_picked":["SnowQueen","PunishingBird","OSAHOGD"],"picked":"Singing Bowl","floor":19},{"not_picked":["CrumblingArmor","WallGazer"],"picked":"Mercenary","floor":19},{"not_picked":["Evaluate","DeceiveReality","PathToVictory"],"picked":"SKIP","floor":19},{"not_picked":["CherryBlossoms","BigBadWolf","SnowQueen"],"picked":"Singing Bowl","floor":23},{"not_picked":["Halt","Replay:Hum","WreathOfFlame"],"picked":"SKIP","floor":23},{"not_picked":["WhitesApple","PunishingBird","VoidDream"],"picked":"Singing Bowl","floor":24},{"not_picked":["Replay:ManipulateFuture","LikeWater","JustLucky"],"picked":"SKIP","floor":24}],"player_experience":1788664,"relics_obtained":[{"floor":6,"key":"War Paint"},{"floor":7,"key":"Damaru"},{"floor":8,"key":"StuffTheSpire:Expresso"},{"floor":9,"key":"hubris:SphereOfDissonance"},{"floor":12,"key":"halation:OrihimeAndHikoboshiSamaAndTears"},{"floor":15,"key":"aspiration:TomeofQuesting"},{"floor":23,"key":"infinitespire:Joker Card"},{"floor":24,"key":"Smiling Mask"}],"event_choices":[{"damage_healed":0,"gold_gain":0,"cards_transformed":["Strike_P"],"player_choice":"Transformed","damage_taken":0,"max_hp_gain":0,"max_hp_loss":0,"event_name":"Transmorgrifier","floor":5,"gold_loss":0,"cards_obtained":["Vault"]},{"cards_removed":["Strike_P"],"damage_healed":0,"gold_gain":0,"player_choice":"Give","damage_taken":0,"max_hp_gain":0,"max_hp_loss":0,"event_name":"betterNote:BetterNote","floor":21,"gold_loss":0,"cards_obtained":["Strike_G"]},{"damage_healed":0,"gold_gain":0,"player_choice":"Cursed","damage_taken":0,"max_hp_gain":0,"max_hp_loss":0,"event_name":"Wheel of Change","floor":22,"gold_loss":0,"cards_obtained":["Decay"]}],"is_beta":false,"boss_relics":[{"not_picked":["Sandwich","hubris:TerracottaHorce"],"picked":"hubris:ScarierMask"}],"items_purged_floors":[],"is_endless":false,"potions_floor_spawned":[3,8,13,14,16,18,23,24],"killed_by":"Nightmare","ascension_level":5}}