{"host":"a5523bqxi3k68xf3","time":1608558579,"event":{"mods":["BaseMod","BetterRewards","Hermit","Koishi","Marisa????????","Minty Spire (QoL Compilation)","Quick Restart","Random Character Button","Relic Stats","Shop Mod","StSLib","The Animator","The Cursed","The Necromancer","The Servant 0.9.4"],"gold_per_floor":[109,184,199,99,99,99,99,99,99,99,126,142,174,16,16,91,91,101,46,96,108,120,120,147,147,147,158,158,158,178,192,192,192,192],"floor_reached":33,"playtime":689,"items_purged":["Defend_R","Defend_R"],"score":846,"play_id":"8f106044-c88f-4b93-b647-4b943f43fcd1","local_time":"20201221144939","is_ascension_mode":true,"campfire_choices":[{"floor":6,"key":"REST"},{"data":"Inflame","floor":8,"key":"SMITH"},{"data":"Bash","floor":10,"key":"SMITH"},{"data":"Heavy Blade","floor":15,"key":"SMITH"},{"data":"Double Tap","floor":23,"key":"SMITH"},{"data":"Demon Form","floor":25,"key":"SMITH"},{"floor":32,"key":"REST"}],"circlet_count":0,"master_deck":["AscendersBane","Strike_R","Strike_R","Strike_R+1","Strike_R","Defend_R","Bash+1","Twin Strike","Iron Wave+1","Clash","Inflame+1","Heavy Blade+1","Demon Form+1","Flex","Double Tap+1","Inflame"],"relics":["Burning Blood","Pen Nib","MealTicket","CaptainsWheel","Art of War","Boot","Lantern","Empty Cage","Bottled Lightning","Singing Bowl"],"acts_visited":["Exordium","TheCity"],"potions_floor_usage":[13,18,24,31,33],"damage_taken":[{"damage":1,"enemies":"Cultist","floor":1,"turns":3},{"damage":15,"enemies":"Small Slimes","floor":3,"turns":4},{"damage":17,"enemies":"Lagavulin","floor":11,"turns":4},{"damage":7,"enemies":"Jaw Worm","floor":12,"turns":3},{"damage":8,"enemies":"Gremlin Nob","floor":13,"turns":3},{"damage":0,"enemies":"Slime Boss","floor":16,"turns":4},{"damage":27,"enemies":"2 Thieves","floor":18,"turns":3},{"damage":4,"enemies":"Spheric Guardian","floor":21,"turns":3},{"damage":14,"enemies":"Centurion and Healer","floor":22,"turns":4},{"damage":27,"enemies":"Book of Stabbing","floor":24,"turns":4},{"damage":19,"enemies":"Snecko","floor":27,"turns":4},{"damage":34,"enemies":"Snake Plant","floor":30,"turns":3},{"damage":6,"enemies":"Centurion and Healer","floor":31,"turns":5},{"damage":99,"enemies":"Automaton","floor":33,"turns":6}],"seed_played":"-402060772728861003","potions_obtained":[{"floor":12,"key":"Fruit Juice"},{"floor":13,"key":"SkillPotion"},{"floor":16,"key":"Dexterity Potion"},{"floor":18,"key":"DistilledChaos"},{"floor":21,"key":"PowerPotion"},{"floor":27,"key":"CultistPotion"},{"floor":31,"key":"LiquidBronze"}],"is_trial":false,"path_per_floor":["M","?","M","$","?","R","?","R","T","R","E","M","E","$","R","B",null,"M","$","?","M","M","R","E","R","T","M","$","?","M","M","R","B"],"character_chosen":"IRONCLAD","items_purchased":["Pen Nib","Twin Strike","MealTicket","Iron Wave","Lantern","Flex"],"campfire_rested":2,"item_purchase_floors":[0,0,0,0,14,19],"current_hp_per_floor":[53,42,33,48,25,47,47,47,47,47,36,35,38,53,53,59,75,54,69,69,71,63,63,42,42,42,31,46,46,20,22,47,0,0],"gold":192,"neow_bonus":"","is_daily":false,"chose_seed":false,"campfire_upgraded":5,"win_rate":0.0,"timestamp":1608558579,"path_taken":["M","?","M","$","?","R","?","R","T","R","E","?","E","$","R","BOSS","M","$","?","M","M","R","E","R","T","M","$","?","M","M","R","BOSS"],"items_purchased_type":["Relic","Card","Relic","Card","Relic","Card"],"build_version":"2020-12-13","purchased_purges":2,"victory":false,"max_hp_per_floor":[75,75,75,75,75,75,75,75,75,75,75,75,80,80,80,80,80,80,80,80,80,80,80,80,80,80,82,82,82,84,86,86,86,86],"relic_stats":{"Singing Bowl":6,"counters":[64,213],"MealTicket":60,"Pen Nib":[10],"Art of War":[2],"Boot":[0],"obtain_stats":[{"Darkstone Periapt":0,"Lantern":14,"Tiny House":17,"Singing Bowl":26,"Magic Flower":0,"Bag of Preparation":0,"Whetstone":9,"Sling":0,"Empty Cage":0,"Boot":6,"Burning Blood":0,"ClockworkSouvenir":0,"TheAbacus":21,"DollysMirror":0,"Sundial":7,"Tiny Chest":0,"MealTicket":0,"Philosopher\u0027s Stone":17,"WingedGreaves":0,"Kunai":0,"InkBottle":0,"Paper Frog":9,"Potion Belt":0,"Lee\u0027s Waffle":0,"Pear":0,"NeowsBlessing":0,"Velvet Choker":17,"PreservedInsect":0,"Pen Nib":0,"Omamori":0,"Odd Mushroom":10,"Mercury Hourglass":0,"Peace Pipe":9,"Runic Dome":34,"CaptainsWheel":9,"Ornamental Fan":0,"Shuriken":30,"Bronze Scales":0,"Molten Egg 2":0,"Turnip":31,"Art of War":4,"Champion Belt":0,"Membership Card":0,"Bottled Lightning":13},{"Darkstone Periapt":0,"Lantern":55,"Tiny House":14,"Singing Bowl":60,"Magic Flower":0,"Bag of Preparation":0,"Whetstone":21,"Sling":0,"Empty Cage":0,"Boot":34,"Burning Blood":0,"ClockworkSouvenir":5,"TheAbacus":16,"DollysMirror":5,"Sundial":9,"Tiny Chest":0,"MealTicket":0,"Philosopher\u0027s Stone":43,"WingedGreaves":0,"Kunai":5,"InkBottle":0,"Paper Frog":10,"Potion Belt":0,"Lee\u0027s Waffle":0,"Pear":0,"NeowsBlessing":35,"Velvet Choker":26,"PreservedInsect":0,"Pen Nib":50,"Omamori":0,"Odd Mushroom":11,"Mercury Hourglass":17,"Peace Pipe":39,"Runic Dome":2,"CaptainsWheel":52,"Ornamental Fan":0,"Shuriken":48,"Bronze Scales":0,"Molten Egg 2":0,"Turnip":1,"Art of War":19,"Champion Belt":0,"Membership Card":29,"Bottled Lightning":42},{"Darkstone Periapt":0,"Lantern":177,"Tiny House":43,"Singing Bowl":195,"Magic Flower":0,"Bag of Preparation":0,"Whetstone":64,"Sling":0,"Empty Cage":0,"Boot":112,"Burning Blood":0,"ClockworkSouvenir":13,"TheAbacus":50,"DollysMirror":13,"Sundial":23,"Tiny Chest":0,"MealTicket":0,"Philosopher\u0027s Stone":137,"WingedGreaves":0,"Kunai":13,"InkBottle":0,"Paper Frog":27,"Potion Belt":0,"Lee\u0027s Waffle":0,"Pear":0,"NeowsBlessing":113,"Velvet Choker":83,"PreservedInsect":0,"Pen Nib":160,"Omamori":0,"Odd Mushroom":30,"Mercury Hourglass":53,"Peace Pipe":121,"Runic Dome":6,"CaptainsWheel":167,"Ornamental Fan":0,"Shuriken":154,"Bronze Scales":0,"Molten Egg 2":0,"Turnip":2,"Art of War":58,"Champion Belt":0,"Membership Card":94,"Bottled Lightning":130}],"Burning Blood":349},"card_choices":[{"not_picked":["Twin Strike","Headbutt"],"picked":"Clash","floor":1},{"not_picked":["Rampage","Thunderclap"],"picked":"Inflame","floor":3},{"not_picked":["Shrug It Off","Seeing Red","Evolve"],"picked":"SKIP","floor":11},{"not_picked":["Clothesline","Anger","Warcry"],"picked":"SKIP","floor":12},{"not_picked":["Warcry","Second Wind"],"picked":"Heavy Blade","floor":13},{"not_picked":["Corruption","Feed"],"picked":"Demon Form","floor":16},{"not_picked":["Evolve","Shrug It Off","Second Wind"],"picked":"SKIP","floor":18},{"not_picked":["Body Slam","Warcry","Power Through"],"picked":"SKIP","floor":21},{"not_picked":["Armaments","Fire Breathing"],"picked":"Double Tap","floor":22},{"not_picked":["Twin Strike+1","Perfected Strike+1"],"picked":"Inflame","floor":24},{"not_picked":["Body Slam","Iron Wave","Flex"],"picked":"Singing Bowl","floor":27},{"not_picked":["Dark Embrace","Twin Strike","Shrug It Off"],"picked":"Singing Bowl","floor":30},{"not_picked":["Clothesline","Battle Trance+1","Inflame"],"picked":"Singing Bowl","floor":31}],"player_experience":1674719,"relics_obtained":[{"floor":9,"key":"CaptainsWheel"},{"floor":11,"key":"Art of War"},{"floor":13,"key":"Boot"},{"floor":24,"key":"Bottled Lightning"},{"floor":26,"key":"Singing Bowl"}],"event_choices":[{"damage_healed":0,"gold_gain":75,"player_choice":"Gather Gold","damage_taken":11,"max_hp_gain":0,"max_hp_loss":0,"event_name":"World of Goop","floor":2,"gold_loss":0},{"damage_healed":0,"gold_gain":0,"player_choice":"Entered Light","damage_taken":23,"max_hp_gain":0,"max_hp_loss":0,"event_name":"Shining Light","floor":5,"gold_loss":0,"cards_upgraded":["Strike_R","Iron Wave"]},{"damage_healed":0,"gold_gain":0,"player_choice":"0 cards matched","damage_taken":0,"max_hp_gain":0,"max_hp_loss":0,"event_name":"Match and Keep!","floor":7,"gold_loss":0,"cards_obtained":[]},{"damage_healed":0,"gold_gain":50,"player_choice":"Stole From Cult","damage_taken":0,"max_hp_gain":0,"max_hp_loss":0,"event_name":"Nest","floor":20,"gold_loss":0},{"damage_healed":0,"gold_gain":0,"player_choice":"Got Potions","damage_taken":0,"max_hp_gain":0,"max_hp_loss":0,"event_name":"Lab","floor":29,"gold_loss":0}],"is_beta":false,"boss_relics":[{"not_picked":["Calling Bell","Coffee Dripper"],"picked":"Empty Cage"}],"items_purged_floors":[0,4],"is_endless":false,"potions_floor_spawned":[12,13,16,18,21,27,31],"killed_by":"Automaton","ascension_level":20}}