{"host":"iyvjjqtjrywxqc57","time":1608554905,"event":{"mods":["AchievementEnabler","BaseMod","Bestiary","Colored Map","Colored Powertips","Downfall","Minty Spire (QoL Compilation)","Quick Restart","Rare Cards Sparkle","StSLib"],"gold_per_floor":[99,99,127,227,227,261,343,371,221,248,26,38,23,40,54,151,201,201,215,245,445,445,445,445,445],"floor_reached":23,"playtime":3278,"items_purged":[],"score":283,"play_id":"482abe25-5511-4698-a411-a6277fb6968d","local_time":"20201221064825","is_ascension_mode":false,"campfire_choices":[{"floor":1,"key":"RECALL"},{"data":"hexamod:DynamicBlow","floor":9,"key":"SMITH"},{"data":"hexamod:NightmareGuise","floor":18,"key":"SMITH"},{"floor":22,"key":"REST"}],"circlet_count":0,"master_deck":["hexamod:Strike","hexamod:Strike+1","hexamod:Strike+1","hexamod:Strike","hexamod:Defend","hexamod:Defend","hexamod:Defend+1","hexamod:Defend","hexamod:Sear","hexamod:Float+1","hexamod:DynamicBlow+1","hexamod:SpectersWail","hexamod:FourthSeal","hexamod:SwordOfDarkness","hexamod:InspiringFlames","hexamod:BacktrackSmack","hexamod:WildfireWeapon","hexamod:SkipABeat","hexamod:FirstSeal","hexamod:HeatCrush","hexamod:Haunt","hexamod:SixthSeal","hexamod:NightmareGuise+1","hexamod:NecessarySacrifice+1","hexamod:SpectralAdrenaline+1"],"relics":["hexamod:SpiritBrand","downfall:HeartsMalice","War Paint","Anchor","Letter Opener","downfall:HeartBlessingRed","downfall:HeartBlessingBlue","Ice Cream","Lee\u0027s Waffle","Tiny House","Molten Egg 2"],"acts_visited":["Exordium","TheCity"],"potions_floor_usage":[8,8,8,10,11,11,16,16,20,20,23,23],"damage_taken":[{"damage":0,"enemies":"2 Louse","floor":2,"turns":1},{"damage":0,"enemies":"Lagavulin","floor":3,"turns":1},{"damage":0,"enemies":"Cultist","floor":5,"turns":1},{"damage":32,"enemies":"Gremlin Nob","floor":6,"turns":4},{"damage":14,"enemies":"3 Sentries","floor":8,"turns":6},{"damage":14,"enemies":"Lagavulin","floor":10,"turns":6},{"damage":10,"enemies":"downfall:FleeingMerchant","floor":11,"turns":4},{"damage":7,"enemies":"Jaw Worm","floor":12,"turns":3},{"damage":9,"enemies":"downfall:FleeingMerchant","floor":13,"turns":4},{"damage":0,"enemies":"2 Fungi Beasts","floor":14,"turns":2},{"damage":11,"enemies":"3 Louse","floor":15,"turns":3},{"damage":53,"enemies":"downfall:Defect","floor":16,"turns":6},{"damage":20,"enemies":"Shell Parasite","floor":19,"turns":7},{"damage":64,"enemies":"Book of Stabbing","floor":20,"turns":7},{"damage":67,"enemies":"Slavers","floor":23,"turns":4}],"seed_played":"4074116780271114531","potions_obtained":[{"floor":6,"key":"EntropicBrew"},{"floor":6,"key":"sneckomod:MuddlingPotion"},{"floor":8,"key":"LiquidMemories"},{"floor":10,"key":"SneckoOil"},{"floor":11,"key":"Fire Potion"},{"floor":12,"key":"DuplicationPotion"},{"floor":16,"key":"SteroidPotion"},{"floor":17,"key":"Regen Potion"},{"floor":20,"key":"hexamod:EctoCoolerPotion"}],"is_trial":false,"path_per_floor":["R","M","E","?","M","E","T","E","R","E","$","M","$","M","M","B",null,"R","M","E","?","R","E"],"character_chosen":"THE_SPIRIT","items_purchased":["Lee\u0027s Waffle","Block Potion"],"campfire_rested":1,"item_purchase_floors":[11,11],"current_hp_per_floor":[70,70,70,70,70,38,38,24,34,20,87,80,71,71,67,21,92,92,79,31,31,58,0,0,0],"gold":445,"neow_bonus":"THREE_ENEMY_KILL","is_daily":false,"chose_seed":false,"campfire_upgraded":2,"win_rate":0.0,"timestamp":1608554905,"path_taken":["R","M","E","?","M","E","T","E","R","E","$","M","$","M","M","BOSS","R","M","E","?","R","E"],"items_purchased_type":["Relic","Potion"],"build_version":"2020-12-13","purchased_purges":0,"victory":false,"max_hp_per_floor":[70,70,70,70,70,70,70,70,80,80,87,87,87,87,87,87,92,92,92,92,92,92,92,92,92],"card_choices":[{"not_picked":["hexamod:NightmareStrike","hexamod:AdvancingGuard"],"picked":"hexamod:DynamicBlow","floor":2},{"not_picked":["hexamod:BacktrackSmack","hexamod:NightmareStrike"],"picked":"hexamod:SpectersWail","floor":3},{"not_picked":["hexamod:BacktrackSmack","hexamod:FastForward"],"picked":"hexamod:FourthSeal","floor":5},{"not_picked":["hexamod:NightmareStrike","hexamod:RainOfEmbers"],"picked":"hexamod:SwordOfDarkness","floor":6},{"not_picked":["hexamod:ThermalTransfer","hexamod:EmpoweredFlame"],"picked":"hexamod:InspiringFlames","floor":8},{"not_picked":["hexamod:ShieldOfDarkness","hexamod:AdvancingGuard"],"picked":"hexamod:BacktrackSmack","floor":10},{"not_picked":["hexamod:FourthSeal","hexamod:SwordOfDarkness"],"picked":"hexamod:WildfireWeapon","floor":11},{"not_picked":["hexamod:GhostOfSpirePresent","hexamod:SpectralAdrenaline"],"picked":"hexamod:SkipABeat","floor":12},{"not_picked":["hexamod:BurningTouch","hexamod:HeatMetal"],"picked":"hexamod:FirstSeal","floor":13},{"not_picked":["hexamod:FourthSeal","hexamod:BacktrackSmack"],"picked":"hexamod:HeatCrush","floor":14},{"not_picked":["hexamod:SpectersWail","hexamod:ThermalTransfer"],"picked":"hexamod:Haunt","floor":15},{"not_picked":["hexamod:CrushingStance","hexamod:FifthSeal"],"picked":"hexamod:SixthSeal","floor":16},{"not_picked":["hexamod:GhostLash","hexamod:Hexaguard"],"picked":"hexamod:NightmareGuise","floor":17},{"not_picked":["hexamod:FastForward","hexamod:FirstSeal"],"picked":"hexamod:NecessarySacrifice+1","floor":19},{"not_picked":["hexamod:InspiringFlames+1","hexamod:ChargedBarrage"],"picked":"hexamod:SpectralAdrenaline+1","floor":20}],"player_experience":25495,"relics_obtained":[{"floor":3,"key":"War Paint"},{"floor":6,"key":"Anchor"},{"floor":8,"key":"Letter Opener"},{"floor":10,"key":"Ice Cream"},{"floor":20,"key":"Molten Egg 2"}],"event_choices":[],"is_beta":false,"boss_relics":[{"not_picked":["Fusion Hammer","hexamod:IceCube"],"picked":"Tiny House"}],"items_purged_floors":[],"is_endless":false,"potions_floor_spawned":[6,8,12,14,15],"killed_by":"Slavers","ascension_level":0}}