{"host":"0lnx88jdgcrh6gmr","time":1608580983,"event":{"mods":["2.2 Compatiblity","AchievementEnabler","BaseMod","Beaked The Cultist","Better Note","Better Skull","Better Third Choice","Block Reminder","Colored Map","Displayed Cursed Tome","Glutton Mod","Googly Eyes","Hermit","Highlight Path","Minty Spire (QoL Compilation)","Rare Cards Sparkle","Relic Stats","Shade Mod","Spicy Shops","StSLib","The Construct","The Cursed","The Disciple","The Mystic","The Servant 0.9.4","Unceasing Turn Reminder","everything is the same but u backflip on backflip","slay the spire mod where everything is the same but ironclad has a cowboy hat"],"gold_per_floor":[119,119,219,21,39,39,71,87,87,103,118,118,41,61,61,162,162,174,174,99,110,121,121,131,131,157,157,173,184,27,43,43,148,148,167,21,21,39,39,39,39,39,64,64,74,88,102,102,102,102,102],"floor_reached":50,"playtime":2247,"items_purged":["Strike_B"],"score":471,"play_id":"54e547b5-c23e-4cdb-889f-56997fae1ce3","local_time":"20201221130303","is_ascension_mode":false,"campfire_choices":[{"data":"Streamline","floor":6.0,"key":"SMITH"},{"data":"Genetic Algorithm","floor":12.0,"key":"SMITH"},{"floor":15.0,"key":"RECALL"},{"data":"Glacier","floor":23.0,"key":"SMITH"},{"floor":25.0,"key":"REST"},{"floor":32.0,"key":"REST"},{"data":"Cold Snap","floor":40.0,"key":"SMITH"},{"data":"Conserve Battery","floor":42.0,"key":"SMITH"},{"floor":49,"key":"REST"}],"circlet_count":0,"master_deck":["Strike_B","Strike_B","Strike_B","Defend_B","Defend_B","Defend_B","Defend_B","Dualcast","Conserve Battery+1","Streamline+1","Cold Snap+1","Melter","Cold Snap","Genetic Algorithm+1","Barrage","Glacier+1","Gash","Machine Learning","BootSequence","Go for the Eyes","Backstab+1","Go for the Eyes","Core Surge","Sweeping Beam+1","Barrage","Compile Driver+1","Hello World+1","Beam Cell","Genetic Algorithm+1","BootSequence","Defragment+1","Cold Snap"],"relics":["Cracked Core","NeowsBlessing","Oddly Smooth Stone","Darkstone Periapt","Bottled Flame","beaked:SacredDeck","Boot","Vajra","Runic Capacitor"],"acts_visited":["Exordium","TheCity","TheBeyond"],"potions_floor_usage":[50,50,50],"damage_taken":[{"damage":0.0,"enemies":"2 Louse","floor":1.0,"turns":1.0},{"damage":0.0,"enemies":"Small Slimes","floor":5.0,"turns":1.0},{"damage":0.0,"enemies":"3 Sentries","floor":7.0,"turns":1.0},{"damage":0.0,"enemies":"Cultist","floor":8.0,"turns":3.0},{"damage":2.0,"enemies":"Blue Slaver","floor":10.0,"turns":3.0},{"damage":7.0,"enemies":"Exordium Thugs","floor":11.0,"turns":5.0},{"damage":1.0,"enemies":"Red Slaver","floor":14.0,"turns":4.0},{"damage":19.0,"enemies":"The Guardian","floor":16.0,"turns":16.0},{"damage":5.0,"enemies":"Spheric Guardian","floor":18.0,"turns":5.0},{"damage":4.0,"enemies":"Chosen","floor":21.0,"turns":6.0},{"damage":0.0,"enemies":"Centurion and Healer","floor":22.0,"turns":7.0},{"damage":11.0,"enemies":"Snake Plant","floor":24.0,"turns":6.0},{"damage":2.0,"enemies":"Snecko","floor":28.0,"turns":6.0},{"damage":4.0,"enemies":"Centurion and Healer","floor":29.0,"turns":6.0},{"damage":18.0,"enemies":"Snake Plant","floor":31.0,"turns":4.0},{"damage":78.0,"enemies":"Automaton","floor":33.0,"turns":16.0},{"damage":5.0,"enemies":"3 Shapes","floor":35.0,"turns":4.0},{"damage":2.0,"enemies":"Orb Walker","floor":38.0,"turns":4.0},{"damage":3,"enemies":"Sphere and 2 Shapes","floor":45,"turns":4},{"damage":19,"enemies":"Transient","floor":46,"turns":5},{"damage":19,"enemies":"3 Darklings","floor":47,"turns":9},{"damage":58,"enemies":"Awakened One","floor":50,"turns":5}],"seed_played":"5448492586301403135","potions_obtained":[{"floor":1.0,"key":"AttackPotion"},{"floor":10.0,"key":"Swift Potion"},{"floor":11.0,"key":"Dexterity Potion"},{"floor":14.0,"key":"DistilledChaos"},{"floor":33.0,"key":"SteroidPotion"},{"floor":35.0,"key":"ColorlessPotion"},{"floor":46,"key":"PowerPotion"}],"is_trial":false,"path_per_floor":["M","?","?","$","M","R","E","M","T","M","M","R","$","M","R","B",null,"M","?","$","M","M","R","M","R","T","?","M","M","$","M","R","B",null,"M","$","?","M","$","R","?","R","T","?","M","M","M","?","R","B"],"character_chosen":"DEFECT","items_purchased":["Oddly Smooth Stone","Streamline","Glacier","Vajra","Runic Capacitor"],"campfire_rested":3,"item_purchase_floors":[4,4,13,30,36],"current_hp_per_floor":[75,80,80,80,80,80,80,80,80,78,71,71,71,70,70,51,80,75,75,75,71,71,71,60,80,80,80,78,74,74,56,80,2,80,75,75,75,73,73,73,73,73,73,73,70,51,32,32,54,0,0],"gold":102,"neow_bonus":"THREE_ENEMY_KILL","is_daily":false,"chose_seed":false,"campfire_upgraded":5,"win_rate":0.0,"timestamp":1608580983,"path_taken":["M","?","?","$","M","R","E","M","T","?","M","R","$","M","R","BOSS","M","?","$","M","M","R","?","R","T","?","M","M","$","M","R","BOSS","M","$","?","M","$","R","?","R","T","?","M","M","?","?","R","BOSS"],"items_purchased_type":["Relic","Card","Card","Relic","Relic"],"build_version":"2020-12-13","purchased_purges":1,"victory":false,"max_hp_per_floor":[75,80,80,80,80,80,80,80,80,80,80,80,80,80,80,80,80,80,80,80,80,80,80,80,80,80,80,80,80,80,80,80,80,80,80,80,76,76,76,76,76,76,76,76,76,76,76,76,76,76,76],"relic_stats":{"Darkstone Periapt":0,"counters":[22,121],"Boot":[63],"obtain_stats":[{"Darkstone Periapt":7,"Bottled Flame":9,"NeowsBlessing":0,"Oddly Smooth Stone":4,"beaked:SacredDeck":17,"Vajra":30,"Runic Capacitor":36,"Cracked Core":0,"Boot":26},{"Darkstone Periapt":3,"Bottled Flame":4,"NeowsBlessing":0,"Oddly Smooth Stone":1,"beaked:SacredDeck":8,"Vajra":14,"Runic Capacitor":17,"Cracked Core":0,"Boot":12},{"Darkstone Periapt":3,"Bottled Flame":6,"NeowsBlessing":0,"Oddly Smooth Stone":1,"beaked:SacredDeck":34,"Vajra":70,"Runic Capacitor":94,"Cracked Core":0,"Boot":58}]},"card_choices":[{"not_picked":["Reprogram","Hologram"],"picked":"Conserve Battery","floor":1.0},{"not_picked":["Recycle","Streamline"],"picked":"Cold Snap","floor":5.0},{"not_picked":["Auto Shields","Hello World"],"picked":"Melter","floor":7.0},{"not_picked":["Steam","Sweeping Beam"],"picked":"Cold Snap","floor":8.0},{"not_picked":["Sweeping Beam","Streamline"],"picked":"Genetic Algorithm","floor":10.0},{"not_picked":["Stack","Go for the Eyes"],"picked":"Barrage","floor":11.0},{"not_picked":["Genetic Algorithm","Sunder"],"picked":"Gash","floor":14.0},{"not_picked":["Reboot","Amplify"],"picked":"Machine Learning","floor":16.0},{"not_picked":["Redo","Streamline"],"picked":"Go for the Eyes","floor":18.0},{"not_picked":["Chaos","Genetic Algorithm","Streamline"],"picked":"SKIP","floor":21.0},{"not_picked":["Rebound","Streamline"],"picked":"Go for the Eyes","floor":22.0},{"not_picked":["Storm","Recycle"],"picked":"Core Surge","floor":24.0},{"not_picked":["Turbo","Compile Driver"],"picked":"Sweeping Beam+1","floor":28.0},{"not_picked":["Biased Cognition","Streamline"],"picked":"Barrage","floor":29.0},{"not_picked":["Steam Power+1","Tempest"],"picked":"Compile Driver+1","floor":31.0},{"not_picked":["Go for the Eyes","Genetic Algorithm"],"picked":"Hello World+1","floor":35.0},{"not_picked":["Double Energy","Capacitor+1"],"picked":"Beam Cell","floor":38.0},{"not_picked":["Conserve Battery","Recycle+1"],"picked":"BootSequence","floor":45},{"not_picked":["Hello World+1","Sweeping Beam"],"picked":"Defragment","floor":46},{"not_picked":["Defragment","Stack+1"],"picked":"Cold Snap","floor":47}],"player_experience":201240,"relics_obtained":[{"floor":7.0,"key":"Darkstone Periapt"},{"floor":9.0,"key":"Bottled Flame"},{"floor":26.0,"key":"Boot"}],"event_choices":[{"damage_healed":0.0,"max_hp_gain":5.0,"max_hp_loss":0.0,"gold_gain":0.0,"event_name":"Big Fish","player_choice":"Donut","floor":2.0,"gold_loss":0.0,"damage_taken":0.0},{"damage_healed":0.0,"max_hp_gain":0.0,"max_hp_loss":0.0,"gold_gain":100.0,"event_name":"Wheel of Change","player_choice":"Gold","floor":3.0,"gold_loss":0.0,"damage_taken":0.0},{"cards_removed":["BootSequence"],"damage_healed":0.0,"max_hp_gain":0.0,"max_hp_loss":0.0,"gold_gain":0.0,"event_name":"betterNote:BetterNote","player_choice":"Take \u0026 Give","floor":19.0,"gold_loss":0.0,"damage_taken":0.0,"cards_obtained":["Backstab"]},{"cards_removed":["Zap"],"damage_healed":0.0,"max_hp_gain":0.0,"max_hp_loss":0.0,"gold_gain":0.0,"event_name":"betterThird:BetterWriting","player_choice":"Elegance","floor":27.0,"gold_loss":0.0,"damage_taken":0.0},{"damage_healed":0.0,"max_hp_gain":0.0,"max_hp_loss":4.0,"gold_gain":0.0,"event_name":"Winding Halls","player_choice":"Max HP","floor":37.0,"gold_loss":0.0,"damage_taken":0.0},{"damage_healed":0.0,"max_hp_gain":0.0,"max_hp_loss":0.0,"gold_gain":0.0,"event_name":"Mysterious Sphere","player_choice":"Ignored","floor":41.0,"gold_loss":0.0,"damage_taken":0.0},{"damage_healed":0,"gold_gain":0,"player_choice":"Copied","damage_taken":0,"max_hp_gain":0,"max_hp_loss":0,"event_name":"Duplicator","floor":44,"gold_loss":0,"cards_obtained":["Genetic Algorithm"]},{"damage_healed":0,"gold_gain":0,"player_choice":"Forge","damage_taken":0,"max_hp_gain":0,"max_hp_loss":0,"event_name":"Accursed Blacksmith","floor":48,"gold_loss":0,"cards_upgraded":["Defragment"]}],"is_beta":false,"boss_relics":[{"not_picked":["Philosopher\u0027s Stone","construct:ClawGrip"],"picked":"beaked:SacredDeck"},{"not_picked":["Calling Bell","Pandora\u0027s Box","Coffee Dripper"]}],"items_purged_floors":[20],"is_endless":false,"potions_floor_spawned":[1,10,11,14,21,28,33,35,46],"killed_by":"Awakened One","ascension_level":0}}