{"host":"y76x98twjnyyxs83","time":1608593322,"event":{"mods":["BaseMod","Colored Powertips","Minty Spire (QoL Compilation)","Permanent Neow","Quick Restart","Rare Cards Sparkle","Relic Stats","StSLib"],"gold_per_floor":[114,128,147,164,164,196,196,196,196,206,206,236,253,279,279,279,279],"floor_reached":16,"playtime":553,"items_purged":[],"score":344,"play_id":"e0a26377-8606-4636-b99a-931483868b1b","local_time":"20201222072842","is_ascension_mode":true,"campfire_choices":[{"data":"BowlingBash","floor":7,"key":"SMITH"},{"data":"CutThroughFate","floor":11,"key":"SMITH"},{"data":"Meditate","floor":15,"key":"SMITH"}],"circlet_count":0,"master_deck":["AscendersBane","Strike_P","Strike_P","Strike_P","Strike_P","Defend_P","Defend_P","Defend_P","Defend_P","Eruption","Vigilance","BowlingBash+1","Meditate+1","CutThroughFate+1","Tantrum"],"relics":["Snecko Eye","PreservedInsect","Mercury Hourglass","Pear","Bag of Preparation"],"acts_visited":["Exordium"],"potions_floor_usage":[16],"damage_taken":[{"damage":4,"enemies":"Small Slimes","floor":1,"turns":2},{"damage":0,"enemies":"Cultist","floor":2,"turns":3},{"damage":0,"enemies":"2 Louse","floor":3,"turns":2},{"damage":16,"enemies":"Lots of Slimes","floor":4,"turns":4},{"damage":10,"enemies":"3 Sentries","floor":6,"turns":9},{"damage":7,"enemies":"Gremlin Gang","floor":10,"turns":3},{"damage":0,"enemies":"Gremlin Nob","floor":12,"turns":2},{"damage":1,"enemies":"Looter","floor":13,"turns":2},{"damage":0,"enemies":"3 Sentries","floor":14,"turns":1},{"damage":33,"enemies":"Slime Boss","floor":16,"turns":6}],"seed_played":"7000270910832372396","potions_obtained":[{"floor":4,"key":"PowerPotion"},{"floor":8,"key":"FearPotion"}],"is_trial":false,"path_per_floor":["M","M","M","M","?","E","R","?","T","M","R","E","M","E","R","B"],"character_chosen":"WATCHER","items_purchased":[],"campfire_rested":0,"item_purchase_floors":[],"current_hp_per_floor":[57,57,57,41,41,31,31,31,31,24,24,34,33,33,33,0,0],"gold":279,"neow_bonus":"BOSS_RELIC","is_daily":false,"chose_seed":false,"campfire_upgraded":3,"win_rate":0.0,"timestamp":1608593322,"path_taken":["M","M","M","M","?","E","R","?","T","M","R","E","M","E","R","BOSS"],"items_purchased_type":[],"build_version":"2020-12-13","purchased_purges":0,"victory":false,"max_hp_per_floor":[68,68,68,68,68,68,68,68,68,68,68,78,78,78,78,78,78],"relic_stats":{"counters":[10,34],"Snecko Eye":[46,55,56,59],"PreservedInsect":54,"Bag of Preparation":[2],"obtain_stats":[{"Pear":12,"Snecko Eye":0,"PreservedInsect":6,"Bag of Preparation":14,"PureWater":0,"Mercury Hourglass":9},{"Pear":7,"Snecko Eye":0,"PreservedInsect":5,"Bag of Preparation":9,"PureWater":0,"Mercury Hourglass":5},{"Pear":25,"Snecko Eye":0,"PreservedInsect":20,"Bag of Preparation":28,"PureWater":0,"Mercury Hourglass":20}],"Mercury Hourglass":[72]},"card_choices":[{"not_picked":["PathToVictory","FlyingSleeves","ClearTheMind"],"picked":"SKIP","floor":1},{"not_picked":["JustLucky","SashWhip"],"picked":"BowlingBash","floor":2},{"not_picked":["DeusExMachina","Halt","BowlingBash"],"picked":"SKIP","floor":3},{"not_picked":["ThirdEye","FollowUp"],"picked":"Meditate","floor":4},{"not_picked":["Study","WreathOfFlame"],"picked":"CutThroughFate","floor":6},{"not_picked":["ForeignInfluence","WreathOfFlame"],"picked":"Tantrum","floor":10},{"not_picked":["SashWhip","Collect","CrushJoints"],"picked":"SKIP","floor":12},{"not_picked":["Crescendo","Consecrate","Weave"],"picked":"SKIP","floor":13},{"not_picked":["FlurryOfBlows","EmptyBody","FlyingSleeves"],"picked":"SKIP","floor":14}],"player_experience":1102041,"relics_obtained":[{"floor":6,"key":"PreservedInsect"},{"floor":9,"key":"Mercury Hourglass"},{"floor":12,"key":"Pear"},{"floor":14,"key":"Bag of Preparation"}],"event_choices":[{"damage_healed":0,"gold_gain":0,"player_choice":"Ignored","damage_taken":0,"max_hp_gain":0,"max_hp_loss":0,"event_name":"Liars Game","floor":5,"gold_loss":0},{"damage_healed":0,"gold_gain":0,"player_choice":"Got Potions","damage_taken":0,"max_hp_gain":0,"max_hp_loss":0,"event_name":"Lab","floor":8,"gold_loss":0}],"is_beta":false,"boss_relics":[],"items_purged_floors":[],"is_endless":false,"potions_floor_spawned":[4,12],"killed_by":"Slime Boss","ascension_level":20}}