{"host":"cjmwurvrz00ml9vd","time":1608581258,"event":{"mods":["2.2 Compatiblity","AchievementEnabler","Act Like it!","Aspiration","BaseMod","Beaked The Cultist","Better Third Choice","BetterRewards","Colored Powertips","Conspire","Downfall","Energized Spire","Marisa????????","Marked Mod","Minty Spire (QoL Compilation)","Replay The Spire","Say the Spire","StSLib","The Blackbeard","The Cursed","The Disciple","The Hierophant","The Jungle","The Necromancer","The Servant 0.9.4","TheFirefly","vexMod"],"gold_per_floor":[116,96,111,76,88,115,115,146,222,222,232,332,332,351,351,455,455,469,481,311,311,311,340,353,353,380,380,396,321,334,351,351,351,351],"floor_reached":33,"playtime":924,"items_purged":[],"score":509,"play_id":"13beeb03-0696-42f4-a530-993f0a70076b","local_time":"20201221210738","is_ascension_mode":true,"campfire_choices":[{"data":"Zap","floor":7,"key":"SMITH"},{"floor":13,"key":"REST"},{"data":"Gash","floor":15,"key":"SMITH"},{"floor":25,"key":"REST"},{"floor":27,"key":"REST"},{"floor":32,"key":"REST"}],"circlet_count":0,"master_deck":["Strike_B","Strike_B","Strike_B","Defend_B","Defend_B","Defend_B","Defend_B","Zap+1","Dualcast","Gash","Scrape","Scrape","FTL","Beam Cell","Gash+1","Pot Of Greed","Pot Of Greed","Electrodynamics","Panache","Streamline+1","Machine Learning","Sickly"],"relics":["Cracked Core","Replay:Wax Seal","vexMod:BarristanHead","Grinning Jar","Replay:Bottled Flurry","Cursed Key","MutagenicStrength","Solar Panel","aspiration:EnhancedActuators"],"acts_visited":["Exordium","TheCity"],"potions_floor_usage":[6,11,14,16,16,30,33,33],"damage_taken":[{"damage":0,"enemies":"Small Slimes","floor":1,"turns":3},{"damage":0,"enemies":"Cultist","floor":3,"turns":2},{"damage":6,"enemies":"2 Louse","floor":5,"turns":2},{"damage":15,"enemies":"Lagavulin","floor":6,"turns":4},{"damage":20,"enemies":"3 Sentries","floor":8,"turns":5},{"damage":0,"enemies":"Lots of Slimes","floor":11,"turns":2},{"damage":5,"enemies":"Gremlin Gang","floor":14,"turns":2},{"damage":22,"enemies":"The Guardian","floor":16,"turns":6},{"damage":22,"enemies":"2 Thieves","floor":18,"turns":2},{"damage":2,"enemies":"Chosen","floor":19,"turns":3},{"damage":3,"enemies":"conspire:Head Lice","floor":23,"turns":3},{"damage":15,"enemies":"Snake Plant","floor":24,"turns":3},{"damage":21,"enemies":"Centurion and Healer","floor":28,"turns":3},{"damage":6,"enemies":"Sentry and Sphere","floor":30,"turns":3},{"damage":10,"enemies":"Snecko","floor":31,"turns":3},{"damage":71,"enemies":"conspire:MysteriousRune","floor":33,"turns":4}],"seed_played":"-2815773692010451022","potions_obtained":[{"floor":2,"key":"Block Potion"},{"floor":3,"key":"BlessingOfTheForge"},{"floor":6,"key":"Adrenaline Potion"},{"floor":8,"key":"SteroidPotion"},{"floor":11,"key":"Dexterity Potion"},{"floor":18,"key":"Reflective Coating"},{"floor":28,"key":"Swift Potion"},{"floor":30,"key":"FearPotion"},{"floor":31,"key":"FearPotion"}],"is_trial":false,"path_per_floor":["M","?","M","?","M","E","R","E","T","$","M","?","R","M","R","B",null,"M","M","$","?","?","E","M","R","T","R","M","?","M","M","R","B"],"character_chosen":"DEFECT","items_purchased":["Gash","Scrape","Replay:Wax Seal","FTL","Panache"],"campfire_rested":4,"item_purchase_floors":[0,0,0,0,20],"current_hp_per_floor":[49,49,49,67,61,46,46,26,26,26,26,26,48,43,43,21,62,40,38,38,24,24,21,10,34,34,58,41,41,41,35,59,0,0],"gold":351,"neow_bonus":"","is_daily":false,"chose_seed":false,"campfire_upgraded":2,"win_rate":0.0,"timestamp":1608581258,"path_taken":["M","?","?","?","M","E","R","E","T","$","M","?","R","?","R","BOSS","M","?","?","?","?","E","M","R","T","R","M","?","M","M","R","BOSS"],"items_purchased_type":["Card","Card","Relic","Card","Card"],"build_version":"2020-12-13","purchased_purges":0,"victory":false,"max_hp_per_floor":[75,75,75,75,75,75,75,75,75,75,75,75,75,75,75,75,75,75,75,75,80,80,80,80,80,80,80,80,80,80,80,80,80,80],"card_choices":[{"not_picked":["Sweeping Beam","Loop","ReplayTheSpireMod:Reroute Power"],"picked":"SKIP","floor":1},{"not_picked":["Cold Snap","aspiration:Polymerization","Rebound"],"picked":"SKIP","floor":3},{"not_picked":["Stack","BootSequence"],"picked":"Beam Cell","floor":5},{"not_picked":["Static Discharge","ReplayTheSpireMod:Reroute Power"],"picked":"Gash","floor":6},{"not_picked":["Sweeping Beam","Lockon","Stack"],"picked":"SKIP","floor":8},{"not_picked":["Rip and Tear","Go for the Eyes","BasicCrystalCard"],"picked":"SKIP","floor":11},{"not_picked":["Fusion","Storm","Melter"],"picked":"SKIP","floor":14},{"not_picked":["ReplayRNGCard","Rainbow"],"picked":"Electrodynamics","floor":16},{"not_picked":["Stack","Recycle","Steam+1"],"picked":"SKIP","floor":18},{"not_picked":["Go for the Eyes+1","Barrage+1","ReplayTheSpireMod:Dual Polarity"],"picked":"SKIP","floor":19},{"not_picked":["BootSequence","Beam Cell"],"picked":"Streamline+1","floor":23},{"not_picked":["Panic Button","ReplayTheSpireMod:Reroute Power"],"picked":"Machine Learning","floor":24},{"not_picked":["Time Bomb+1","Compile Driver","Sweeping Beam"],"picked":"SKIP","floor":28},{"not_picked":["Reinforced Body+1","Coolheaded","Doom and Gloom"],"picked":"SKIP","floor":30},{"not_picked":["Streamline","Stack","Conserve Battery"],"picked":"SKIP","floor":31}],"player_experience":621319,"relics_obtained":[{"floor":6,"key":"vexMod:BarristanHead"},{"floor":8,"key":"Grinning Jar"},{"floor":9,"key":"Replay:Bottled Flurry"},{"floor":23,"key":"Solar Panel"},{"floor":26,"key":"aspiration:EnhancedActuators"}],"event_choices":[{"damage_healed":0,"gold_gain":0,"player_choice":"Bought 1 Potion","damage_taken":0,"max_hp_gain":0,"max_hp_loss":0,"event_name":"The Woman in Blue","floor":2,"gold_loss":0},{"damage_healed":18,"gold_gain":0,"player_choice":"Healed","damage_taken":0,"max_hp_gain":0,"max_hp_loss":0,"event_name":"The Cleric","floor":4,"gold_loss":35},{"damage_healed":0,"gold_gain":100,"player_choice":"Pray","damage_taken":0,"max_hp_gain":0,"max_hp_loss":0,"event_name":"Golden Shrine","floor":12,"gold_loss":0},{"damage_healed":0,"gold_gain":0,"player_choice":"Shed Blood","damage_taken":19,"max_hp_gain":5,"max_hp_loss":0,"event_name":"Forgotten Altar","floor":21,"gold_loss":0},{"damage_healed":0,"gold_gain":0,"player_choice":"Inject Mutagens","damage_taken":0,"relics_obtained":["MutagenicStrength"],"max_hp_gain":0,"max_hp_loss":0,"event_name":"Drug Dealer","floor":22,"gold_loss":0},{"cards_removed":["Strike_B"],"damage_healed":0,"gold_gain":0,"player_choice":"Gave Gold","damage_taken":0,"max_hp_gain":0,"max_hp_loss":0,"event_name":"Beggar","floor":29,"gold_loss":75}],"is_beta":false,"boss_relics":[{"not_picked":["Honey Jar","aspiration:ServantSkillbook"],"picked":"Cursed Key"}],"items_purged_floors":[],"is_endless":false,"potions_floor_spawned":[3,6,8,11,18,28,30,31],"killed_by":"conspire:MysteriousRune","ascension_level":7}}