{"host":"27cnk69rbdk9vsnt","time":1608566602,"event":{"mods":["BaseMod","CatGirl Mod","Ekko","Energized Spire","JesterMod","Mimic Mod","Minty Spire (QoL Compilation)","Shade Mod","Shop Mod","StSLib","The Spell Scribe","Thieving Mod"],"gold_per_floor":[119,119,119,194,119,119,138,164,164,192,92,112,112,127,127,228,228,248,248,248,35,47,47,47,73,96,21,21,41,68,79,79,180,180,209,209,226,63,79,114,114,114],"floor_reached":41,"playtime":2182,"items_purged":["jesterMod:Defend","Doubt","jesterMod:Defend","Normality","jesterMod:Strike"],"score":542,"play_id":"753517af-5310-4416-827f-4e6aeb220c7f","local_time":"20201221170322","is_ascension_mode":true,"campfire_choices":[{"data":"jesterMod:Sickle","floor":6,"key":"SMITH"},{"floor":13,"key":"REST"},{"data":"jesterMod:Unleash","floor":15,"key":"SMITH"},{"data":"jesterMod:Unleash","floor":23,"key":"SMITH"},{"data":"jesterMod:BouncingKnife","floor":32,"key":"SMITH"}],"circlet_count":0,"master_deck":["jesterMod:Strike","jesterMod:Strike","jesterMod:Sickle+1","jesterMod:Defend","jesterMod:Defend+1","jesterMod:Dodge+1","jesterMod:LightTheWick","jesterMod:Unleash+1","jesterMod:Unleash+1","jesterMod:Prankster","jesterMod:Prankster","jesterMod:Haste","jesterMod:Overthink+1","jesterMod:Swiftness+1","jesterMod:Procrastination","jesterMod:BouncingKnife+1","jesterMod:Prankster+1","jesterMod:Procrastination+1","jesterMod:ButterflyDance","jesterMod:LightTheWick+1","jesterMod:OblivionStrike+1","jesterMod:JugglerBlade+1","jesterMod:Disposophobia+1"],"relics":["Cursed Key","Sling","Dead Branch","Mercury Hourglass","Mango","jesterMod:LoadedDice","Membership Card","Shuriken","Toy Ornithopter","Anchor","Blood Vial","energizedSpire:MagnifyingGlass","Medical Kit","Akabeko","Ancient Tea Set"],"acts_visited":["Exordium","TheCity","TheBeyond"],"potions_floor_usage":[10,10,25,25,31,40],"damage_taken":[{"damage":0,"enemies":"Small Slimes","floor":1,"turns":4},{"damage":0,"enemies":"2 Louse","floor":7,"turns":3},{"damage":29,"enemies":"3 Sentries","floor":8,"turns":9},{"damage":7,"enemies":"Gremlin Nob","floor":10,"turns":3},{"damage":11,"enemies":"Jaw Worm","floor":12,"turns":3},{"damage":7,"enemies":"Blue Slaver","floor":14,"turns":3},{"damage":19,"enemies":"Slime Boss","floor":16,"turns":7},{"damage":2,"enemies":"Chosen","floor":18,"turns":3},{"damage":0,"enemies":"Shell Parasite","floor":22,"turns":4},{"damage":13,"enemies":"Slavers","floor":25,"turns":2},{"damage":10,"enemies":"Snecko","floor":29,"turns":3},{"damage":3,"enemies":"Book of Stabbing","floor":30,"turns":3},{"damage":4,"enemies":"Snake Plant","floor":31,"turns":3},{"damage":40,"enemies":"Champ","floor":33,"turns":7},{"damage":1,"enemies":"Orb Walker","floor":35,"turns":3},{"damage":27,"enemies":"3 Darklings","floor":37,"turns":3},{"damage":41,"enemies":"4 Shapes","floor":39,"turns":3},{"damage":0,"enemies":"Reptomancer","floor":40,"turns":3},{"damage":38,"enemies":"Jaw Worm Horde","floor":41,"turns":2}],"seed_played":"-2189467099308501693","potions_obtained":[{"floor":1,"key":"LiquidMemories"},{"floor":8,"key":"LiquidMemories"},{"floor":12,"key":"CultistPotion"},{"floor":16,"key":"Regen Potion"},{"floor":22,"key":"SneckoOil"},{"floor":29,"key":"AttackPotion"},{"floor":30,"key":"FearPotion"},{"floor":33,"key":"FearPotion"},{"floor":35,"key":"DistilledChaos"},{"floor":39,"key":"PowerPotion"}],"is_trial":false,"path_per_floor":["M","?","?","?","$","R","M","E","T","E","$","M","R","M","R","B",null,"M","?","?","$","M","R","?","E","T","$","$","M","E","M","R","B",null,"M","?","M","$","M","E","M"],"character_chosen":"THE_JESTER","items_purchased":["Membership Card","Medical Kit"],"campfire_rested":1,"item_purchase_floors":[21,38],"current_hp_per_floor":[70,70,56,45,45,45,45,16,16,23,23,12,37,30,30,11,84,82,66,66,66,66,66,66,58,58,58,58,48,45,48,48,10,89,88,88,62,62,23,30,0,0],"gold":114,"neow_bonus":"BOSS_RELIC","is_daily":false,"chose_seed":false,"campfire_upgraded":4,"win_rate":0.0,"timestamp":1608566602,"path_taken":["M","?","?","?","?","R","?","E","T","E","$","M","R","M","R","BOSS","M","?","?","?","?","R","?","E","T","?","$","?","E","M","R","BOSS","M","?","M","$","M","E","?"],"items_purchased_type":["Relic","Relic"],"build_version":"2020-12-13","purchased_purges":5,"victory":false,"max_hp_per_floor":[70,70,70,70,70,70,70,70,70,84,84,84,84,84,84,84,84,84,89,89,89,89,89,89,89,89,89,89,89,89,89,89,89,89,89,89,89,89,89,89,89,89],"card_choices":[{"not_picked":["jesterMod:DesperateStrike","jesterMod:SelfMockery"],"picked":"jesterMod:LightTheWick","floor":1},{"not_picked":["jesterMod:Disposophobia","jesterMod:Hide"],"picked":"jesterMod:Unleash","floor":7},{"not_picked":["jesterMod:DancingMad","jesterMod:Haste"],"picked":"jesterMod:Unleash","floor":8},{"not_picked":["jesterMod:SelfMockery","jesterMod:DancingMad"],"picked":"jesterMod:Prankster","floor":10},{"not_picked":["jesterMod:Frenzy","jesterMod:Contradiction"],"picked":"jesterMod:Prankster","floor":12},{"not_picked":["jesterMod:FlameDance","jesterMod:ButterKnife"],"picked":"jesterMod:Haste","floor":14},{"not_picked":["jesterMod:BoilDown","jesterMod:ExperimentalTreatment"],"picked":"jesterMod:Overthink","floor":16},{"not_picked":["jesterMod:Contradiction","jesterMod:TrickyDodge","jesterMod:HitAndRun"],"picked":"SKIP","floor":18},{"not_picked":["jesterMod:SelfMockery","jesterMod:Arrythmia"],"picked":"jesterMod:Swiftness+1","floor":22},{"not_picked":["jesterMod:Haste","jesterMod:Tinker"],"picked":"jesterMod:Procrastination","floor":25},{"not_picked":["jesterMod:Haste","jesterMod:Twirl"],"picked":"jesterMod:BouncingKnife","floor":29},{"not_picked":["jesterMod:Finale","jesterMod:Talion"],"picked":"jesterMod:Prankster+1","floor":30},{"not_picked":["jesterMod:Rebuff","jesterMod:ButterKnife"],"picked":"jesterMod:Procrastination+1","floor":31},{"not_picked":["jesterMod:Finale","jesterMod:Frustration"],"picked":"jesterMod:ButterflyDance","floor":33},{"not_picked":["jesterMod:Frenzy","jesterMod:Illness"],"picked":"jesterMod:LightTheWick+1","floor":35},{"not_picked":["jesterMod:Taunt","jesterMod:DancingMad"],"picked":"jesterMod:OblivionStrike+1","floor":37},{"not_picked":["jesterMod:ButterKnife","jesterMod:Anticipation"],"picked":"jesterMod:JugglerBlade+1","floor":39},{"not_picked":["jesterMod:Illness","jesterMod:RecklessStrike"],"picked":"jesterMod:Disposophobia+1","floor":40}],"player_experience":498185,"relics_obtained":[{"floor":8,"key":"Dead Branch"},{"floor":9,"key":"Mercury Hourglass"},{"floor":10,"key":"Mango"},{"floor":25,"key":"Shuriken"},{"floor":26,"key":"Toy Ornithopter"},{"floor":30,"key":"Blood Vial"},{"floor":40,"key":"Ancient Tea Set"}],"event_choices":[{"cards_removed":["jesterMod:Strike"],"damage_healed":0,"gold_gain":0,"player_choice":"Forget","damage_taken":0,"max_hp_gain":0,"max_hp_loss":0,"event_name":"Living Wall","floor":2,"gold_loss":0},{"damage_healed":0,"gold_gain":0,"player_choice":"Entered Light","damage_taken":14,"max_hp_gain":0,"max_hp_loss":0,"event_name":"Shining Light","floor":3,"gold_loss":0,"cards_upgraded":["jesterMod:Dodge","jesterMod:Defend"]},{"damage_healed":0,"gold_gain":75,"player_choice":"Gather Gold","damage_taken":11,"max_hp_gain":0,"max_hp_loss":0,"event_name":"World of Goop","floor":4,"gold_loss":0},{"damage_healed":0,"gold_gain":0,"player_choice":"Shed Blood","damage_taken":21,"max_hp_gain":5,"max_hp_loss":0,"event_name":"Forgotten Altar","floor":19,"gold_loss":0},{"damage_healed":0,"gold_gain":0,"player_choice":"Ignored","damage_taken":0,"max_hp_gain":0,"max_hp_loss":0,"event_name":"Vampires","floor":20,"gold_loss":0},{"damage_healed":0,"gold_gain":0,"player_choice":"Forge","damage_taken":0,"max_hp_gain":0,"max_hp_loss":0,"event_name":"Accursed Blacksmith","floor":24,"gold_loss":0,"cards_upgraded":["jesterMod:Overthink"]},{"damage_healed":0,"gold_gain":0,"player_choice":"Bought 0 Potions","damage_taken":0,"max_hp_gain":0,"max_hp_loss":0,"event_name":"The Woman in Blue","floor":36,"gold_loss":0}],"is_beta":false,"boss_relics":[{"not_picked":["Calling Bell","Pandora\u0027s Box"],"picked":"jesterMod:LoadedDice"},{"not_picked":["SlaversCollar","SacredBark"],"picked":"energizedSpire:MagnifyingGlass"}],"items_purged_floors":[5,11,21,27,38],"is_endless":false,"potions_floor_spawned":[1,8,12,16,22,29,30,33,35,39],"killed_by":"Jaw Worm Horde","ascension_level":1}}