{"host":"1t0goru2vbnnqaq4","time":1608593614,"event":{"mods":["2.2 Compatiblity","Act Like it!","Alarm Clock","BaseMod","Better Altar","Better Match","Better Note","Better Sensory Stone","Better Skull","Better Vampires","BetterRewards","Disable Question Mark Monsters","Downfall","Marked Mod","Mimic Mod","Minty Spire (QoL Compilation)","Rare Cards Sparkle","Replay The Spire","Spicy Shops","StSLib","Wandering Minibosses"],"gold_per_floor":[99,116,116,127,127,141,190,221,146,72,132,132,132,171,210,295,295,295],"floor_reached":16,"playtime":1652,"items_purged":[],"score":102,"play_id":"dafe869a-b817-4eda-b5b3-abb8f7ed9496","local_time":"20201221183334","is_ascension_mode":false,"campfire_choices":[{"floor":1,"key":"RECALL"},{"floor":9,"key":"REST"},{"floor":12,"key":"REST"}],"circlet_count":0,"master_deck":["Guardian:Strike_Guardian","Guardian:Strike_Guardian+1","Guardian:Strike_Guardian+1","Guardian:Defend_Guardian","Guardian:Defend_Guardian","Guardian:Defend_Guardian","Guardian:CurlUp","Guardian:TwinSlam","Guardian:TimeSifter","Guardian:BronzeArmor","Guardian:TimeCapacitor","Guardian:Gem_Green","Guardian:TimeCapacitor","Guardian:Planning","Shame","Guardian:SpikerProtocol","Replay:GuardianCast","Guardian:Suspension","Guardian:EvasiveProtocol"],"relics":["Replay:PocketPolymizer","Guardian:PickAxe","Whetstone","Replay:Accelerometer","downfall:HeartBlessingRed","Replay:Bandana","Cracked Core"],"acts_visited":["Exordium"],"potions_floor_usage":[6,8,10,16],"damage_taken":[{"damage":0,"enemies":"Small Slimes","floor":2,"turns":3},{"damage":0,"enemies":"2 Louse","floor":4,"turns":2},{"damage":11,"enemies":"Jaw Worm","floor":6,"turns":5},{"damage":27,"enemies":"Lagavulin","floor":8,"turns":12},{"damage":2,"enemies":"downfall:FleeingMerchant","floor":10,"turns":4},{"damage":5,"enemies":"Exordium Wildlife","floor":11,"turns":5},{"damage":9,"enemies":"2 Fungi Beasts","floor":14,"turns":3},{"damage":11,"enemies":"Blue Slaver","floor":15,"turns":4},{"damage":49,"enemies":"downfall:Defect","floor":16,"turns":8}],"seed_played":"-3938076259245619633","potions_obtained":[{"floor":2,"key":"Fruit Juice"},{"floor":6,"key":"Reflective Coating"},{"floor":8,"key":"hexamod:EctoCoolerPotion"},{"floor":14,"key":"Elixir"}],"is_trial":false,"path_per_floor":["R","M","?","M","?","M","T","E","R","$","M","R","?","M","M","B"],"character_chosen":"GUARDIAN","items_purchased":["Replay:Bandana"],"campfire_rested":2,"item_purchase_floors":[10],"current_hp_per_floor":[56,56,56,56,44,38,38,11,36,34,29,54,54,45,34,0,0,0],"gold":295,"neow_bonus":"ONE_RARE_RELIC","is_daily":false,"chose_seed":false,"campfire_upgraded":0,"win_rate":0.0,"timestamp":1608593614,"path_taken":["R","M","?","M","?","M","T","E","R","$","M","R","?","M","M","BOSS"],"items_purchased_type":["Relic"],"build_version":"2020-12-13","purchased_purges":0,"victory":false,"max_hp_per_floor":[80,80,80,80,80,85,85,85,85,85,85,85,85,85,85,85,85,85],"card_choices":[{"not_picked":["Guardian:Preprogram","Guardian:TemporalStrike"],"picked":"Guardian:BronzeArmor","floor":2},{"not_picked":["Guardian:CrystalBeam","Guardian:ChargeCore"],"picked":"Guardian:TimeCapacitor","floor":4},{"not_picked":["Guardian:Gem_Red","Guardian:Suspension"],"picked":"Guardian:TimeCapacitor","floor":6},{"not_picked":["Guardian:RefractedBeam","Guardian:ChargeUp"],"picked":"Guardian:Planning","floor":8},{"not_picked":["Guardian:SentryBeam","Guardian:BronzeArmor"],"picked":"Guardian:Gem_Red","floor":10},{"not_picked":["Guardian:Gem_Red","Guardian:Gem_Lightblue"],"picked":"Guardian:SpikerProtocol","floor":11},{"not_picked":["Guardian:ShieldCharger","Guardian:TemporalShield"],"picked":"Guardian:Suspension","floor":14},{"not_picked":["Guardian:TemporalShield","Guardian:Harden"],"picked":"Guardian:EvasiveProtocol","floor":15}],"player_experience":700818,"relics_obtained":[{"floor":7,"key":"Whetstone"},{"floor":8,"key":"Replay:Accelerometer"}],"event_choices":[],"is_beta":false,"boss_relics":[],"items_purged_floors":[],"is_endless":false,"potions_floor_spawned":[2,6,8,14],"killed_by":"downfall:Defect","ascension_level":0}}