{"host":"3j2m8n0ywf988fwb","time":1608515621,"event":{"mods":["2.2 Compatiblity","Act Like it!","Aspiration","BaseMod","Beaked The Cultist","Better Altar","Better Match","Better Note","Better Sensory Stone","Better Skull","Better Third Choice","CCEM","Colored Map","Colored Powertips","Conspire","Energized Spire","GifTheSpireLib","Googly Eyes","Halation","Hallownest","Highlight Path","Hubris","Infinite Spire","Jedi Mod","Marisa????????","Marked Mod","Mimic Mod","Minty Spire (QoL Compilation)","Random Character Button","Relic Stats","Replay The Spire","Robot Space Explorer","Shop Mod","Somnambulant","StSLib","Stuff the Spire","The Bug Knight","The Hierophant","The Marked","The Runesmith","TheFirefly","Unceasing Turn Reminder","everything is the same but u backflip on backflip"],"gold_per_floor":[113,113,113,124,139,139,164,114,114,128,138,138,138,148,148,247,247,258,258,258,278,293,319,354,367,439,439,439],"floor_reached":27,"playtime":1581,"items_purged":[],"score":286,"play_id":"c1ebd864-569d-4a23-a3e1-5d77e19cbc00","local_time":"20201220195341","is_ascension_mode":false,"campfire_choices":[{"data":"theMarked:SoldierOfQuellstein","floor":6.0,"key":"SMITH"},{"data":"theMarked:EmpowerWeapon","floor":13.0,"key":"SMITH"},{"floor":15.0,"key":"REST"}],"circlet_count":0,"master_deck":["conspire:GhostlyStrike","conspire:GhostlyStrike","conspire:GhostlyStrike","conspire:GhostlyStrike","conspire:GhostlyStrike","conspire:GhostlyDefend","conspire:GhostlyDefend","conspire:GhostlyDefend","conspire:GhostlyDefend","theMarked:SoldierOfQuellstein+1","theMarked:EnhanceMovement","theMarked:Opportunist","conspire:SpireCoStock","theMarked:EmpowerWeapon+1","theMarked:BindingBlade","theMarked:EmpowerWeapon","theMarked:TwofoldDefense","theMarked:SelfDefenseTraining","theMarked:ShockingTouch+1"],"relics":["theMarked:ArtifactOfAir","hubris:64BitClover","CCEMRelics:DissonantTune","StuffTheSpire:Mouthbags","Shuriken","halation:BottledLove","halation:PinkAlligatorPlush","Spirit Poop","infinitespire:Broken Mirror","CCEMRelics:Sandal"],"acts_visited":["Exordium","TheCity"],"potions_floor_usage":[21],"damage_taken":[{"damage":4.0,"enemies":"Cultist","floor":1.0,"turns":4.0},{"damage":0.0,"enemies":"conspire:RoseBush","floor":4.0,"turns":6.0},{"damage":0.0,"enemies":"infinitespire:Voidling","floor":5.0,"turns":5.0},{"damage":14.0,"enemies":"Gremlin Nob","floor":7.0,"turns":5.0},{"damage":4.0,"enemies":"Blue Slaver","floor":10.0,"turns":4.0},{"damage":3.0,"enemies":"Looter","floor":11.0,"turns":3.0},{"damage":10.0,"enemies":"Red Slaver","floor":14.0,"turns":3.0},{"damage":38.0,"enemies":"The Guardian","floor":16.0,"turns":8.0},{"damage":58.0,"enemies":"conspire:FuzzyDice","floor":18.0,"turns":5.0},{"damage":11,"enemies":"Spheric Guardian","floor":21,"turns":3},{"damage":2,"enemies":"Snecko","floor":22,"turns":1},{"damage":11,"enemies":"HollowMod:Nosk","floor":23,"turns":7},{"damage":17,"enemies":"conspire:HollyBat","floor":24,"turns":7},{"damage":23,"enemies":"Shelled Parasite and Fungi","floor":25,"turns":5},{"damage":24,"enemies":"Snake Plant","floor":27,"turns":4}],"seed_played":"2443158056099475179","potions_obtained":[{"floor":1.0,"key":"PowerPotion"},{"floor":7.0,"key":"Adrenaline Potion"},{"floor":11.0,"key":"SteroidPotion"},{"floor":18.0,"key":"Energy Potion"},{"floor":23,"key":"Explosive Potion"},{"floor":25,"key":"Death Potion"}],"is_trial":false,"path_per_floor":["M","?","?","M","M","R","E","?","T","M","M","?","R","M","R","B",null,"M","?","?","M","M","E","M","M","T","M"],"character_chosen":"THE_DEFAULT","items_purchased":[],"campfire_rested":1,"item_purchase_floors":[],"current_hp_per_floor":[66,66,66,66,66,66,52,52,52,48,45,45,45,35,56,18,70,12,12,12,1,70,59,42,19,19,0,0],"gold":439,"neow_bonus":"ONE_RARE_RELIC","is_daily":false,"chose_seed":false,"campfire_upgraded":2,"win_rate":0.0,"timestamp":1608515621,"path_taken":["M","?","?","?","M","R","E","?","T","M","M","?","R","?","R","BOSS","M","?","?","?","M","E","M","?","T","M"],"items_purchased_type":[],"build_version":"2020-12-13","purchased_purges":0,"victory":false,"max_hp_per_floor":[70,70,70,70,70,70,70,70,70,70,70,70,70,70,70,70,70,70,70,70,70,70,70,70,70,70,70,70],"relic_stats":{"counters":[15,70],"Shuriken":[13],"obtain_stats":[{"theMarked:ArtifactOfAir":0,"StuffTheSpire:Mouthbags":7,"hubris:64BitClover":0,"Shuriken":9,"halation:BottledLove":16,"infinitespire:Broken Mirror":23,"CCEMRelics:DissonantTune":3,"Spirit Poop":19,"CCEMRelics:Sandal":26,"halation:PinkAlligatorPlush":17},{"theMarked:ArtifactOfAir":0,"StuffTheSpire:Mouthbags":4,"hubris:64BitClover":0,"Shuriken":4,"halation:BottledLove":8,"infinitespire:Broken Mirror":12,"CCEMRelics:DissonantTune":1,"Spirit Poop":9,"CCEMRelics:Sandal":14,"halation:PinkAlligatorPlush":8},{"theMarked:ArtifactOfAir":0,"StuffTheSpire:Mouthbags":20,"hubris:64BitClover":0,"Shuriken":20,"halation:BottledLove":38,"infinitespire:Broken Mirror":54,"CCEMRelics:DissonantTune":4,"Spirit Poop":43,"CCEMRelics:Sandal":66,"halation:PinkAlligatorPlush":38}]},"card_choices":[{"not_picked":["theMarked:ResourceFulStrike","theMarked:Frustration"],"picked":"theMarked:TwofoldDefense","floor":1.0},{"not_picked":["theMarked:Parkour","theMarked:ReduceFriction"],"picked":"theMarked:EnhanceMovement","floor":4.0},{"not_picked":["theMarked:EnhanceMovement","theMarked:TwofoldDefense","theMarked:MysticalArsenal"],"picked":"SKIP","floor":5.0},{"not_picked":["theMarked:Static","theMarked:ElectricStrings"],"picked":"theMarked:Opportunist","floor":7.0},{"not_picked":["theMarked:LightningStrikesTwice","theMarked:BanishingWave"],"picked":"theMarked:EmpowerWeapon","floor":10.0},{"not_picked":["theMarked:CreepingChasm","theMarked:RepellingDischarge","theMarked:MaelstromOfLightning"],"picked":"SKIP","floor":11.0},{"not_picked":["theMarked:BanishingStrike","theMarked:CreepingChasm","theMarked:Convert"],"picked":"SKIP","floor":14.0},{"not_picked":["theMarked:ThrowWeapon","theMarked:Levitate"],"picked":"theMarked:BindingBlade","floor":16.0},{"not_picked":["theMarked:RepellingDischarge","theMarked:ElectricStrings"],"picked":"theMarked:EmpowerWeapon","floor":18.0},{"not_picked":["theMarked:Electrify+1","theMarked:Reabsorb"],"picked":"theMarked:SelfDefenseTraining","floor":21},{"not_picked":["theMarked:TwofoldDefense","theMarked:EnhanceMovement","theMarked:TakeCover+1"],"picked":"SKIP","floor":22},{"not_picked":["theMarked:Reabsorb","theMarked:ChainLightning+1","theMarked:KeepCalmAndFightOn"],"picked":"SKIP","floor":23},{"not_picked":["theMarked:Static+1","theMarked:Aftermath"],"picked":"theMarked:ShockingTouch+1","floor":24},{"not_picked":["theMarked:Overthink+1","theMarked:StartUp","theMarked:Polarize+1"],"picked":"SKIP","floor":25}],"player_experience":996369,"relics_obtained":[{"floor":7.0,"key":"StuffTheSpire:Mouthbags"},{"floor":9.0,"key":"Shuriken"},{"floor":16.0,"key":"halation:BottledLove"},{"floor":23,"key":"infinitespire:Broken Mirror"},{"floor":26,"key":"CCEMRelics:Sandal"}],"event_choices":[{"damage_healed":0.0,"max_hp_gain":0.0,"max_hp_loss":0.0,"gold_gain":0.0,"event_name":"conspire:LoneGhost","player_choice":"Agree","floor":2.0,"gold_loss":0.0,"damage_taken":0.0},{"damage_healed":0.0,"max_hp_gain":0.0,"max_hp_loss":0.0,"gold_gain":0.0,"event_name":"WeMeetAgain","player_choice":"Gave Potion","floor":3.0,"gold_loss":0.0,"damage_taken":0.0,"relics_obtained":["CCEMRelics:DissonantTune"]},{"damage_healed":0.0,"max_hp_gain":0.0,"max_hp_loss":0.0,"gold_gain":0.0,"event_name":"conspire:Investor","player_choice":"Invest 1","floor":8.0,"gold_loss":0.0,"damage_taken":0.0},{"damage_healed":0.0,"max_hp_gain":0.0,"max_hp_loss":0.0,"gold_gain":0.0,"cards_transformed":["ReplayTheSpireMod:Restless Dread"],"event_name":"Transmorgrifier","player_choice":"Transformed","floor":12.0,"gold_loss":0.0,"damage_taken":0.0,"cards_obtained":["Pain"]},{"cards_removed":["Pain"],"damage_healed":0.0,"max_hp_gain":0.0,"max_hp_loss":0.0,"gold_gain":0.0,"event_name":"Bonfire Elementals","player_choice":"Offered Curse","floor":19.0,"gold_loss":0.0,"damage_taken":0.0,"relics_obtained":["Spirit Poop"]},{"cards_removed":["conspire:SpireCoStock"],"damage_healed":0,"gold_gain":0,"player_choice":"Give","damage_taken":0,"max_hp_gain":0,"max_hp_loss":0,"event_name":"betterNote:BetterNote","floor":20,"gold_loss":0,"cards_obtained":["None"]}],"is_beta":false,"boss_relics":[{"not_picked":["hubris:BlackHole","Sozu"],"picked":"halation:PinkAlligatorPlush"}],"items_purged_floors":[],"is_endless":false,"potions_floor_spawned":[1,7,11,18,23,25],"killed_by":"Snake Plant","ascension_level":0}}