{"host":"cb9xh4d0ss8ax8yb","time":1608557785,"event":{"mods":["BaseMod","Jess\u0027s Bottle","Minty Spire (QoL Compilation)","StSLib","The Dragon Tamer","The Gatherer"],"gold_per_floor":[115,115,126,126,51,51,76,76,148,148,165,212,241,254,254,351,351,371,371,387,397,416,444,444,478,503,523,523,523,319,338,338,440,440,455,455,471,488,502,532,532,73,73,23,55,0,27,41,41,41],"floor_reached":51,"playtime":4550,"items_purged":["Gatherer:Strike_Gatherer","Pain","Gatherer:Strike_Gatherer","Gatherer:Strike_Gatherer"],"score":1007,"play_id":"ce5cdf0b-1e85-42ed-b9a8-98dc8fd227cf","local_time":"20201221223625","is_ascension_mode":true,"metric_token":413,"campfire_choices":[{"data":"Gatherer:Centralize","floor":6,"key":"SMITH"},{"data":"Gatherer:QuickSynthesis","floor":10,"key":"SMITH"},{"data":"Gatherer:DrugPower","floor":15,"key":"SMITH"},{"data":"Gatherer:LuckyClover","floor":24,"key":"SMITH"},{"data":"Gatherer:FlowerShield+1","floor":28,"key":"SMITH"},{"data":"Gatherer:FlowerShield","floor":32,"key":"SMITH"},{"data":"Gatherer:BomberForm","floor":41,"key":"SMITH"},{"data":"Gatherer:FlowerPower+1","floor":49,"key":"SMITH"}],"circlet_count":0,"master_deck":["Gatherer:Defend_Gatherer","Gatherer:Defend_Gatherer","Gatherer:Defend_Gatherer","Gatherer:Defend_Gatherer","Gatherer:Defend_Gatherer","Gatherer:Centralize+1","Gatherer:FlowerWhip","Gatherer:FlowerFalling","Gatherer:QuickSynthesis+1","Gatherer:DrugPower+1","Gatherer:LuckyClover+1","Gatherer:EnergyBasket","Gatherer:HeartToFruit","Gatherer:WitheringStrike","Gatherer:FlowerShield+1","Gatherer:FlowerShield+2","Gatherer:QuickSynthesis+1","Gatherer:FlowerFalling","Gatherer:Pollute+1","Gatherer:BambuSword+1","Gatherer:FlowerBeam+1","Gatherer:BomberForm+1","Gatherer:DrugPower+1","Gatherer:QuickSynthesis","Gatherer:DrugPower+1","Gatherer:AlchemyTrial+1","Gatherer:BalancedGrowth","Gatherer:TacticalStrike+1","Gatherer:BomberForm+1","Gatherer:BomberForm","Gatherer:Misfortune+1","Gatherer:FlowerPower+2"],"relics":["Gatherer:AlchemyBag","jessBottle:WaterBottleRelic","NeowsBlessing","Blue Candle","Incense Burner","Question Card","Smiling Mask","Bottled Flame","Cursed Key","Anchor","Pear","Torii","Gatherer:MistGenerator","Lantern","SacredBark","Happy Flower","DollysMirror","Sundial","Du-Vu Doll","Red Mask","Meat on the Bone"],"acts_visited":["Exordium","TheCity","TheBeyond"],"potions_floor_usage":[13,14,16,16,21,23,25,33,45,47,50],"damage_taken":[{"damage":0,"enemies":"Small Slimes","floor":1,"turns":1},{"damage":0,"enemies":"Cultist","floor":3,"turns":1},{"damage":0,"enemies":"Lagavulin","floor":7,"turns":1},{"damage":0,"enemies":"2 Louse","floor":11,"turns":1},{"damage":15,"enemies":"3 Sentries","floor":13,"turns":6},{"damage":0,"enemies":"Exordium Thugs","floor":14,"turns":2},{"damage":18,"enemies":"Hexaghost","floor":16,"turns":9},{"damage":0,"enemies":"3 Byrds","floor":18,"turns":4},{"damage":5,"enemies":"2 Thieves","floor":20,"turns":4},{"damage":5,"enemies":"Snake Plant","floor":21,"turns":3},{"damage":0,"enemies":"Centurion and Healer","floor":22,"turns":5},{"damage":0,"enemies":"Slavers","floor":23,"turns":5},{"damage":86,"enemies":"Gremlin Leader","floor":25,"turns":14},{"damage":31,"enemies":"Shelled Parasite and Fungi","floor":27,"turns":5},{"damage":0,"enemies":"3 Cultists","floor":31,"turns":5},{"damage":16,"enemies":"Automaton","floor":33,"turns":10},{"damage":1,"enemies":"3 Darklings","floor":35,"turns":3},{"damage":0,"enemies":"Orb Walker","floor":37,"turns":3},{"damage":1,"enemies":"3 Darklings","floor":38,"turns":3},{"damage":0,"enemies":"4 Shapes","floor":39,"turns":5},{"damage":0,"enemies":"Nemesis","floor":40,"turns":5},{"damage":22,"enemies":"Reptomancer","floor":45,"turns":5},{"damage":34,"enemies":"Nemesis","floor":47,"turns":5},{"damage":1,"enemies":"Maw","floor":48,"turns":5},{"damage":11,"enemies":"Donu and Deca","floor":50,"turns":5}],"seed_played":"-1433662901232465834","potions_obtained":[{"floor":11,"key":"LiquidBronze"},{"floor":13,"key":"Fire Potion"},{"floor":14,"key":"EntropicBrew"},{"floor":20,"key":"Poison Potion"},{"floor":21,"key":"GamblersBrew"},{"floor":31,"key":"BottledMiracle"},{"floor":33,"key":"FairyPotion"},{"floor":39,"key":"LiquidBronze"},{"floor":40,"key":"EntropicBrew"},{"floor":45,"key":"BottledMiracle"},{"floor":47,"key":"LiquidMemories"}],"is_trial":false,"path_per_floor":["M","?","M","?","$","R","E","?","T","R","M","T","E","M","R","B",null,"M","?","M","M","M","E","R","E","T","M","R","T","$","M","R","B",null,"M","?","M","M","M","E","R","$","T","$","E","?","E","M","R","B",null],"character_chosen":"THE_GATHERER","items_purchased":["Lantern","DollysMirror","Sundial"],"campfire_rested":0,"item_purchase_floors":[30,42,42],"current_hp_per_floor":[72,72,72,65,65,65,65,65,65,65,65,65,50,50,50,32,72,75,75,74,72,75,88,88,40,40,13,13,13,13,13,13,30,102,101,101,101,100,104,104,104,104,104,104,82,82,51,65,65,66],"gold":41,"neow_bonus":"THREE_ENEMY_KILL","is_daily":false,"chose_seed":false,"campfire_upgraded":8,"win_rate":0.0,"timestamp":1608557785,"path_taken":["M","?","?","?","$","R","E","?","T","R","?","?","E","?","R","BOSS","M","?","?","M","M","E","R","E","T","M","R","?","$","?","R","BOSS","M","?","M","?","?","E","R","$","T","$","E","?","E","M","R","BOSS"],"items_purchased_type":["Relic","Relic","Relic"],"build_version":"2020-12-13","purchased_purges":4,"victory":true,"max_hp_per_floor":[72,72,72,72,72,72,72,72,72,72,72,72,72,72,72,72,72,75,75,79,82,85,98,98,98,98,102,102,102,102,102,102,102,102,102,102,102,102,106,106,106,106,106,106,106,106,109,112,112,112],"card_choices":[{"not_picked":["Gatherer:Frenzy","Gatherer:UpgradeBag"],"picked":"Gatherer:DrugPower","floor":1},{"not_picked":["Gatherer:SaveValuables","Gatherer:Pollute"],"picked":"Gatherer:FlowerFalling","floor":3},{"not_picked":["Gatherer:Frenzy","Gatherer:AcidicSpray"],"picked":"Gatherer:QuickSynthesis","floor":7},{"not_picked":["Gatherer:AromaProtection","Gatherer:GlowingPlant","Gatherer:PotentialSlash"],"picked":"Gatherer:DrugPower","floor":11},{"not_picked":["Gatherer:AlchemyTrial","Gatherer:QuickSynthesis","Gatherer:Convert"],"picked":"Gatherer:LuckyClover","floor":13},{"not_picked":["Gatherer:TreeGrowth","Gatherer:FeelingFine","Gatherer:Convert"],"picked":"Gatherer:EnergyBasket","floor":14},{"not_picked":["Gatherer:Examine","Gatherer:Bulldoze","Gatherer:FlamingBottle"],"picked":"Gatherer:HeartToFruit","floor":16},{"not_picked":["Gatherer:GlowingPlant","Gatherer:DrugPower","Gatherer:FruitForce"],"picked":"Gatherer:WitheringStrike","floor":18},{"not_picked":["Gatherer:WoolGloves+1","Gatherer:AromaProtection+1","Gatherer:CollectorsShot"],"picked":"Gatherer:FlowerShield","floor":20},{"not_picked":["Gatherer:SmartManeuver","Gatherer:SaveValuables","Gatherer:AlchemyTrial"],"picked":"Gatherer:FlowerShield+1","floor":21},{"not_picked":["Gatherer:CollectorsShot","Gatherer:DrugPower+1","Gatherer:StoneFence"],"picked":"Gatherer:QuickSynthesis+1","floor":22},{"not_picked":["Gatherer:Polymorphism","Gatherer:Frenzy","Gatherer:TreeGrowth"],"picked":"Gatherer:FlowerFalling","floor":23},{"not_picked":["Gatherer:ScrollOfPurity","Gatherer:ScentOfRosmari","Gatherer:EchoOfNature"],"picked":"Gatherer:Pollute+1","floor":25},{"not_picked":["Gatherer:Polymorphism","Gatherer:Duplicator","Gatherer:AlchemyTrial"],"picked":"Gatherer:BambuSword+1","floor":27},{"not_picked":["Gatherer:Snatch","Gatherer:QuickSynthesis","Gatherer:PotentialSlash"],"picked":"Gatherer:FlowerBeam+1","floor":31},{"not_picked":["Gatherer:Bulldoze","Gatherer:BlackTea","Gatherer:Overflowing"],"picked":"Gatherer:BomberForm","floor":33},{"not_picked":["Gatherer:ScentOfRosmari","Gatherer:Uplift","Gatherer:GlowingPlant"],"picked":"Gatherer:DrugPower+1","floor":35},{"not_picked":["Gatherer:GatherMaterial","Gatherer:EchoOfNature","Gatherer:SaveValuables"],"picked":"Gatherer:DrugPower+1","floor":37},{"not_picked":["Gatherer:EnergyBasket","Gatherer:Transmute","Gatherer:PotentialSlash+1"],"picked":"Gatherer:AlchemyTrial+1","floor":38},{"not_picked":["Gatherer:RecipeChange","Gatherer:Snatch","Gatherer:GlowingPlant+1"],"picked":"Gatherer:BalancedGrowth","floor":39},{"not_picked":["Gatherer:SaveValuables","Gatherer:BambuSword","Gatherer:Snatch"],"picked":"Gatherer:TacticalStrike+1","floor":40},{"not_picked":["Gatherer:ScherryThrow+1","Gatherer:Enchant+1","Gatherer:Misfortune+1"],"picked":"Gatherer:BomberForm","floor":45},{"not_picked":["Gatherer:FeelingFine+1","Gatherer:FragileHammer+1","Gatherer:AcidicSpray+1"],"picked":"Gatherer:Misfortune+1","floor":47},{"not_picked":["Gatherer:SmartManeuver","Gatherer:WoolGloves","Gatherer:DrugPower"],"picked":"Gatherer:FlowerPower+1","floor":48}],"player_experience":434318,"relics_obtained":[{"floor":0,"key":"jessBottle:WaterBottleRelic"},{"floor":7,"key":"Incense Burner"},{"floor":9,"key":"Question Card"},{"floor":12,"key":"Smiling Mask"},{"floor":13,"key":"Bottled Flame"},{"floor":19,"key":"Anchor"},{"floor":23,"key":"Pear"},{"floor":25,"key":"Torii"},{"floor":26,"key":"Gatherer:MistGenerator"},{"floor":40,"key":"Happy Flower"},{"floor":45,"key":"Du-Vu Doll"},{"floor":47,"key":"Meat on the Bone"}],"event_choices":[{"cards_removed":["Gatherer:DrugPower"],"damage_healed":0,"gold_gain":0,"player_choice":"Gave Card","damage_taken":0,"relics_obtained":["Blue Candle"],"max_hp_gain":0,"max_hp_loss":0,"event_name":"WeMeetAgain","floor":2,"gold_loss":0},{"cards_removed":["Gatherer:Strike_Gatherer"],"damage_healed":0,"gold_gain":0,"player_choice":"Card Removal","damage_taken":7,"max_hp_gain":0,"max_hp_loss":0,"event_name":"Golden Wing","floor":4,"gold_loss":0},{"damage_healed":0,"gold_gain":0,"player_choice":"0 cards matched","damage_taken":0,"max_hp_gain":0,"max_hp_loss":0,"event_name":"Match and Keep!","floor":8,"gold_loss":0,"cards_obtained":[]},{"damage_healed":0,"gold_gain":0,"player_choice":"Relic","damage_taken":0,"max_hp_gain":0,"max_hp_loss":0,"event_name":"Wheel of Change","floor":19,"gold_loss":0},{"damage_healed":0,"gold_gain":0,"cards_transformed":["Gatherer:Strike_Gatherer"],"player_choice":"Transformed","damage_taken":0,"max_hp_gain":0,"max_hp_loss":0,"event_name":"Transmorgrifier","floor":36,"gold_loss":0,"cards_obtained":["Gatherer:QuickSynthesis"]},{"damage_healed":0,"gold_gain":0,"player_choice":"Paid","damage_taken":0,"relics_obtained":["Red Mask"],"max_hp_gain":0,"max_hp_loss":0,"event_name":"Tomb of Lord Red Mask","floor":46,"gold_loss":55}],"is_beta":false,"boss_relics":[{"not_picked":["Runic Dome","Snecko Eye"],"picked":"Cursed Key"},{"not_picked":["Velvet Choker","Sozu"],"picked":"SacredBark"}],"items_purged_floors":[5,30,42,44],"is_endless":false,"potions_floor_spawned":[11,13,14,20,21,31,33,39,40,45,47],"ascension_level":3}}