{"host":"qxeepl7ydvsgmfdb","time":1608560089,"event":{"mods":["AchievementEnabler","BaseMod","Colored Powertips","Minty Spire (QoL Compilation)","Quick Restart","slay the spire mod where everything is the same but ironclad has a cowboy hat"],"gold_per_floor":[115,115,135,145,161,161,161,173,220,230,230,245,274,291,291,390,390,409,369,389,246,246,246,266,266,291,324,62,93,93,93,93,93,93],"floor_reached":33,"playtime":1087,"items_purged":[],"score":314,"play_id":"c7d0e7d2-5c46-4b86-85fe-2a49607300e7","local_time":"20201221091449","is_ascension_mode":false,"campfire_choices":[{"floor":11.0,"key":"REST"},{"floor":15.0,"key":"REST"},{"floor":23.0,"key":"REST"},{"data":"Auto Shields","floor":25.0,"key":"SMITH"},{"floor":32,"key":"REST"}],"circlet_count":0,"master_deck":["Strike_B+1","Strike_B+1","Strike_B+1","Strike_B+1","Defend_B+1","Defend_B+1","Defend_B+1","Defend_B+1","Zap","Dualcast","Doom and Gloom+1","BootSequence","Auto Shields+1","Conserve Battery","Defragment","Defragment","Electrodynamics+1","Steam","Streamline+1","Redo"],"relics":["Cracked Core","FaceOfCleric","Regal Pillow","Singing Bowl","Bronze Scales","Enchiridion","Smiling Mask","Whetstone","Symbiotic Virus","WingedGreaves"],"acts_visited":["Exordium","TheCity"],"potions_floor_usage":[29,31,33,33,33,33],"damage_taken":[{"damage":6.0,"enemies":"Jaw Worm","floor":1.0,"turns":3.0},{"damage":1.0,"enemies":"Cultist","floor":3.0,"turns":3.0},{"damage":1.0,"enemies":"2 Louse","floor":4.0,"turns":2.0},{"damage":0.0,"enemies":"Lots of Slimes","floor":5.0,"turns":1.0},{"damage":21.0,"enemies":"Exordium Thugs","floor":8.0,"turns":4.0},{"damage":8.0,"enemies":"2 Fungi Beasts","floor":10.0,"turns":3.0},{"damage":9.0,"enemies":"Large Slime","floor":12.0,"turns":7.0},{"damage":16.0,"enemies":"3 Sentries","floor":13.0,"turns":5.0},{"damage":17.0,"enemies":"Gremlin Gang","floor":14.0,"turns":4.0},{"damage":59.0,"enemies":"The Guardian","floor":16.0,"turns":11.0},{"damage":18.0,"enemies":"2 Thieves","floor":18.0,"turns":4.0},{"damage":21.0,"enemies":"Spheric Guardian","floor":20.0,"turns":4.0},{"damage":1.0,"enemies":"3 Cultists","floor":24.0,"turns":3.0},{"damage":35,"enemies":"Gremlin Leader","floor":27,"turns":6},{"damage":37,"enemies":"Book of Stabbing","floor":29,"turns":5},{"damage":0,"enemies":"Chosen and Byrds","floor":31,"turns":1},{"damage":77,"enemies":"Champ","floor":33,"turns":10}],"seed_played":"9141630611207686272","potions_obtained":[{"floor":3.0,"key":"SpeedPotion"},{"floor":8.0,"key":"EssenceOfDarkness"},{"floor":12.0,"key":"Strength Potion"},{"floor":13.0,"key":"Ancient Potion"},{"floor":14.0,"key":"SmokeBomb"},{"floor":24.0,"key":"EntropicBrew"},{"floor":29,"key":"GamblersBrew"}],"is_trial":false,"path_per_floor":["M","?","M","M","M","?","?","M","T","M","R","M","E","M","R","B",null,"M","?","M","$","?","R","M","R","T","E","$","E","?","M","R","B"],"character_chosen":"DEFECT","items_purchased":["Bronze Scales","Symbiotic Virus"],"campfire_rested":4,"item_purchase_floors":[21,28],"current_hp_per_floor":[76,76,75,74,74,74,74,54,54,47,84,76,61,47,88,30,90,73,73,55,55,39,82,84,84,84,50,50,14,14,15,60,0,0],"gold":93,"neow_bonus":"TEN_PERCENT_HP_BONUS","is_daily":false,"chose_seed":false,"campfire_upgraded":1,"win_rate":0.0,"timestamp":1608560089,"path_taken":["M","?","M","?","M","?","?","M","T","?","R","M","E","?","R","BOSS","M","?","M","?","?","R","M","R","T","E","$","E","?","M","R","BOSS"],"items_purchased_type":["Relic","Relic"],"build_version":"2020-12-13","purchased_purges":0,"victory":false,"max_hp_per_floor":[82,82,82,82,82,82,82,83,83,84,84,85,86,89,89,90,90,91,91,94,94,94,94,97,97,97,98,98,99,99,100,100,100,100],"card_choices":[{"not_picked":["Barrage","Rebound"],"picked":"Doom and Gloom","floor":1.0},{"not_picked":["Steam","Turbo"],"picked":"BootSequence","floor":3.0},{"not_picked":["Steam","Conserve Battery"],"picked":"Auto Shields","floor":4.0},{"not_picked":["Undo","Hologram","Seek"],"picked":"SKIP","floor":5.0},{"not_picked":["Rebound","Storm","Streamline"],"picked":"SKIP","floor":8.0},{"not_picked":["Steam Power","Skim"],"picked":"Conserve Battery","floor":10.0},{"not_picked":["Melter","Redo"],"picked":"Defragment","floor":12.0},{"not_picked":["Sweeping Beam","Genetic Algorithm"],"picked":"Defragment","floor":13.0},{"not_picked":["Rebound","Reinforced Body","Scrape"],"picked":"Singing Bowl","floor":14.0},{"not_picked":["Fission","Biased Cognition"],"picked":"Electrodynamics","floor":16.0},{"not_picked":["Blizzard+1","Leap"],"picked":"Steam","floor":18.0},{"not_picked":["Beam Cell","Reinforced Body","Cold Snap"],"picked":"Singing Bowl","floor":20.0},{"not_picked":["Barrage","Rip and Tear","Reinforced Body"],"picked":"Singing Bowl","floor":24.0},{"not_picked":["Electrodynamics","Stack+1"],"picked":"Streamline+1","floor":27},{"not_picked":["Sweeping Beam","Sunder"],"picked":"Redo","floor":29}],"player_experience":299841,"relics_obtained":[{"floor":9.0,"key":"Regal Pillow"},{"floor":13.0,"key":"Singing Bowl"},{"floor":22.0,"key":"Enchiridion"},{"floor":26.0,"key":"Smiling Mask"},{"floor":27,"key":"Whetstone"},{"floor":29,"key":"WingedGreaves"}],"event_choices":[{"damage_healed":0.0,"max_hp_gain":0.0,"max_hp_loss":0.0,"gold_gain":0.0,"event_name":"Accursed Blacksmith","player_choice":"Forge","floor":2.0,"gold_loss":0.0,"damage_taken":0.0,"cards_upgraded":["Doom and Gloom"]},{"damage_healed":0.0,"max_hp_gain":0.0,"max_hp_loss":0.0,"gold_gain":0.0,"event_name":"The Cleric","player_choice":"Leave","floor":6.0,"gold_loss":0.0,"damage_taken":0.0},{"damage_healed":0.0,"max_hp_gain":0.0,"max_hp_loss":0.0,"gold_gain":0.0,"event_name":"FaceTrader","player_choice":"Trade","floor":7.0,"gold_loss":0.0,"damage_taken":0.0,"relics_obtained":["FaceOfCleric"]},{"damage_healed":0.0,"max_hp_gain":0.0,"max_hp_loss":0.0,"gold_gain":0.0,"event_name":"Designer","player_choice":"Upgrade","floor":19.0,"gold_loss":40.0,"damage_taken":0.0,"cards_upgraded":["Electrodynamics"]},{"damage_healed":0.0,"max_hp_gain":0.0,"max_hp_loss":0.0,"gold_gain":0.0,"event_name":"Cursed Tome","player_choice":"Obtained Book","floor":22.0,"gold_loss":0.0,"damage_taken":16.0},{"damage_healed":0,"gold_gain":0,"player_choice":"Simplicity","damage_taken":0,"max_hp_gain":0,"max_hp_loss":0,"event_name":"Back to Basics","floor":30,"gold_loss":0,"cards_upgraded":["Strike_B","Strike_B","Defend_B","Defend_B","Defend_B","Defend_B"]}],"is_beta":false,"boss_relics":[{"not_picked":["Ectoplasm","Runic Pyramid","FrozenCore"]}],"items_purged_floors":[],"is_endless":false,"potions_floor_spawned":[3,8,12,13,14,24,29],"killed_by":"Champ","ascension_level":0}}