{"host":"gbop6m4qugddaz18","time":1608573380,"event":{"mods":["2.2 Compatiblity","BaseMod","Better Third Choice","Block Reminder","Downfall","GifTheSpireLib","Highlight Path","Minty Spire (QoL Compilation)","Replay The Spire","StSLib"],"gold_per_floor":[116,135,153,164,164,164,176,196,221,221,254,270,270,282,282,380,380,396,367,392,409,308,308,308],"floor_reached":23,"playtime":951,"items_purged":["Writhe"],"score":227,"play_id":"aacf7716-2a64-4095-ab75-54a36adc8623","local_time":"20201221125620","is_ascension_mode":true,"campfire_choices":[{"data":"Armaments","floor":6,"key":"SMITH"},{"data":"Armaments","floor":13,"key":"SMITH"},{"data":"Flex","floor":15,"key":"SMITH"}],"circlet_count":0,"master_deck":["Strike_R","Strike_R","Strike_R","Strike_R","Strike_R","Defend_R","Defend_R","Defend_R","Clash","Thunderclap","Armaments+1","Wild Strike","Hemokinesis+1","Wild Strike","Armaments+1","Rampage","Flex+1","Demon Form","Rage","Ghostly Armor","Anger+1","Anger"],"relics":["Burning Blood","NeowsBlessing","Tiny Chest","Blood Vial","Replay:Ancient Bell","Omamori","Gremlin Horn","Lizard Tail","Juzu Bracelet"],"acts_visited":["Exordium","TheCity"],"potions_floor_usage":[11,16,21,21,23,23,23],"damage_taken":[{"damage":0,"enemies":"Small Slimes","floor":1,"turns":1},{"damage":0,"enemies":"2 Louse","floor":2,"turns":1},{"damage":0,"enemies":"Cultist","floor":3,"turns":1},{"damage":0,"enemies":"3 Louse","floor":4,"turns":4},{"damage":7,"enemies":"Looter","floor":7,"turns":3},{"damage":7,"enemies":"Exordium Thugs","floor":8,"turns":4},{"damage":6,"enemies":"Gremlin Nob","floor":11,"turns":3},{"damage":14,"enemies":"Lots of Slimes","floor":12,"turns":5},{"damage":0,"enemies":"Looter","floor":14,"turns":2},{"damage":52,"enemies":"The Guardian","floor":16,"turns":8},{"damage":13,"enemies":"Spheric Guardian","floor":18,"turns":3},{"damage":39,"enemies":"2 Thieves","floor":19,"turns":5},{"damage":26,"enemies":"3 Cultists","floor":21,"turns":6},{"damage":81,"enemies":"Slavers","floor":23,"turns":4}],"seed_played":"449219129863132588","potions_obtained":[{"floor":1,"key":"sneckomod:MuddlingPotion"},{"floor":4,"key":"Energy Potion"},{"floor":7,"key":"Block Potion"},{"floor":11,"key":"FearPotion"},{"floor":16,"key":"LiquidMemories"},{"floor":19,"key":"SkillPotion"},{"floor":21,"key":"EntropicBrew"}],"is_trial":false,"path_per_floor":["M","M","M","M","?","R","M","M","T","?","E","M","R","M","R","B",null,"M","M","T","M","$","E"],"character_chosen":"IRONCLAD","items_purchased":["Anger"],"campfire_rested":0,"item_purchase_floors":[22],"current_hp_per_floor":[80,80,80,80,80,80,79,78,78,78,78,72,72,80,80,34,80,73,42,42,24,24,0,0],"gold":308,"neow_bonus":"THREE_ENEMY_KILL","is_daily":false,"chose_seed":false,"campfire_upgraded":3,"win_rate":0.0,"timestamp":1608573380,"path_taken":["M","M","M","M","?","R","M","M","T","?","E","M","R","M","R","BOSS","M","M","?","M","$","E"],"items_purchased_type":["Card"],"build_version":"2020-12-13","purchased_purges":1,"victory":false,"max_hp_per_floor":[80,80,80,80,80,80,80,80,80,80,80,80,80,80,80,80,80,80,80,80,80,80,80,80],"card_choices":[{"not_picked":["Second Wind","Headbutt"],"picked":"Clash","floor":1},{"not_picked":["Combust","True Grit"],"picked":"Thunderclap","floor":2},{"not_picked":["Havoc","Abandon"],"picked":"Armaments","floor":3},{"not_picked":["Dual Wield","ReplayTheSpireMod:Strike From Hell"],"picked":"Wild Strike","floor":4},{"not_picked":["ReplayTheSpireMod:LeadingStrike","Blood for Blood"],"picked":"Wild Strike","floor":7},{"not_picked":["Burning Pact","Shockwave","Hemokinesis"],"picked":"SKIP","floor":8},{"not_picked":["Disarm","Double Tap"],"picked":"Armaments","floor":11},{"not_picked":["Flex","Havoc"],"picked":"Rampage","floor":12},{"not_picked":["Pommel Strike","Clash"],"picked":"Flex","floor":14},{"not_picked":["Hemogenesis","Impervious"],"picked":"Demon Form","floor":16},{"not_picked":["Injury","Languid"],"picked":"Normality","floor":17},{"not_picked":["Languid","ReplayTheSpireMod:Restless Dread"],"picked":"Decay","floor":17},{"not_picked":["ReplayTheSpireMod:IOU","hexamod:Haunted"],"picked":"Writhe","floor":17},{"not_picked":["Cleave","Shockwave"],"picked":"Rage","floor":18},{"not_picked":["Havoc","Blood for Blood+1"],"picked":"Ghostly Armor","floor":19},{"not_picked":["Heavy Blade+1","Warcry"],"picked":"Anger+1","floor":21}],"player_experience":574144,"relics_obtained":[{"floor":9,"key":"Tiny Chest"},{"floor":11,"key":"Blood Vial"},{"floor":20,"key":"Juzu Bracelet"}],"event_choices":[{"cards_removed":["Bash"],"damage_healed":0,"gold_gain":0,"player_choice":"Offered Basic","damage_taken":0,"max_hp_gain":0,"max_hp_loss":0,"event_name":"Bonfire Elementals","floor":10,"gold_loss":0}],"is_beta":false,"boss_relics":[{"not_picked":["Abe\u0027s Treasure","Ectoplasm"],"picked":"Replay:Ancient Bell"},{"not_picked":["Grinning Jar","Ancient Tea Set"],"picked":"Omamori"},{"not_picked":["Question Card","Garlic"],"picked":"Gremlin Horn"},{"not_picked":["Another Sword","Peace Pipe"],"picked":"Lizard Tail"}],"items_purged_floors":[22],"is_endless":false,"potions_floor_spawned":[1,4,7,11,16,19,21],"killed_by":"Slavers","ascension_level":3}}