{"host":"fne7yx97fnz7kq05","time":1608521713,"event":{"mods":["BaseMod","Colored Map","Colored Powertips","Highlight Path","Minty Spire (QoL Compilation)","Relic Stats"],"gold_per_floor":[114,126,76,91,91,91,108,133,133,133,153,183,38,51,51,147,147,160,85,85,100,22,52,52,77,149,149,166,166,190,209,209,306,306,324,19,39,39,0,0,0],"floor_reached":40,"playtime":2155,"items_purged":["Strike_G"],"score":521,"play_id":"cb0c0e16-fcf6-42e5-9244-5662e63ef60b","local_time":"20201220213513","is_ascension_mode":true,"campfire_choices":[{"data":"Flying Knee","floor":6,"key":"SMITH"},{"data":"Skewer","floor":15,"key":"SMITH"},{"floor":24,"key":"REST"},{"data":"Malaise","floor":27,"key":"SMITH"},{"floor":32,"key":"REST"}],"circlet_count":0,"master_deck":["Defend_G","Defend_G","Defend_G","Defend_G","Defend_G","Survivor","Neutralize","Flying Knee+1","PiercingWail","Dagger Spray","Skewer+1","Noxious Fumes","Malaise+1","Adrenaline","Terror","Die Die Die"],"relics":["Busted Crown","Torii","Gambling Chip","Bird Faced Urn","Empty Cage","Frozen Egg 2","Orichalcum","Lantern","InkBottle","Enchiridion","Anchor","Philosopher\u0027s Stone","OrangePellets","Red Mask"],"acts_visited":["Exordium","TheCity","TheBeyond"],"potions_floor_usage":[8,18,23,23,23,25,25,33,40],"damage_taken":[{"damage":5,"enemies":"Cultist","floor":1,"turns":5},{"damage":0,"enemies":"Jaw Worm","floor":2,"turns":4},{"damage":4,"enemies":"Small Slimes","floor":4,"turns":4},{"damage":9,"enemies":"Red Slaver","floor":7,"turns":6},{"damage":26,"enemies":"Gremlin Nob","floor":8,"turns":5},{"damage":9,"enemies":"Exordium Thugs","floor":11,"turns":5},{"damage":8,"enemies":"Lagavulin","floor":12,"turns":6},{"damage":0,"enemies":"Exordium Wildlife","floor":14,"turns":2},{"damage":16,"enemies":"The Guardian","floor":16,"turns":11},{"damage":14,"enemies":"2 Thieves","floor":18,"turns":4},{"damage":0,"enemies":"Chosen","floor":21,"turns":3},{"damage":30,"enemies":"Gremlin Leader","floor":23,"turns":7},{"damage":10,"enemies":"Slavers","floor":25,"turns":7},{"damage":0,"enemies":"Centurion and Healer","floor":28,"turns":6},{"damage":8,"enemies":"Snecko","floor":31,"turns":4},{"damage":44,"enemies":"Collector","floor":33,"turns":10},{"damage":22,"enemies":"3 Darklings","floor":35,"turns":8},{"damage":25,"enemies":"3 Shapes","floor":37,"turns":3},{"damage":96,"enemies":"Giant Head","floor":40,"turns":8}],"seed_played":"-2583350538118473070","potions_obtained":[{"floor":2,"key":"LiquidBronze"},{"floor":4,"key":"SteroidPotion"},{"floor":12,"key":"LiquidMemories"},{"floor":14,"key":"Fire Potion"},{"floor":16,"key":"EntropicBrew"},{"floor":25,"key":"ColorlessPotion"},{"floor":28,"key":"PowerPotion"},{"floor":35,"key":"LiquidBronze"},{"floor":37,"key":"Explosive Potion"}],"is_trial":false,"path_per_floor":["M","M","?","M","?","R","M","E","T","?","M","E","$","M","R","B",null,"M","?","?","M","?","E","R","E","T","R","M","?","T","M","R","B",null,"M","$","M","?","?","E"],"character_chosen":"THE_SILENT","items_purchased":["Noxious Fumes","OrangePellets","Terror","Die Die Die"],"campfire_rested":2,"item_purchase_floors":[13,36,36,36],"current_hp_per_floor":[65,65,65,61,66,66,57,31,31,75,66,58,58,58,58,44,75,61,61,61,63,63,35,57,49,49,49,51,35,35,31,53,13,75,53,53,32,66,66,0,0],"gold":0,"neow_bonus":"BOSS_RELIC","is_daily":false,"chose_seed":false,"campfire_upgraded":3,"win_rate":0.0,"timestamp":1608521713,"path_taken":["M","M","?","M","?","R","M","E","T","?","?","E","$","M","R","BOSS","M","?","?","M","?","E","R","E","T","R","?","?","?","?","R","BOSS","M","$","M","?","?","E"],"items_purchased_type":["Card","Relic","Card","Card"],"build_version":"2020-12-13","purchased_purges":1,"victory":false,"max_hp_per_floor":[70,70,70,70,75,75,75,75,75,75,75,75,75,75,75,75,75,75,75,75,75,75,75,75,75,75,75,75,75,75,75,75,75,75,75,75,75,66,66,66,66],"relic_stats":{"OrangePellets":[1],"Busted Crown":36,"Torii":28,"counters":[19,108],"Gambling Chip":[36],"Bird Faced Urn":[24],"Orichalcum":[90],"obtain_stats":[{"Lantern":25,"Torii":8,"Enchiridion":29,"Frozen Egg 2":22,"Orichalcum":23,"Empty Cage":17,"OrangePellets":36,"Anchor":30,"Busted Crown":0,"Gambling Chip":9,"Bird Faced Urn":12,"Philosopher\u0027s Stone":34,"Red Mask":39,"InkBottle":26,"Ring of the Snake":0},{"Lantern":13,"Torii":5,"Enchiridion":14,"Frozen Egg 2":11,"Orichalcum":12,"Empty Cage":9,"OrangePellets":17,"Anchor":14,"Busted Crown":0,"Gambling Chip":5,"Bird Faced Urn":7,"Philosopher\u0027s Stone":16,"Red Mask":18,"InkBottle":13,"Ring of the Snake":0},{"Lantern":69,"Torii":24,"Enchiridion":75,"Frozen Egg 2":55,"Orichalcum":62,"Empty Cage":48,"OrangePellets":97,"Anchor":75,"Busted Crown":0,"Gambling Chip":24,"Bird Faced Urn":35,"Philosopher\u0027s Stone":89,"Red Mask":100,"InkBottle":69,"Ring of the Snake":0}],"InkBottle":[16]},"card_choices":[{"not_picked":[],"picked":"Flying Knee","floor":1},{"not_picked":["Deflect"],"picked":"SKIP","floor":2},{"not_picked":[],"picked":"PiercingWail","floor":4},{"not_picked":["PiercingWail"],"picked":"SKIP","floor":7},{"not_picked":[],"picked":"Dagger Spray","floor":8},{"not_picked":[],"picked":"Skewer","floor":11},{"not_picked":["Reflex"],"picked":"SKIP","floor":12},{"not_picked":["Choke"],"picked":"SKIP","floor":14},{"not_picked":[],"picked":"Malaise","floor":16},{"not_picked":["Flying Knee"],"picked":"SKIP","floor":18},{"not_picked":["Escape Plan"],"picked":"SKIP","floor":21},{"not_picked":["Flying Knee"],"picked":"SKIP","floor":23},{"not_picked":["Outmaneuver"],"picked":"SKIP","floor":25},{"not_picked":["Sucker Punch"],"picked":"SKIP","floor":28},{"not_picked":["Heel Hook"],"picked":"SKIP","floor":31},{"not_picked":[],"picked":"Adrenaline","floor":33},{"not_picked":["Flying Knee+1"],"picked":"SKIP","floor":35},{"not_picked":["Terror"],"picked":"SKIP","floor":37}],"player_experience":104132,"relics_obtained":[{"floor":8,"key":"Torii"},{"floor":9,"key":"Gambling Chip"},{"floor":12,"key":"Bird Faced Urn"},{"floor":23,"key":"Orichalcum"},{"floor":25,"key":"Lantern"},{"floor":26,"key":"InkBottle"},{"floor":29,"key":"Enchiridion"},{"floor":30,"key":"Anchor"}],"event_choices":[{"cards_removed":["Strike_G"],"damage_healed":0,"gold_gain":0,"player_choice":"Card Removal","damage_taken":0,"max_hp_gain":0,"max_hp_loss":0,"event_name":"The Cleric","floor":3,"gold_loss":50},{"damage_healed":0,"gold_gain":0,"player_choice":"Donut","damage_taken":0,"max_hp_gain":5,"max_hp_loss":0,"event_name":"Big Fish","floor":5,"gold_loss":0},{"damage_healed":44,"gold_gain":0,"player_choice":"Full Heal","damage_taken":0,"max_hp_gain":0,"max_hp_loss":0,"event_name":"Wheel of Change","floor":10,"gold_loss":0},{"cards_removed":["Strike_G"],"damage_healed":0,"gold_gain":0,"player_choice":"Gave Gold","damage_taken":0,"max_hp_gain":0,"max_hp_loss":0,"event_name":"Beggar","floor":19,"gold_loss":75},{"damage_healed":0,"gold_gain":0,"player_choice":"Ignored","damage_taken":0,"max_hp_gain":0,"max_hp_loss":0,"event_name":"Vampires","floor":20,"gold_loss":0},{"damage_healed":0,"gold_gain":0,"player_choice":"Paid Gold","damage_taken":0,"relics_obtained":["Frozen Egg 2"],"max_hp_gain":0,"max_hp_loss":0,"event_name":"WeMeetAgain","floor":22,"gold_loss":78},{"damage_healed":0,"gold_gain":0,"player_choice":"Obtained Book","damage_taken":16,"max_hp_gain":0,"max_hp_loss":0,"event_name":"Cursed Tome","floor":29,"gold_loss":0},{"damage_healed":66,"gold_gain":0,"player_choice":"Heal","damage_taken":0,"max_hp_gain":0,"max_hp_loss":9,"event_name":"The Moai Head","floor":38,"gold_loss":0},{"damage_healed":0,"gold_gain":0,"player_choice":"Paid","damage_taken":0,"relics_obtained":["Red Mask"],"max_hp_gain":0,"max_hp_loss":0,"event_name":"Tomb of Lord Red Mask","floor":39,"gold_loss":39}],"is_beta":false,"boss_relics":[{"not_picked":["Runic Dome","Ectoplasm"],"picked":"Empty Cage"},{"not_picked":["Velvet Choker","Fusion Hammer"],"picked":"Philosopher\u0027s Stone"}],"items_purged_floors":[13],"is_endless":false,"potions_floor_spawned":[2,4,12,14,16,25,28,35,37],"killed_by":"Giant Head","ascension_level":4}}