{"host":"5gc11emcm5chfr5t","time":1608525769,"event":{"mods":["2.2 Compatiblity","AchievementEnabler","BaseMod","Bestiary","Better Note","Colored Map","Colored Powertips","Downfall","Googly Eyes","Minty Spire (QoL Compilation)","Rare Cards Sparkle","StSLib"],"gold_per_floor":[99,129,129,129,54,85,109,34,34,69,81,81,81,94,94,165,165,165,177,177,205,222,240,240,240,270,270,270,290,290,290,310,389,389,389,389,389,314,314,314,314,314,331,356,1,21,35,60,77,77],"floor_reached":51,"playtime":2121,"items_purged":[],"score":1654,"play_id":"89a59004-a0e5-4d04-9731-b3dfddb1f41b","local_time":"20201220234249","is_ascension_mode":true,"campfire_choices":[{"floor":1,"key":"RECALL"},{"data":"sneckomod:Mudshield","floor":5,"key":"SMITH"},{"floor":8,"key":"REST"},{"floor":18,"key":"REST"},{"floor":25,"key":"REST"},{"floor":27,"key":"REST"},{"floor":35,"key":"REST"},{"data":"sneckomod:UnknownRarePower","floor":38,"key":"SMITH"},{"data":"expansioncontent:DefensiveStance","floor":40,"key":"SMITH"},{"data":"sneckomod:UnknownRarePower","floor":42,"key":"SMITH"}],"circlet_count":0,"master_deck":["AscendersBane","sneckomod:Strike","sneckomod:Strike","sneckomod:Strike","sneckomod:Defend","sneckomod:Defend","sneckomod:Defend+1","sneckomod:TailWhip","sneckomod:SnekBite","sneckomod:Unknown","sneckomod:Unknown","sneckomod:Mudshield+1","sneckomod:QuickBite+1","sneckomod:UnknownUncommonPower+1","sneckomod:ImprovisedGuard","sneckomod:DangerNoodle","sneckomod:WideSting","sneckomod:Nope","sneckomod:UnknownRarePower","sneckomod:UnknownStrength+1","sneckomod:SoulRoll+1","sneckomod:ImprovisedGuard","sneckomod:UnknownRarePower+1","sneckomod:ImprovisedGuard","sneckomod:SnekBeam","Necronomicurse","RitualDagger+1","sneckomod:SlitherStrike","sneckomod:UnknownRarePower+1","expansioncontent:DefensiveStance+1","sneckomod:SoulRoll","sneckomod:PureSnecko+1","sneckomod:UnknownCommonSkill","sneckomod:SnakeSap+1","sneckomod:DiceBlock+1","sneckomod:SlitherStrike+1","sneckomod:MasterEye","sneckomod:SoulCleanse","sneckomod:QuickMove+1","sneckomod:UnknownUncommonPower","sneckomod:Unknown1Cost","sneckomod:Nope","sneckomod:UnknownColorless","sneckomod:UnknownStrike+1","sneckomod:UnknownCommonAttack+1","sneckomod:UnknownStrike+1"],"relics":["sneckomod:SneckoSoul","downfall:HeartsMalice","StrikeDummy","downfall:HeartBlessingRed","Potion Belt","Akabeko","downfall:HeartBlessingGreen","Incense Burner","FossilizedHelix","Sozu","Dead Branch","Letter Opener","Boot","sneckomod:BabySnecko","Necronomicon","sneckomod:SneckoTalon","downfall:HeartBlessingBlue","Molten Egg 2","Shuriken","Orrery","Gambling Chip"],"acts_visited":["Exordium","TheCity","TheBeyond"],"potions_floor_usage":[10,16,16,19],"damage_taken":[{"damage":0,"enemies":"Lagavulin","floor":2,"turns":1},{"damage":0,"enemies":"downfall:FleeingMerchant","floor":4,"turns":1},{"damage":0,"enemies":"3 Sentries","floor":6,"turns":1},{"damage":2,"enemies":"Gremlin Nob","floor":10,"turns":3},{"damage":7,"enemies":"2 Louse","floor":11,"turns":3},{"damage":0,"enemies":"Jaw Worm","floor":14,"turns":2},{"damage":0,"enemies":"Cultist","floor":15,"turns":1},{"damage":56,"enemies":"downfall:Defect","floor":16,"turns":9},{"damage":22,"enemies":"3 Byrds","floor":19,"turns":5},{"damage":44,"enemies":"Slavers","floor":21,"turns":8},{"damage":16,"enemies":"Snake Plant","floor":22,"turns":4},{"damage":0,"enemies":"3 Cultists","floor":23,"turns":6},{"damage":3,"enemies":"Book of Stabbing","floor":26,"turns":4},{"damage":12,"enemies":"Centurion and Healer","floor":29,"turns":3},{"damage":0,"enemies":"Sentry and Sphere","floor":32,"turns":3},{"damage":15,"enemies":"downfall:Watcher","floor":33,"turns":4},{"damage":0,"enemies":"Orb Walker","floor":43,"turns":3},{"damage":45,"enemies":"Giant Head","floor":44,"turns":9},{"damage":0,"enemies":"downfall:FleeingMerchant","floor":45,"turns":4},{"damage":13,"enemies":"3 Shapes","floor":46,"turns":4},{"damage":0,"enemies":"Sphere and 2 Shapes","floor":47,"turns":4},{"damage":0,"enemies":"Mind Bloom Boss Battle","floor":48,"turns":5},{"damage":0,"enemies":"Transient","floor":49,"turns":6},{"damage":17,"enemies":"downfall:Silent","floor":50,"turns":12}],"seed_played":"4443446187632886833","potions_obtained":[{"floor":2,"key":"FearPotion"},{"floor":10,"key":"BlessingOfTheForge"},{"floor":11,"key":"Strength Potion"},{"floor":16,"key":"sneckomod:OffclassReductionPotion"}],"is_trial":false,"path_per_floor":["R","E","?","$","R","E","T","R","?","E","M","?","T","M","M","B",null,"R","M","?","E","M","M","T","R","E","R","?","M","?","?","M","B",null,"R","?","?","R","?","R","T","R","M","E","$","M","M","?","M","B",null],"character_chosen":"THE_SNECKO","items_purchased":["sneckomod:SnakeSap+1","Orrery","sneckomod:UnknownUncommonPower","sneckomod:Unknown1Cost"],"campfire_rested":5,"item_purchase_floors":[45,45,45,45],"current_hp_per_floor":[75,75,75,75,75,76,76,84,84,82,79,79,79,79,79,24,70,85,64,64,20,4,5,5,31,28,54,54,42,21,21,21,7,68,88,88,88,98,98,98,98,98,98,53,56,43,44,45,47,30],"gold":77,"neow_bonus":"THREE_ENEMY_KILL","is_daily":false,"chose_seed":false,"campfire_upgraded":4,"win_rate":0.0,"timestamp":1608525769,"path_taken":["R","E","?","$","R","E","T","R","?","E","M","?","?","M","M","BOSS","R","M","?","E","M","?","T","R","E","R","?","M","?","?","M","BOSS","R","?","?","R","?","R","T","R","M","E","$","M","?","?","M","BOSS"],"items_purchased_type":["Card","Relic","Card","Card"],"build_version":"2020-12-13","purchased_purges":0,"victory":true,"max_hp_per_floor":[83,83,83,83,83,84,84,84,84,84,84,84,84,84,84,85,85,85,86,86,86,86,87,87,87,87,87,87,87,87,87,87,88,88,88,88,88,98,98,98,98,98,98,98,101,101,102,103,105,105],"card_choices":[{"not_picked":["sneckomod:UnknownClassPURPLE","sneckomod:Unknown0Cost"],"picked":"sneckomod:Mudshield","floor":2},{"not_picked":["sneckomod:DiceCrush","sneckomod:UnknownCommonSkill"],"picked":"sneckomod:QuickBite","floor":4},{"not_picked":["sneckomod:Unknown1Cost","sneckomod:SoulDraw"],"picked":"sneckomod:UnknownUncommonPower","floor":6},{"not_picked":["sneckomod:WideSting","sneckomod:DiceBlock"],"picked":"sneckomod:ImprovisedGuard","floor":10},{"not_picked":["sneckomod:DiceCrush","sneckomod:Nope"],"picked":"sneckomod:DangerNoodle","floor":11},{"not_picked":["sneckomod:Rotation","sneckomod:UnknownClassSLIMEBOUND"],"picked":"sneckomod:WideSting","floor":14},{"not_picked":["sneckomod:DiceBlock","sneckomod:Unknown1Cost"],"picked":"sneckomod:Nope","floor":15},{"not_picked":["sneckomod:Mudshield","sneckomod:Transmogrify"],"picked":"sneckomod:UnknownRarePower","floor":16},{"not_picked":["sneckomod:SerpentIdol","sneckomod:DiceCrush"],"picked":"sneckomod:UnknownStrength+1","floor":19},{"not_picked":["sneckomod:WideSting","sneckomod:QuickMove"],"picked":"sneckomod:SoulRoll+1","floor":21},{"not_picked":["sneckomod:MixItUp","sneckomod:UnknownBlock"],"picked":"sneckomod:ImprovisedGuard","floor":22},{"not_picked":["sneckomod:SoulRoll","sneckomod:UnknownWeak"],"picked":"sneckomod:UnknownRarePower","floor":23},{"not_picked":["sneckomod:UnknownX","sneckomod:Rotation+1"],"picked":"sneckomod:ImprovisedGuard","floor":26},{"not_picked":["sneckomod:WideSting","sneckomod:UnknownClassTHE_CHAMP_GRAY"],"picked":"sneckomod:SnekBeam","floor":29},{"not_picked":["sneckomod:WideSting","sneckomod:DiceBlock"],"picked":"sneckomod:SlitherStrike","floor":32},{"not_picked":["sneckomod:Transmogrify","sneckomod:SerpentMind"],"picked":"sneckomod:UnknownRarePower","floor":33},{"not_picked":["expansioncontent:TimeRipple","expansioncontent:GuardianWhirl"],"picked":"expansioncontent:DefensiveStance","floor":37},{"not_picked":["sneckomod:PureSnecko+1","sneckomod:UnknownClassBLUE"],"picked":"sneckomod:SoulRoll","floor":43},{"not_picked":["sneckomod:UnknownCommonAttack+1","sneckomod:Rotation"],"picked":"sneckomod:PureSnecko+1","floor":44},{"not_picked":["sneckomod:UnknownClassSLIMEBOUND","sneckomod:Nope"],"picked":"sneckomod:UnknownCommonSkill","floor":45},{"not_picked":["sneckomod:UnknownCommonAttack+1","sneckomod:DiceBoulder+1"],"picked":"sneckomod:DiceBlock+1","floor":45},{"not_picked":["sneckomod:Unknown0Cost","sneckomod:ImprovisedAttack+1"],"picked":"sneckomod:SlitherStrike+1","floor":45},{"not_picked":["sneckomod:SoulDraw+1","sneckomod:UnknownClassGUARDIAN"],"picked":"sneckomod:MasterEye","floor":45},{"not_picked":["sneckomod:Rotation","sneckomod:DiceBlock"],"picked":"sneckomod:SoulCleanse","floor":45},{"not_picked":["sneckomod:PureSnecko","sneckomod:MasterEye"],"picked":"sneckomod:QuickMove+1","floor":45},{"not_picked":["sneckomod:DiceBlock","sneckomod:SoulDraw"],"picked":"sneckomod:Nope","floor":46},{"not_picked":["sneckomod:UnknownWeak","sneckomod:UnknownUncommonAttack+1"],"picked":"sneckomod:UnknownColorless","floor":47},{"not_picked":["sneckomod:Nope+1","sneckomod:MixItUp+1"],"picked":"sneckomod:UnknownStrike+1","floor":48},{"not_picked":["sneckomod:RainOfDice+1","sneckomod:UnknownDexterity+1"],"picked":"sneckomod:UnknownCommonAttack+1","floor":49},{"not_picked":["sneckomod:SoulDraw","sneckomod:UnknownVulnerable"],"picked":"sneckomod:UnknownStrike+1","floor":49}],"player_experience":462500,"relics_obtained":[{"floor":2,"key":"StrikeDummy"},{"floor":6,"key":"Potion Belt"},{"floor":7,"key":"Akabeko"},{"floor":10,"key":"Incense Burner"},{"floor":13,"key":"FossilizedHelix"},{"floor":21,"key":"Dead Branch"},{"floor":24,"key":"Letter Opener"},{"floor":26,"key":"Boot"},{"floor":30,"key":"Necronomicon"},{"floor":41,"key":"Molten Egg 2"},{"floor":44,"key":"Shuriken"},{"floor":48,"key":"Gambling Chip"}],"event_choices":[{"cards_removed":["Regret"],"damage_healed":0,"gold_gain":0,"player_choice":"Card Removal","damage_taken":0,"max_hp_gain":0,"max_hp_loss":0,"event_name":"The Cleric","floor":12,"gold_loss":0},{"damage_healed":0,"gold_gain":0,"player_choice":"Got Potions","damage_taken":0,"max_hp_gain":0,"max_hp_loss":0,"event_name":"Lab","floor":20,"gold_loss":0},{"cards_removed":["sneckomod:Bewildered"],"damage_healed":0,"gold_gain":0,"player_choice":"Purged","damage_taken":0,"max_hp_gain":0,"max_hp_loss":0,"event_name":"Purifier","floor":39,"gold_loss":0}],"is_beta":false,"boss_relics":[{"not_picked":["Empty Cage","Tiny House"],"picked":"Sozu"},{"not_picked":["Velvet Choker","Fusion Hammer"],"picked":"sneckomod:SneckoTalon"}],"items_purged_floors":[],"is_endless":false,"potions_floor_spawned":[2,10,11,16,19,22,26,32,46,49],"ascension_level":20}}