{"host":"z60ck2mpr6goyib8","time":1608542363,"event":{"mods":["BaseMod","Best Route Mod","Bestiary","Better Third Choice","Block Reminder","Colored Map","Colored Powertips","Googly Eyes","Minty Spire (QoL Compilation)","Quick Restart","Relic Stats","Slay-I","StSLib","everything is the same but u backflip on backflip"],"gold_per_floor":[99,99,79,79,79,79,79,79,79,79,79,79,79,79,79,79,79,79,79,0,0,0,0,0,0,0,0,0,0,0,0],"floor_reached":30,"playtime":743,"items_purged":[],"score":381,"play_id":"c09eed06-aab7-4ac2-b045-d359e3e14e38","local_time":"20201221091923","is_ascension_mode":true,"campfire_choices":[{"data":"Armaments","floor":7.0,"key":"SMITH"},{"data":"True Grit","floor":8.0,"key":"SMITH"},{"data":"Pummel","floor":10.0,"key":"SMITH"},{"data":"Bash","floor":12.0,"key":"SMITH"},{"floor":15.0,"key":"REST"},{"data":"Demon Form","floor":23.0,"key":"SMITH"},{"data":"Fiend Fire","floor":25.0,"key":"SMITH"},{"floor":27.0,"key":"REST"},{"data":"RitualDagger","floor":29.0,"key":"SMITH"}],"circlet_count":0,"master_deck":["AscendersBane","Strike_R","Strike_R+1","Strike_R","Strike_R+1","Defend_R","Defend_R","Defend_R","Defend_R","Bash+1","Armaments+1","Sword Boomerang","True Grit+1","Cleave","Pummel+1","Demon Form+1","Fiend Fire+1","RitualDagger+1","Spot Weakness+1"],"relics":["Ectoplasm","WingedGreaves","Letter Opener","Juzu Bracelet","Philosopher\u0027s Stone","Orichalcum","White Beast Statue"],"acts_visited":["Exordium","TheCity"],"potions_floor_usage":[30],"damage_taken":[{"damage":4.0,"enemies":"Jaw Worm","floor":1.0,"turns":3.0},{"damage":1.0,"enemies":"Cultist","floor":2.0,"turns":3.0},{"damage":0.0,"enemies":"Small Slimes","floor":4.0,"turns":2.0},{"damage":6.0,"enemies":"Blue Slaver","floor":5.0,"turns":4.0},{"damage":10.0,"enemies":"3 Sentries","floor":6.0,"turns":5.0},{"damage":29.0,"enemies":"Lagavulin","floor":13.0,"turns":5.0},{"damage":2.0,"enemies":"The Guardian","floor":16.0,"turns":7.0},{"damage":6.0,"enemies":"Spheric Guardian","floor":18.0,"turns":4.0},{"damage":9.0,"enemies":"Chosen","floor":21.0,"turns":3.0},{"damage":49.0,"enemies":"Book of Stabbing","floor":24.0,"turns":5.0},{"damage":5.0,"enemies":"Centurion and Healer","floor":28.0,"turns":4.0},{"damage":32,"enemies":"Snake Plant","floor":30,"turns":4}],"seed_played":"2273560914893320105","potions_obtained":[{"floor":2.0,"key":"Weak Potion"},{"floor":3.0,"key":"LiquidMemories"},{"floor":6.0,"key":"LiquidMemories"},{"floor":11.0,"key":"Fire Potion"},{"floor":11.0,"key":"BloodPotion"},{"floor":16.0,"key":"Block Potion"},{"floor":24.0,"key":"Strength Potion"},{"floor":28.0,"key":"DuplicationPotion"}],"is_trial":false,"path_per_floor":["M","M","?","M","M","E","R","R","T","R","?","R","E","?","R","B",null,"M","?","?","M","?","R","E","R","T","R","M","R","M"],"character_chosen":"IRONCLAD","items_purchased":[],"campfire_rested":2,"item_purchase_floors":[],"current_hp_per_floor":[68,67,67,67,61,51,51,51,51,51,51,51,22,6,30,28,67,61,55,55,46,46,46,13,13,13,37,32,32,0,0],"gold":0,"neow_bonus":"BOSS_RELIC","is_daily":false,"chose_seed":false,"campfire_upgraded":7,"win_rate":0.0,"timestamp":1608542363,"path_taken":["M","M","?","?","M","E","R","R","T","R","?","R","E","?","R","BOSS","M","?","?","M","?","R","E","R","T","R","M","R","M"],"items_purchased_type":[],"build_version":"2020-12-13","purchased_purges":0,"victory":false,"max_hp_per_floor":[80,80,80,80,80,80,80,80,80,80,80,80,80,80,80,80,80,80,80,80,80,80,80,80,80,80,80,80,80,80,80],"relic_stats":{"counters":[12,49],"Ectoplasm":369,"Juzu Bracelet":1,"Letter Opener":[15],"Orichalcum":[12],"obtain_stats":[{"Philosopher\u0027s Stone":17,"Ectoplasm":0,"WingedGreaves":6,"Juzu Bracelet":13,"Letter Opener":9,"Orichalcum":24,"Burning Blood":0,"White Beast Statue":26},{"Philosopher\u0027s Stone":7,"Ectoplasm":0,"WingedGreaves":5,"Juzu Bracelet":6,"Letter Opener":5,"Orichalcum":10,"Burning Blood":0,"White Beast Statue":10},{"Philosopher\u0027s Stone":29,"Ectoplasm":0,"WingedGreaves":17,"Juzu Bracelet":22,"Letter Opener":17,"Orichalcum":41,"Burning Blood":0,"White Beast Statue":41}]},"card_choices":[{"not_picked":["True Grit","Rage"],"picked":"Armaments","floor":1.0},{"not_picked":["Burning Pact","Warcry"],"picked":"Sword Boomerang","floor":2.0},{"not_picked":["Sword Boomerang","Twin Strike"],"picked":"True Grit","floor":4.0},{"not_picked":["Intimidate","Wild Strike"],"picked":"Cleave","floor":5.0},{"not_picked":["Sword Boomerang","Shrug It Off"],"picked":"Pummel","floor":6.0},{"not_picked":["Infernal Blade","Shrug It Off"],"picked":"Demon Form","floor":13.0},{"not_picked":["Barricade","Impervious"],"picked":"Fiend Fire","floor":16.0},{"not_picked":["Perfected Strike","Havoc","Headbutt"],"picked":"SKIP","floor":18.0},{"not_picked":["Dual Wield","Sever Soul","Wild Strike"],"picked":"SKIP","floor":21.0},{"not_picked":["Anger","Fire Breathing+1","Sword Boomerang"],"picked":"SKIP","floor":24.0},{"not_picked":["Sever Soul","Burning Pact"],"picked":"Spot Weakness+1","floor":28.0}],"player_experience":507927,"relics_obtained":[{"floor":6.0,"key":"WingedGreaves"},{"floor":9.0,"key":"Letter Opener"},{"floor":13.0,"key":"Juzu Bracelet"},{"floor":24.0,"key":"Orichalcum"},{"floor":26.0,"key":"White Beast Statue"}],"event_choices":[{"damage_healed":0.0,"max_hp_gain":0.0,"max_hp_loss":0.0,"gold_gain":0.0,"event_name":"The Woman in Blue","player_choice":"Bought 1 Potion","floor":3.0,"gold_loss":0.0,"damage_taken":0.0},{"damage_healed":0.0,"max_hp_gain":0.0,"max_hp_loss":0.0,"gold_gain":0.0,"event_name":"Lab","player_choice":"Got Potions","floor":11.0,"gold_loss":0.0,"damage_taken":0.0},{"damage_healed":22.0,"max_hp_gain":0.0,"max_hp_loss":80.0,"gold_gain":0.0,"event_name":"betterThird:BetterShining","player_choice":"Upgrade","floor":14.0,"gold_loss":0.0,"damage_taken":16.0,"cards_upgraded":["Strike_R","Strike_R"]},{"damage_healed":0.0,"max_hp_gain":0.0,"max_hp_loss":0.0,"gold_gain":0.0,"event_name":"betterThird:BetterNest","player_choice":"Dagger","floor":19.0,"gold_loss":0.0,"damage_taken":6.0,"cards_obtained":["RitualDagger"]},{"damage_healed":0.0,"max_hp_gain":0.0,"max_hp_loss":0.0,"gold_gain":0.0,"event_name":"Masked Bandits","player_choice":"Paid Fearfully","floor":20.0,"gold_loss":79.0,"damage_taken":0.0},{"cards_removed":["Strike_R"],"damage_healed":0.0,"max_hp_gain":0.0,"max_hp_loss":0.0,"gold_gain":0.0,"event_name":"betterThird:BetterWriting","player_choice":"Elegance","floor":22.0,"gold_loss":0.0,"damage_taken":0.0}],"is_beta":false,"boss_relics":[{"not_picked":["Runic Cube","SacredBark"],"picked":"Philosopher\u0027s Stone"}],"items_purged_floors":[],"is_endless":false,"potions_floor_spawned":[2,6,16,24,28],"killed_by":"Snake Plant","ascension_level":10}}