{"host":"irqpc5dtltfquxh7","time":1608547273,"event":{"mods":["2.2 Compatiblity","AchievementEnabler","Act Like it!","BaseMod","Better Third Choice","BetterRewards","CapriCore","Colored Map","Colored Powertips","Friendly Minions","Gensokyo","Highlight Path","Minty Spire (QoL Compilation)","Permanent Neow","Shop Mod","Spicy Shops","StSLib","Unknown Chances","Waifu the Spire"],"gold_per_floor":[113,113,126,126,143,143,178,0,0,0,15,15,26,26,26,26,26],"floor_reached":16,"playtime":559,"items_purged":[],"score":100,"play_id":"c303eb9f-8c7a-424e-91c8-cc583b0afbc7","local_time":"20201221164113","is_ascension_mode":false,"campfire_choices":[{"data":"Armaments","floor":6,"key":"SMITH"},{"floor":10,"key":"REST"},{"data":"Bash","floor":12,"key":"SMITH"},{"data":"Shrug It Off","floor":15,"key":"SMITH"}],"circlet_count":0,"master_deck":["Strike_R","Strike_R","Strike_R","Strike_R","Strike_R","Defend_R","Defend_R","Defend_R","Defend_R","Bash+1","Thunderclap","Armaments+1","Shrug It Off","Shrug It Off+1"],"relics":["Burning Blood","Pocketwatch","Unceasing Top","Membership Card","Singing Bowl"],"acts_visited":["Gensokyo:Gensokyo"],"potions_floor_usage":[16,16,16],"damage_taken":[{"damage":11,"enemies":"Gensokyo:Gryphon","floor":1,"turns":5},{"damage":11,"enemies":"Gensokyo:Python","floor":3,"turns":3},{"damage":6,"enemies":"Gensokyo:2_Kodama","floor":5,"turns":3},{"damage":34,"enemies":"Gensokyo:Aya","floor":7,"turns":6},{"damage":7,"enemies":"Gensokyo:Kitsune","floor":11,"turns":4},{"damage":20,"enemies":"Gensokyo:2_Rabbits","floor":13,"turns":8},{"damage":53,"enemies":"Gensokyo:Yukari","floor":16,"turns":11}],"seed_played":"-6294176884848367270","potions_obtained":[{"floor":5,"key":"BlessingOfTheForge"},{"floor":7,"key":"Ancient Potion"},{"floor":13,"key":"SpeedPotion"}],"is_trial":false,"path_per_floor":["M","?","M","$","M","R","E","$","T","R","M","R","M","?","R","B"],"character_chosen":"IRONCLAD","items_purchased":["Membership Card","Shrug It Off"],"campfire_rested":1,"item_purchase_floors":[8,8],"current_hp_per_floor":[51,43,38,38,38,38,10,10,10,34,35,35,23,48,48,0,0],"gold":26,"neow_bonus":"ONE_RARE_RELIC","is_daily":false,"chose_seed":false,"campfire_upgraded":3,"win_rate":0.0,"timestamp":1608547273,"path_taken":["M","?","?","$","?","R","E","?","T","R","M","R","?","?","R","BOSS"],"items_purchased_type":["Relic","Card"],"build_version":"2020-12-13","purchased_purges":0,"victory":false,"max_hp_per_floor":[80,80,80,80,80,80,80,80,80,80,82,82,84,84,84,84,84],"card_choices":[{"not_picked":["Sword Boomerang","Evolve"],"picked":"Thunderclap","floor":1},{"not_picked":["Hemokinesis","Wild Strike","Headbutt"],"picked":"SKIP","floor":3},{"not_picked":["Dual Wield","Thunderclap"],"picked":"Armaments","floor":5},{"not_picked":["Hemokinesis","Havoc"],"picked":"Shrug It Off","floor":7},{"not_picked":["Fire Breathing","Perfected Strike","Rage"],"picked":"Singing Bowl","floor":11},{"not_picked":["Dropkick","Warcry","Brutality"],"picked":"Singing Bowl","floor":13}],"player_experience":395636,"relics_obtained":[{"floor":7,"key":"Unceasing Top"},{"floor":9,"key":"Singing Bowl"}],"event_choices":[],"is_beta":false,"boss_relics":[],"items_purged_floors":[],"is_endless":false,"potions_floor_spawned":[5,7,13],"killed_by":"Gensokyo:Yukari","ascension_level":0}}