{"host":"ixbvfs3so5a39bhe","time":1608546043,"event":{"mods":["BaseMod","Minty Spire (QoL Compilation)","Quick Restart","StSLib"],"gold_per_floor":[115,190,365,377,377,407,407,407,407],"floor_reached":8,"playtime":181,"items_purged":[],"score":95,"play_id":"27e199f4-1fe2-4b33-b706-de59a977bb97","local_time":"20201221182043","is_ascension_mode":true,"campfire_choices":[{"data":"Eruption","floor":7.0,"key":"SMITH"}],"circlet_count":0,"master_deck":["Strike_P","Strike_P","Strike_P","Strike_P","Defend_P","Defend_P","Defend_P","Defend_P","Eruption+1","Vigilance","Doubt","Crescendo"],"relics":["PureWater","NeowsBlessing","Akabeko","Omamori"],"acts_visited":["Exordium"],"potions_floor_usage":[],"damage_taken":[{"damage":0.0,"enemies":"2 Louse","floor":1.0,"turns":1.0},{"damage":0.0,"enemies":"Small Slimes","floor":4.0,"turns":2.0},{"damage":0.0,"enemies":"Gremlin Nob","floor":6.0,"turns":1.0},{"damage":27,"enemies":"3 Sentries","floor":8,"turns":4}],"seed_played":"-2666767107541830458","potions_obtained":[],"is_trial":false,"path_per_floor":["M","?","?","M","?","E","R","E"],"character_chosen":"WATCHER","items_purchased":[],"campfire_rested":0,"item_purchase_floors":[],"current_hp_per_floor":[72,61,61,61,43,43,43,16,16],"gold":407,"neow_bonus":"THREE_ENEMY_KILL","is_daily":false,"chose_seed":false,"campfire_upgraded":1,"win_rate":0.0,"timestamp":1608546043,"path_taken":["M","?","?","M","?","E","R","E"],"items_purchased_type":[],"build_version":"2020-12-13","purchased_purges":0,"victory":false,"max_hp_per_floor":[72,72,72,72,72,72,72,72,72],"card_choices":[{"not_picked":["FollowUp","Crescendo","Evaluate"],"picked":"SKIP","floor":1.0},{"not_picked":["Halt","CutThroughFate","CarveReality"],"picked":"SKIP","floor":4.0},{"not_picked":["Conclude","DeceiveReality"],"picked":"Crescendo","floor":6.0}],"player_experience":189138,"relics_obtained":[{"floor":6.0,"key":"Omamori"}],"event_choices":[{"damage_healed":0.0,"max_hp_gain":0.0,"max_hp_loss":0.0,"gold_gain":75.0,"event_name":"World of Goop","player_choice":"Gather Gold","floor":2.0,"gold_loss":0.0,"damage_taken":11.0},{"damage_healed":0.0,"max_hp_gain":0.0,"max_hp_loss":0.0,"gold_gain":175.0,"event_name":"Liars Game","player_choice":"AGREE","floor":3.0,"gold_loss":0.0,"damage_taken":0.0,"cards_obtained":["Doubt"]},{"damage_healed":0.0,"max_hp_gain":0.0,"max_hp_loss":0.0,"gold_gain":0.0,"event_name":"Scrap Ooze","player_choice":"Success","floor":5.0,"gold_loss":0.0,"damage_taken":18.0,"relics_obtained":["Akabeko"]}],"is_beta":false,"boss_relics":[],"items_purged_floors":[],"is_endless":false,"potions_floor_spawned":[],"killed_by":"3 Sentries","ascension_level":4}}