{"host":"evas95mgssit1md2","time":1608563533,"event":{"mods":["AchievementEnabler","BaseMod","Downfall","Hubris","Minty Spire (QoL Compilation)","Replay The Spire","StSLib"],"gold_per_floor":[99,17,17,17,17,17,91,91,118,118,128,140,58,68,164,164,164,164,89,119,154,154,79,113,52,62,162,102,119,219,219,245,272,197,197,222,249,249,278,303,303,319,338,338],"floor_reached":51,"playtime":4197,"items_purged":["champ:Strike"],"score":879,"play_id":"ddb4327c-1b42-4374-a068-610c514cca29","local_time":"20201221091213","is_ascension_mode":false,"campfire_choices":[{"floor":1,"key":"DIG"},{"floor":4,"key":"REST"},{"data":"champ:RisingSlash","floor":8,"key":"SMITH"},{"data":"champ:VampiricStrike","floor":10,"key":"SMITH"},{"floor":18,"key":"RECALL"},{"data":"champ:HoldFirm","floor":20,"key":"SMITH"},{"data":"Replay:SS_hec_2","floor":39,"key":"SMITH"},{"data":"champ:Taunt","floor":43,"key":"SMITH"}],"circlet_count":0,"master_deck":["champ:Strike","champ:Strike","champ:Strike","champ:Defend","champ:Defend","champ:Execute+1","champ:Taunt+1","champ:FaceSlap","champ:FocusedGladiator","champ:Haymaker","champ:RisingSlash+1","champ:VampiricStrike+1","champ:Haymaker","champ:FocusedDefense+1","champ:HoldFirm+1","champ:ShieldThrow","champ:ShieldSlam","champ:ArenaPreparation","champ:Devastate","champ:HoldFirm","champ:HoldFirm","Replay:SS_hec_2+1","champ:ShieldThrow+1","champ:Circumvent","J.A.X.+1","champ:PreciseThrust","champ:Devastate","Pot Of Greed","Pot Of Greed","Pot Of Greed","champ:RapidStrikes+1","champ:ShieldSlam+1"],"relics":["champ:ChampionCrown","downfall:HeartsMalice","hubris:SlimyHat","Mercury Hourglass","hubris:Teleporter","expansioncontent:StudyCardRelic","downfall:HeartBlessingRed","Orichalcum","The Courier","Sundial","Pocketwatch","Gremlin Food","Replay:Baseball","MutagenicStrength","Ring of Chaos","Bag of Marbles","downfall:HeartBlessingBlue","hubris:Towel","Grinning Jar","Molten Egg 2","Shuriken","Whetstone"],"acts_visited":["Exordium","TheCity","TheBeyond"],"potions_floor_usage":[16,16,28,30,44],"damage_taken":[{"damage":0,"enemies":"downfall:FleeingMerchant","floor":2,"turns":1},{"damage":0,"enemies":"Jaw Worm","floor":5,"turns":1},{"damage":0,"enemies":"downfall:FleeingMerchant","floor":6,"turns":1},{"damage":22,"enemies":"3 Sentries","floor":9,"turns":5},{"damage":0,"enemies":"Cultist","floor":12,"turns":2},{"damage":0,"enemies":"2 Louse","floor":13,"turns":1},{"damage":5,"enemies":"downfall:FleeingMerchant","floor":14,"turns":4},{"damage":6,"enemies":"Large Slime","floor":15,"turns":5},{"damage":36,"enemies":"downfall:Silent","floor":16,"turns":6},{"damage":22,"enemies":"Replay:Snechameleon","floor":21,"turns":5},{"damage":37,"enemies":"Gremlin Leader","floor":23,"turns":7},{"damage":5,"enemies":"downfall:FleeingMerchant","floor":26,"turns":4},{"damage":22,"enemies":"Book of Stabbing","floor":27,"turns":5},{"damage":5,"enemies":"downfall:FleeingMerchant","floor":28,"turns":4},{"damage":0,"enemies":"Chosen","floor":29,"turns":3},{"damage":0,"enemies":"downfall:Augmenter","floor":30,"turns":4},{"damage":19,"enemies":"Shelled Parasite and Fungi","floor":32,"turns":4},{"damage":11,"enemies":"downfall:Ironclad","floor":33,"turns":7},{"damage":0,"enemies":"R_Hoarder","floor":37,"turns":5},{"damage":6,"enemies":"Nemesis","floor":42,"turns":5},{"damage":28,"enemies":"Giant Head","floor":44,"turns":8},{"damage":8,"enemies":"3 Shapes","floor":48,"turns":2},{"damage":0,"enemies":"3 Darklings","floor":49,"turns":3},{"damage":14,"enemies":"downfall:Defect","floor":50,"turns":7}],"seed_played":"7889782050634285419","potions_obtained":[{"floor":13,"key":"Dexterity Potion"},{"floor":15,"key":"Cursed Concoction"},{"floor":23,"key":"AttackPotion"},{"floor":27,"key":"LifebloodPotion"},{"floor":32,"key":"Flashbang"},{"floor":33,"key":"SteroidPotion"},{"floor":42,"key":"PowerPotion"},{"floor":48,"key":"Adrenaline Potion"}],"is_trial":false,"path_per_floor":["R","$","?","R","M","$","T","R","E","R","M","M","$","M","B",null,"R","?","R","E","E","T","$","E","$","M","?","?","M","B",null,"R","E","R","?","T","E","R","E","T","?","M","M","B",null],"character_chosen":"THE_CHAMP","items_purchased":["champ:FocusedGladiator","champ:HoldFirm","Gremlin Food","champ:HoldFirm","Replay:Baseball","Replay:SS_hec_2"],"campfire_rested":1,"item_purchase_floors":[2,14,28,28,28,28],"current_hp_per_floor":[90,90,15,42,42,42,42,42,20,20,27,27,36,40,27,90,90,90,90,84,52,52,47,28,28,28,46,46,37,31,90,90,90,100,100,100,94,94,66,66,66,58,58,49],"gold":338,"neow_bonus":"THREE_ENEMY_KILL","is_daily":false,"chose_seed":false,"campfire_upgraded":5,"win_rate":0.0,"timestamp":1608563533,"path_taken":["R","$","?","R","M","?","T","R","E","R","?","M","$","M","BOSS","R","?","R","E","E","T","$","E","$","?","?","?","M","BOSS","R","E","R","?","T","E","R","E","?","?","M","M","BOSS"],"items_purchased_type":["Card","Card","Relic","Card","Relic","Card"],"build_version":"2020-12-13","purchased_purges":1,"victory":true,"max_hp_per_floor":[90,90,90,90,90,90,90,90,90,90,90,90,90,90,90,90,90,90,90,90,90,90,90,90,90,90,90,90,90,90,90,90,90,100,100,100,100,100,100,100,100,100,100,100],"card_choices":[{"not_picked":["champ:FlashCut","champ:GladiatorStyle"],"picked":"champ:FaceSlap","floor":2},{"not_picked":["champ:BringItOn","champ:Circumvent"],"picked":"champ:Haymaker","floor":5},{"not_picked":["champ:GladiatorsShout","champ:GladiatorStyle"],"picked":"champ:RisingSlash","floor":6},{"not_picked":["champ:Riposte","champ:FocusedGladiator"],"picked":"champ:VampiricStrike","floor":9},{"not_picked":["champ:FlashCut","champ:BerserkersShout","champ:GladiatorsShout"],"picked":"SKIP","floor":12},{"not_picked":["champ:DefensiveShout","champ:BerserkerStyle"],"picked":"champ:Haymaker","floor":13},{"not_picked":["champ:FanOfKnives","champ:SkillfulDodge"],"picked":"champ:FocusedDefense","floor":14},{"not_picked":["champ:GutPunch","champ:BladeFlurry"],"picked":"champ:ShieldThrow","floor":15},{"not_picked":["champ:DancingMaster","champ:SwordThrow"],"picked":"champ:ShieldSlam","floor":16},{"not_picked":["champ:ViciousMockery","champ:FanOfKnives","champ:PerfectedStrike"],"picked":"SKIP","floor":21},{"not_picked":["champ:IronFortress+1","champ:CalledShot+1","champ:StanceDance"],"picked":"SKIP","floor":23},{"not_picked":["champ:StanceDance+1","champ:AdrenalArmor"],"picked":"champ:ArenaPreparation","floor":26},{"not_picked":["champ:BerserkersShout","champ:FocusedBerserking"],"picked":"champ:Devastate","floor":27},{"not_picked":["champ:CrookedStrike","champ:BringItOn","champ:Riposte"],"picked":"SKIP","floor":28},{"not_picked":["champ:BladeFlurry","champ:TornadoPunch","champ:FlashCut"],"picked":"SKIP","floor":29},{"not_picked":[],"picked":"J.A.X.","floor":30},{"not_picked":["champ:PerfectedStrike","champ:BringItOn"],"picked":"champ:PreciseThrust","floor":30},{"not_picked":["champ:AdrenalArmor","champ:CrookedStrike","champ:GladiatorsShout"],"picked":"SKIP","floor":32},{"not_picked":["champ:DancingMaster","champ:CrownThrow"],"picked":"champ:Devastate","floor":33},{"not_picked":["champ:ArenaPreparation","champ:Encircle+1","champ:BringItOn+1"],"picked":"SKIP","floor":37},{"not_picked":["champ:DancingMaster","champ:TornadoPunch+1"],"picked":"champ:RapidStrikes+1","floor":42},{"not_picked":["champ:AdrenalArmor+1","champ:FocusedBerserking","champ:SkillfulDodge"],"picked":"SKIP","floor":44},{"not_picked":["champ:CrookedStrike+1","champ:GladiatorsShout","champ:Backstep+1"],"picked":"SKIP","floor":48},{"not_picked":["champ:BladeFlurry+1","champ:Encircle+1"],"picked":"champ:ShieldSlam+1","floor":49}],"player_experience":435119,"relics_obtained":[{"floor":1,"key":"hubris:SlimyHat"},{"floor":7,"key":"Mercury Hourglass"},{"floor":9,"key":"hubris:Teleporter"},{"floor":21,"key":"Orichalcum"},{"floor":23,"key":"The Courier"},{"floor":24,"key":"Sundial"},{"floor":27,"key":"Pocketwatch"},{"floor":30,"key":"MutagenicStrength"},{"floor":37,"key":"Bag of Marbles"},{"floor":41,"key":"Grinning Jar"},{"floor":42,"key":"Molten Egg 2"},{"floor":44,"key":"Shuriken"},{"floor":46,"key":"Whetstone"}],"event_choices":[{"damage_healed":0,"gold_gain":0,"player_choice":"Forge","damage_taken":0,"max_hp_gain":0,"max_hp_loss":0,"event_name":"Accursed Blacksmith","floor":19,"gold_loss":0,"cards_upgraded":["champ:FocusedDefense"]}],"is_beta":false,"boss_relics":[{"not_picked":["Snecko Eye","hubris:ScarierMask"],"picked":"expansioncontent:StudyCardRelic"},{"not_picked":["hubris:TerracottaHorce","Replay:Wanted Poster"],"picked":"Ring of Chaos"}],"items_purged_floors":[26],"is_endless":false,"potions_floor_spawned":[13,15,23,27,32,33,42,48],"ascension_level":0}}