{"host":"f5n4tidiz2n5sooh","time":1608546387,"event":{"mods":["BaseMod","Bestiary","Colored Map","Minty Spire (QoL Compilation)","Relic Stats","StSLib"],"gold_per_floor":[116,135,135,151,48,67,67,77,103,103,103],"floor_reached":10,"playtime":201,"items_purged":["Regret"],"score":120,"play_id":"c1386841-adaa-4325-a8aa-6359a75e158b","local_time":"20201221042627","is_ascension_mode":true,"campfire_choices":[{"data":"Ball Lightning","floor":7,"key":"SMITH"}],"circlet_count":0,"master_deck":["AscendersBane","Strike_B","Strike_B","Strike_B","Strike_B","Defend_B","Defend_B","Defend_B","Defend_B","Zap","Dualcast","Rebound","Reinforced Body","Gash","Ball Lightning+1","Reinforced Body"],"relics":["Busted Crown","Boot","Bag of Marbles"],"acts_visited":["Exordium"],"potions_floor_usage":[10],"damage_taken":[{"damage":9,"enemies":"2 Louse","floor":1,"turns":2},{"damage":4,"enemies":"Small Slimes","floor":2,"turns":2},{"damage":4,"enemies":"Jaw Worm","floor":4,"turns":4},{"damage":20,"enemies":"Exordium Wildlife","floor":6,"turns":4},{"damage":0,"enemies":"Red Slaver","floor":8,"turns":2},{"damage":33,"enemies":"Lagavulin","floor":10,"turns":3}],"seed_played":"1566095724518623559","potions_obtained":[{"floor":6,"key":"Dexterity Potion"}],"is_trial":false,"path_per_floor":["M","M","?","M","$","M","R","M","T","E"],"character_chosen":"DEFECT","items_purchased":["Ball Lightning"],"campfire_rested":0,"item_purchase_floors":[5],"current_hp_per_floor":[55,51,51,47,47,27,27,27,27,0,0],"gold":103,"neow_bonus":"BOSS_RELIC","is_daily":false,"chose_seed":false,"campfire_upgraded":1,"win_rate":0.0,"timestamp":1608546387,"path_taken":["M","M","?","M","$","M","R","M","T","E"],"items_purchased_type":["Card"],"build_version":"2020-12-13","purchased_purges":1,"victory":false,"max_hp_per_floor":[71,71,71,71,71,71,71,71,71,71,71],"relic_stats":{"Busted Crown":10,"counters":[6,17],"Boot":[6],"obtain_stats":[{"Busted Crown":0,"Bag of Marbles":9,"Cracked Core":0,"Boot":3},{"Busted Crown":0,"Bag of Marbles":5,"Cracked Core":0,"Boot":2},{"Busted Crown":0,"Bag of Marbles":14,"Cracked Core":0,"Boot":4}]},"card_choices":[{"not_picked":[],"picked":"Rebound","floor":1},{"not_picked":[],"picked":"Reinforced Body","floor":2},{"not_picked":[],"picked":"Gash","floor":4},{"not_picked":["Scrape"],"picked":"SKIP","floor":6},{"not_picked":[],"picked":"Reinforced Body","floor":8}],"player_experience":1911903,"relics_obtained":[{"floor":9,"key":"Bag of Marbles"}],"event_choices":[{"damage_healed":0,"gold_gain":0,"player_choice":"Box","damage_taken":0,"relics_obtained":["Boot"],"max_hp_gain":0,"max_hp_loss":0,"event_name":"Big Fish","floor":3,"gold_loss":0,"cards_obtained":["Regret"]}],"is_beta":false,"boss_relics":[],"items_purged_floors":[5],"is_endless":false,"potions_floor_spawned":[6],"killed_by":"Lagavulin","ascension_level":20}}