{"host":"5fasz840ryq7obdf","time":1608568974,"event":{"mods":["AchievementEnabler","BaseMod","Bestiary","Better Altar","Better Skull","Better Third Choice","BetterRewards","Block Reminder","Colored Powertips","Curses Come First","Minty Spire (QoL Compilation)","Quick Restart","Relic Stats","Shop Mod","Spicy Shops","StSLib"],"gold_per_floor":[114,114,125,125,135,135,165,212,212,47,65,99,99,134,134,213,213,227,227,237,250,264,296,346,381,430,448,459,475,475,507,507,580,580,595,620,510,37,49,74,88,108,108,137,153,18,50,50,50,50,50],"floor_reached":52,"playtime":3136,"items_purged":["Strike_R","Defend_R","Defend_R","Strike_R","Strike_R","Strike_R"],"score":2819,"play_id":"23f26daf-e02e-40d9-82f0-6e81cc50dd8c","local_time":"20201221164254","is_ascension_mode":true,"campfire_choices":[{"data":"Master of Strategy","floor":6,"key":"SMITH"},{"data":"Bash","floor":13,"key":"SMITH"},{"data":"Feed","floor":15,"key":"SMITH"},{"data":"Inflame","floor":30,"key":"SMITH"},{"data":"Inflame","floor":32,"key":"SMITH"},{"data":"Offering","floor":49,"key":"SMITH"}],"circlet_count":0,"master_deck":["AscendersBane","Strike_R","Defend_R+1","Defend_R+1","Bash+1","Reaper","The Bomb+1","Inflame","Master of Strategy+1","Reaper","Inflame+1","Shrug It Off","Inflame+1","Feed+1","Feed","Thunderclap","Rampage+1","Warcry+1","Bloodletting+1","Impervious","Offering+1","Seeing Red","Secret Weapon","Shrug It Off+1","True Grit+1","Whirlwind+1","Body Slam+1","Master of Strategy","Rupture"],"relics":["Burning Blood","Membership Card","HornCleat","Nunchaku","Mercury Hourglass","ClockworkSouvenir","Dream Catcher","Tiny Chest","HandDrill","Oddly Smooth Stone","War Paint","Blood Vial","Lantern","Meat on the Bone","Vajra","DollysMirror","Strange Spoon","Orichalcum","Gremlin Horn","Paper Frog","Red Skull","Philosopher\u0027s Stone","Happy Flower","Charon\u0027s Ashes","Bronze Scales","Bag of Marbles","Kunai","Pantograph","Potion Belt","SlaversCollar","Omamori","Strawberry","Letter Opener","Regal Pillow","Toy Ornithopter","Coffee Dripper","Champion Belt","PreservedInsect","Sling","Molten Egg 2","Pocketwatch","Peace Pipe","Boot","CeramicFish","Bottled Lightning"],"acts_visited":["Exordium","TheCity","TheBeyond"],"potions_floor_usage":[36,50],"damage_taken":[{"damage":7,"enemies":"Jaw Worm","floor":1,"turns":3},{"damage":0,"enemies":"Cultist","floor":3,"turns":2},{"damage":0,"enemies":"2 Louse","floor":5,"turns":1},{"damage":5,"enemies":"3 Sentries","floor":7,"turns":2},{"damage":0,"enemies":"Exordium Thugs","floor":11,"turns":1},{"damage":14,"enemies":"Lagavulin","floor":12,"turns":4},{"damage":3,"enemies":"3 Sentries","floor":14,"turns":3},{"damage":17,"enemies":"The Guardian","floor":16,"turns":6},{"damage":4,"enemies":"3 Byrds","floor":18,"turns":2},{"damage":13,"enemies":"Shell Parasite","floor":20,"turns":2},{"damage":0,"enemies":"Cultist and Chosen","floor":21,"turns":4},{"damage":4,"enemies":"Chosen and Byrds","floor":22,"turns":3},{"damage":10,"enemies":"Book of Stabbing","floor":23,"turns":3},{"damage":0,"enemies":"Slavers","floor":25,"turns":2},{"damage":0,"enemies":"3 Cultists","floor":27,"turns":2},{"damage":2,"enemies":"Centurion and Healer","floor":28,"turns":3},{"damage":0,"enemies":"Cultist and Chosen","floor":29,"turns":3},{"damage":0,"enemies":"Gremlin Leader","floor":31,"turns":3},{"damage":24,"enemies":"Champ","floor":33,"turns":7},{"damage":0,"enemies":"Orb Walker","floor":35,"turns":2},{"damage":30,"enemies":"Mind Bloom Boss Battle","floor":36,"turns":4},{"damage":6,"enemies":"3 Shapes","floor":39,"turns":2},{"damage":6,"enemies":"Reptomancer","floor":40,"turns":3},{"damage":21,"enemies":"Maw","floor":41,"turns":5},{"damage":6,"enemies":"3 Darklings","floor":42,"turns":1},{"damage":16,"enemies":"Nemesis","floor":44,"turns":3},{"damage":21,"enemies":"Transient","floor":45,"turns":6},{"damage":0,"enemies":"Reptomancer","floor":47,"turns":2},{"damage":23,"enemies":"Time Eater","floor":50,"turns":4},{"damage":21,"enemies":"Donu and Deca","floor":51,"turns":4}],"seed_played":"-3420949432477124245","potions_obtained":[{"floor":1,"key":"EssenceOfSteel"},{"floor":2,"key":"Swift Potion"},{"floor":22,"key":"HeartOfIron"},{"floor":23,"key":"CultistPotion"},{"floor":27,"key":"Energy Potion"},{"floor":39,"key":"SteroidPotion"}],"is_trial":false,"path_per_floor":["M","?","M","?","M","R","E","T","T","$","M","E","R","E","R","B",null,"M","?","M","M","M","E","T","E","T","M","M","M","R","E","R","B",null,"M","?","?","$","M","E","M","M","T","E","M","$","E","T","R","B","B",null],"character_chosen":"IRONCLAD","items_purchased":["Membership Card","HornCleat","Nunchaku","Reaper","The Bomb","Mercury Hourglass","ClockworkSouvenir","Dream Catcher","Tiny Chest","HandDrill","Oddly Smooth Stone","Inflame","War Paint","Blood Vial","Master of Strategy","Lantern","Meat on the Bone","Vajra","DollysMirror","Strange Spoon","Inflame","Orichalcum","Gremlin Horn","Paper Frog","Red Skull","Bag of Marbles","Kunai","Shrug It Off","PreservedInsect","Sling","Seeing Red","Molten Egg 2","Secret Weapon","Master of Strategy","Rupture"],"campfire_rested":0,"item_purchase_floors":[0,0,0,0,0,0,0,0,0,0,0,0,0,0,0,0,0,0,0,0,0,0,0,0,0,10,10,10,38,38,38,38,38,46,46],"current_hp_per_floor":[44,44,74,74,75,75,75,75,75,75,75,75,75,75,75,75,75,82,82,85,93,93,93,100,107,107,114,118,122,122,126,126,112,126,134,138,138,138,145,149,144,153,153,153,144,144,153,153,153,157,157],"gold":50,"neow_bonus":"","is_daily":false,"chose_seed":false,"campfire_upgraded":6,"win_rate":0.0,"timestamp":1608568974,"path_taken":["M","?","?","?","M","R","E","?","T","$","?","E","R","E","R","BOSS","M","?","?","M","M","E","?","E","T","M","M","M","R","E","R","BOSS","M","?","?","$","M","E","?","M","T","E","M","$","E","?","R","BOSS","BOSS"],"items_purchased_type":["Relic","Relic","Relic","Card","Card","Relic","Relic","Relic","Relic","Relic","Relic","Card","Relic","Relic","Card","Relic","Relic","Relic","Relic","Relic","Card","Relic","Relic","Relic","Relic","Relic","Relic","Card","Relic","Relic","Card","Relic","Card","Card","Card"],"build_version":"2020-12-13","purchased_purges":6,"victory":true,"max_hp_per_floor":[75,75,75,75,75,75,75,75,75,75,75,75,75,75,75,75,75,82,82,85,93,93,93,100,107,107,114,118,122,122,126,126,130,130,134,138,138,138,145,149,153,153,153,153,153,153,153,153,153,157,157],"relic_stats":{"Regal Pillow":0,"Gremlin Horn":[116,120],"CeramicFish":225,"Boot":[0],"Burning Blood":88,"Blood Vial":11,"Nunchaku":[35],"Dream Catcher":0,"Pantograph":0,"Tiny Chest":9,"HandDrill":[234],"Kunai":[86],"Happy Flower":[76],"counters":[143,409],"Charon\u0027s Ashes":[642],"PreservedInsect":1176,"Letter Opener":[826],"War Paint":["Entrench","True Grit","Defend_R","Trip","Defend_R","The Bomb"],"Orichalcum":[60],"Mercury Hourglass":[647],"Peace Pipe":6,"Strange Spoon":[148],"Bronze Scales":[315],"Champion Belt":[39],"obtain_stats":[{"Ginger":29,"Whetstone":124,"Bottled Tornado":62,"Sling":96,"Boot":44,"Blood Vial":0,"MealTicket":114,"HandDrill":39,"Kunai":106,"MerchantsRug":124,"Blue Candle":45,"Eternal Feather":106,"Pen Nib":23,"Akabeko":14,"SlaversCollar":17,"MutagenicStrength":22,"Bird Faced Urn":40,"StrikeDummy":34,"Unceasing Top":0,"Lantern":127,"Regal Pillow":8,"Singing Bowl":0,"Torii":31,"Magic Flower":14,"StoneCalendar":40,"Bag of Preparation":79,"Smiling Mask":7,"Ancient Tea Set":43,"Cursed Key":52,"Burning Blood":0,"Shovel":0,"Matryoshka":67,"InkBottle":117,"Paper Frog":90,"Potion Belt":81,"Self Forming Clay":13,"Golden Idol":54,"Circlet":142,"Thread and Needle":45,"The Courier":49,"PreservedInsect":0,"Omamori":46,"Frozen Egg 2":9,"Ornamental Fan":61,"Bloody Idol":123,"Orrery":0,"Turnip":12,"Art of War":119,"Bottled Lightning":27,"Champion Belt":124,"Toy Ornithopter":8,"Ice Cream":4,"Gremlin Horn":28,"CeramicFish":0,"Vajra":106,"Centennial Puzzle":12,"Lizard Tail":46,"HornCleat":101,"DollysMirror":19,"Strawberry":31,"Prayer Wheel":32,"Philosopher\u0027s Stone":0,"Toxic Egg 2":37,"Happy Flower":73,"Dead Branch":10,"Oddly Smooth Stone":34,"Charon\u0027s Ashes":133,"Letter Opener":89,"War Paint":106,"Du-Vu Doll":129,"OrangePellets":117,"Bottled Flame":9,"Shuriken":24,"Bronze Scales":125,"Molten Egg 2":0,"Black Star":17,"Pocketwatch":6,"Meat on the Bone":13,"Darkstone Periapt":26,"Mango":136,"Juzu Bracelet":0,"ClockworkSouvenir":0,"Frozen Eye":55,"Dream Catcher":40,"Nunchaku":0,"Mummified Hand":73,"Pantograph":117,"Gambling Chip":0,"Tiny Chest":42,"Red Mask":71,"Red Skull":0,"Orichalcum":0,"Medical Kit":96,"White Beast Statue":44,"Mercury Hourglass":84,"Calling Bell":34,"Peace Pipe":48,"Strange Spoon":0,"Cauldron":0,"CaptainsWheel":34,"Anchor":96,"Bag of Marbles":47,"Coffee Dripper":34,"Membership Card":79,"TungstenRod":38,"FossilizedHelix":39},{"Ginger":17,"Whetstone":75,"Bottled Tornado":35,"Sling":58,"Boot":139,"Blood Vial":113,"MealTicket":70,"HandDrill":23,"Kunai":65,"MerchantsRug":75,"Blue Candle":27,"Eternal Feather":65,"Pen Nib":13,"Akabeko":92,"SlaversCollar":9,"MutagenicStrength":12,"Bird Faced Urn":105,"StrikeDummy":20,"Unceasing Top":0,"Lantern":76,"Regal Pillow":91,"Singing Bowl":86,"Torii":99,"Magic Flower":8,"StoneCalendar":105,"Bag of Preparation":48,"Smiling Mask":4,"Ancient Tea Set":25,"Cursed Key":31,"Burning Blood":0,"Shovel":0,"Matryoshka":39,"InkBottle":72,"Paper Frog":53,"Potion Belt":49,"Self Forming Clay":7,"Golden Idol":32,"Circlet":84,"Thread and Needle":106,"The Courier":29,"PreservedInsect":86,"Omamori":28,"Frozen Egg 2":5,"Ornamental Fan":35,"Bloody Idol":75,"Orrery":86,"Turnip":7,"Art of War":73,"Bottled Lightning":15,"Champion Belt":75,"Toy Ornithopter":5,"Ice Cream":2,"Gremlin Horn":16,"CeramicFish":86,"Vajra":65,"Centennial Puzzle":92,"Lizard Tail":107,"HornCleat":62,"DollysMirror":94,"Strawberry":19,"Prayer Wheel":19,"Philosopher\u0027s Stone":113,"Toxic Egg 2":22,"Happy Flower":43,"Dead Branch":6,"Oddly Smooth Stone":20,"Charon\u0027s Ashes":80,"Letter Opener":53,"War Paint":65,"Du-Vu Doll":77,"OrangePellets":72,"Bottled Flame":91,"Shuriken":14,"Bronze Scales":75,"Molten Egg 2":86,"Black Star":93,"Pocketwatch":3,"Meat on the Bone":7,"Darkstone Periapt":14,"Mango":82,"Juzu Bracelet":86,"ClockworkSouvenir":86,"Frozen Eye":32,"Dream Catcher":24,"Nunchaku":86,"Mummified Hand":43,"Pantograph":72,"Gambling Chip":86,"Tiny Chest":25,"Red Mask":42,"Red Skull":86,"Orichalcum":113,"Medical Kit":58,"White Beast Statue":26,"Mercury Hourglass":51,"Calling Bell":20,"Peace Pipe":29,"Strange Spoon":86,"Cauldron":86,"CaptainsWheel":20,"Anchor":58,"Bag of Marbles":28,"Coffee Dripper":100,"Membership Card":48,"TungstenRod":23,"FossilizedHelix":104},{"Ginger":76,"Whetstone":242,"Bottled Tornado":153,"Sling":205,"Boot":393,"Blood Vial":317,"MealTicket":231,"HandDrill":100,"Kunai":219,"MerchantsRug":242,"Blue Candle":122,"Eternal Feather":219,"Pen Nib":61,"Akabeko":278,"SlaversCollar":39,"MutagenicStrength":57,"Bird Faced Urn":301,"StrikeDummy":89,"Unceasing Top":0,"Lantern":244,"Regal Pillow":277,"Singing Bowl":268,"Torii":291,"Magic Flower":33,"StoneCalendar":301,"Bag of Preparation":186,"Smiling Mask":16,"Ancient Tea Set":115,"Cursed Key":143,"Burning Blood":0,"Shovel":0,"Matryoshka":162,"InkBottle":235,"Paper Frog":193,"Potion Belt":187,"Self Forming Clay":29,"Golden Idol":147,"Circlet":266,"Thread and Needle":302,"The Courier":130,"PreservedInsect":268,"Omamori":129,"Frozen Egg 2":20,"Ornamental Fan":153,"Bloody Idol":242,"Orrery":268,"Turnip":29,"Art of War":237,"Bottled Lightning":71,"Champion Belt":242,"Toy Ornithopter":20,"Ice Cream":8,"Gremlin Horn":75,"CeramicFish":268,"Vajra":219,"Centennial Puzzle":278,"Lizard Tail":303,"HornCleat":211,"DollysMirror":282,"Strawberry":85,"Prayer Wheel":85,"Philosopher\u0027s Stone":317,"Toxic Egg 2":97,"Happy Flower":175,"Dead Branch":24,"Oddly Smooth Stone":89,"Charon\u0027s Ashes":257,"Letter Opener":193,"War Paint":219,"Du-Vu Doll":248,"OrangePellets":235,"Bottled Flame":277,"Shuriken":66,"Bronze Scales":242,"Molten Egg 2":268,"Black Star":280,"Pocketwatch":14,"Meat on the Bone":29,"Darkstone Periapt":66,"Mango":261,"Juzu Bracelet":268,"ClockworkSouvenir":268,"Frozen Eye":147,"Dream Catcher":109,"Nunchaku":268,"Mummified Hand":175,"Pantograph":235,"Gambling Chip":268,"Tiny Chest":115,"Red Mask":172,"Red Skull":268,"Orichalcum":317,"Medical Kit":205,"White Beast Statue":120,"Mercury Hourglass":189,"Calling Bell":89,"Peace Pipe":130,"Strange Spoon":268,"Cauldron":268,"CaptainsWheel":89,"Anchor":205,"Bag of Marbles":129,"Coffee Dripper":294,"Membership Card":186,"TungstenRod":100,"FossilizedHelix":300}],"Toy Ornithopter":43,"Meat on the Bone":96,"Pocketwatch":[113]},"card_choices":[{"not_picked":["Dark Embrace","Clothesline","Rage"],"picked":"SKIP","floor":1},{"not_picked":["Anger","Rampage","Ghostly Armor"],"picked":"SKIP","floor":3},{"not_picked":["Sword Boomerang","Pommel Strike","Feel No Pain"],"picked":"SKIP","floor":5},{"not_picked":["Flame Barrier","Perfected Strike","Flex"],"picked":"SKIP","floor":7},{"not_picked":["Pummel","Twin Strike"],"picked":"Inflame","floor":11},{"not_picked":["Anger","Evolve","Shrug It Off"],"picked":"SKIP","floor":12},{"not_picked":["Entrench","Pommel Strike"],"picked":"Feed","floor":14},{"not_picked":["Juggernaut","Fiend Fire"],"picked":"Feed","floor":16},{"not_picked":["Clothesline+1","Headbutt","Heavy Blade"],"picked":"SKIP","floor":18},{"not_picked":["Clothesline","Rage","Iron Wave"],"picked":"SKIP","floor":20},{"not_picked":["Cleave","Feed"],"picked":"Thunderclap","floor":21},{"not_picked":["Feel No Pain+1","Armaments+1"],"picked":"Rampage+1","floor":22},{"not_picked":["Heavy Blade+1","Bludgeon","Rampage"],"picked":"SKIP","floor":23},{"not_picked":["Pommel Strike","Cleave"],"picked":"Warcry+1","floor":25},{"not_picked":["Clash","Twin Strike","Clothesline+1"],"picked":"SKIP","floor":27},{"not_picked":["Carnage+1","Flex","Body Slam"],"picked":"SKIP","floor":28},{"not_picked":["Power Through","Wild Strike","Anger"],"picked":"SKIP","floor":29},{"not_picked":["Flex","Burning Pact"],"picked":"Bloodletting+1","floor":31},{"not_picked":["Bludgeon","Berserk"],"picked":"Impervious","floor":33},{"not_picked":["Anger","Clash","Iron Wave+1"],"picked":"SKIP","floor":35},{"not_picked":["Headbutt","Twin Strike+1"],"picked":"Offering","floor":36},{"not_picked":["Pommel Strike+1","Burning Pact","Iron Wave+1"],"picked":"SKIP","floor":39},{"not_picked":["Heavy Blade+1","Armaments"],"picked":"Shrug It Off+1","floor":40},{"not_picked":["Warcry","Spot Weakness"],"picked":"True Grit+1","floor":41},{"not_picked":["Anger+1","Sentinel+1"],"picked":"Whirlwind+1","floor":42},{"not_picked":["Barricade","Carnage+1"],"picked":"Body Slam+1","floor":44},{"not_picked":["Headbutt+1","Flex","Havoc"],"picked":"SKIP","floor":45},{"not_picked":["Warcry","Flex","Perfected Strike+1"],"picked":"SKIP","floor":47}],"player_experience":890109,"relics_obtained":[{"floor":7,"key":"Charon\u0027s Ashes"},{"floor":8,"key":"Bronze Scales"},{"floor":12,"key":"Pantograph"},{"floor":14,"key":"Potion Belt"},{"floor":23,"key":"Omamori"},{"floor":24,"key":"Strawberry"},{"floor":25,"key":"Letter Opener"},{"floor":26,"key":"Regal Pillow"},{"floor":31,"key":"Toy Ornithopter"},{"floor":36,"key":"Champion Belt"},{"floor":40,"key":"Pocketwatch"},{"floor":43,"key":"Peace Pipe"},{"floor":44,"key":"Boot"},{"floor":47,"key":"CeramicFish"},{"floor":48,"key":"Bottled Lightning"}],"event_choices":[{"damage_healed":0,"gold_gain":0,"player_choice":"Got Potions","damage_taken":0,"max_hp_gain":0,"max_hp_loss":0,"event_name":"Lab","floor":2,"gold_loss":0},{"damage_healed":0,"gold_gain":0,"player_choice":"Box","damage_taken":0,"relics_obtained":["Happy Flower"],"max_hp_gain":0,"max_hp_loss":0,"event_name":"Big Fish","floor":4,"gold_loss":0,"cards_obtained":["Regret"]},{"cards_removed":["Regret"],"damage_healed":0,"gold_gain":0,"player_choice":"Removed Curses","damage_taken":0,"max_hp_gain":0,"max_hp_loss":0,"event_name":"Fountain of Cleansing","floor":19,"gold_loss":0},{"damage_healed":0,"gold_gain":0,"player_choice":"Fight","damage_taken":0,"max_hp_gain":0,"max_hp_loss":0,"event_name":"MindBloom","floor":36,"gold_loss":0},{"cards_removed":["Power Through"],"damage_healed":0,"gold_gain":0,"player_choice":"Upgrade and Remove","damage_taken":0,"max_hp_gain":0,"max_hp_loss":0,"event_name":"Designer","floor":37,"gold_loss":110,"cards_upgraded":["Defend_R"]}],"is_beta":false,"boss_relics":[{"not_picked":["Ectoplasm","Tiny House"],"picked":"SlaversCollar"},{"not_picked":["Mark of Pain","Empty Cage"],"picked":"Coffee Dripper"}],"items_purged_floors":[0,0,0,0,0,38],"is_endless":false,"potions_floor_spawned":[1,5,12,22,23,27,28,35,39,40,44],"ascension_level":20}}