{"host":"jksa5rawk3m4gilz","time":1608555449,"event":{"mods":["BaseMod","Colored Map","Highlight Path","Minty Spire (QoL Compilation)","Quick Restart"],"gold_per_floor":[111,121,121,121,137,137,168,168,191,191,191,234,309,327,327,418,418,437,437,456,456,206,206,206],"floor_reached":23,"playtime":640,"items_purged":[],"score":325,"play_id":"bfc5c3b8-bf3a-4c8d-829d-7a85b2565740","local_time":"20201221135729","is_ascension_mode":true,"campfire_choices":[{"data":"WindmillStrike","floor":6,"key":"SMITH"},{"floor":10,"key":"REST"},{"floor":15,"key":"REST"}],"circlet_count":0,"master_deck":["AscendersBane","Strike_P","Strike_P","Defend_P","Defend_P","Defend_P","Vigilance","Fasting2","WindmillStrike+1","Crescendo","Crescendo","DeusExMachina","DevaForm","CutThroughFate+1","FollowUp+1","ConjureBlade+1","Meditate","RitualDagger"],"relics":["PureWater","NeowsBlessing","Oddly Smooth Stone","Golden Idol","Centennial Puzzle","StrikeDummy","Toy Ornithopter","Astrolabe","Bottled Lightning"],"acts_visited":["Exordium","TheCity"],"potions_floor_usage":[7,20],"damage_taken":[{"damage":0,"enemies":"Small Slimes","floor":1,"turns":1},{"damage":0,"enemies":"2 Louse","floor":2,"turns":1},{"damage":0,"enemies":"Jaw Worm","floor":5,"turns":1},{"damage":24,"enemies":"3 Sentries","floor":7,"turns":5},{"damage":8,"enemies":"Lagavulin","floor":12,"turns":5},{"damage":7,"enemies":"Exordium Thugs","floor":14,"turns":4},{"damage":17,"enemies":"The Guardian","floor":16,"turns":11},{"damage":6,"enemies":"Chosen","floor":18,"turns":3},{"damage":29,"enemies":"2 Thieves","floor":20,"turns":3},{"damage":20,"enemies":"Slavers","floor":23,"turns":2}],"seed_played":"7649063304673972504","potions_obtained":[{"floor":1,"key":"Explosive Potion"},{"floor":5,"key":"ColorlessPotion"},{"floor":7,"key":"Swift Potion"},{"floor":20,"key":"Energy Potion"}],"is_trial":false,"path_per_floor":["M","M","?","?","M","R","E","?","T","R","T","E","?","M","R","B",null,"M","$","M","?","$","E"],"character_chosen":"WATCHER","items_purchased":["Bottled Lightning"],"campfire_rested":2,"item_purchase_floors":[22],"current_hp_per_floor":[65,65,58,58,58,58,34,16,16,37,37,29,18,11,32,15,58,52,52,28,22,22,2,2],"gold":206,"neow_bonus":"THREE_ENEMY_KILL","is_daily":false,"chose_seed":false,"campfire_upgraded":1,"win_rate":0.0,"timestamp":1608555449,"path_taken":["M","M","?","?","M","R","E","?","T","R","?","E","?","?","R","BOSS","M","$","M","?","$","E"],"items_purchased_type":["Relic"],"build_version":"2020-12-13","purchased_purges":0,"victory":false,"max_hp_per_floor":[72,72,72,72,72,72,72,72,72,72,72,72,72,72,72,72,72,72,72,72,72,72,72,72],"card_choices":[{"not_picked":["Crescendo","Halt"],"picked":"Adaptation","floor":1},{"not_picked":["SignatureMove","EmptyFist"],"picked":"Fasting2","floor":2},{"not_picked":["ThirdEye","JustLucky"],"picked":"Crescendo","floor":5},{"not_picked":["CrushJoints","Tantrum"],"picked":"Crescendo","floor":7},{"not_picked":["Prostrate","CutThroughFate","FlyingSleeves"],"picked":"SKIP","floor":12},{"not_picked":["Halt","Adaptation"],"picked":"DeusExMachina","floor":14},{"not_picked":["Blasphemy","Scrawl"],"picked":"DevaForm","floor":16},{"not_picked":["CarveReality","WaveOfTheHand"],"picked":"Meditate","floor":18},{"not_picked":["Consecrate","Halt","EmptyBody+1"],"picked":"SKIP","floor":20}],"player_experience":2045194,"relics_obtained":[{"floor":7,"key":"Oddly Smooth Stone"},{"floor":9,"key":"Centennial Puzzle"},{"floor":11,"key":"StrikeDummy"},{"floor":12,"key":"Toy Ornithopter"}],"event_choices":[{"cards_removed":["Strike_P"],"damage_healed":0,"gold_gain":0,"player_choice":"Card Removal","damage_taken":7,"max_hp_gain":0,"max_hp_loss":0,"event_name":"Golden Wing","floor":3,"gold_loss":0},{"damage_healed":0,"gold_gain":0,"cards_transformed":["Strike_P"],"player_choice":"Change","damage_taken":0,"max_hp_gain":0,"max_hp_loss":0,"event_name":"Living Wall","floor":4,"gold_loss":0,"cards_obtained":["WindmillStrike"]},{"damage_healed":0,"gold_gain":0,"player_choice":"Take Damage","damage_taken":18,"relics_obtained":["Golden Idol"],"max_hp_gain":0,"max_hp_loss":0,"event_name":"Golden Idol","floor":8,"gold_loss":0},{"damage_healed":0,"gold_gain":75,"player_choice":"Gather Gold","damage_taken":11,"max_hp_gain":0,"max_hp_loss":0,"event_name":"World of Goop","floor":13,"gold_loss":0},{"damage_healed":0,"gold_gain":0,"player_choice":"Joined the Cult","damage_taken":6,"max_hp_gain":0,"max_hp_loss":0,"event_name":"Nest","floor":21,"gold_loss":0,"cards_obtained":["RitualDagger"]}],"is_beta":false,"boss_relics":[{"not_picked":["Tiny House","Philosopher\u0027s Stone"],"picked":"Astrolabe"}],"items_purged_floors":[],"is_endless":false,"potions_floor_spawned":[1,5,7,14,20],"killed_by":"Slavers","ascension_level":13}}