{"host":"3yynf0dn84873kbr","time":1608573933,"event":{"mods":["Act Like it!","BaseMod","CapriCore","Minty Spire (QoL Compilation)","Pale of the Ancients","Robot Space Explorer","StSLib","The Dragon Tamer","The Gatherer","[IsaacMod]ÒÔÈö¼âËþ"],"gold_per_floor":[114,127,127,163,175,210,235,266,278,290,320,383,91,104,104,229,229,249,274,274,287,202,202,226,0,0,0,0,0,16,40,40,40,40],"floor_reached":33,"playtime":1366,"items_purged":[],"score":266,"play_id":"6ad2bedd-339e-4bd5-8014-6303afdec73f","local_time":"20201222020533","is_ascension_mode":false,"campfire_choices":[{"data":"Armaments","floor":15.0,"key":"SMITH"},{"floor":23.0,"key":"REST"},{"floor":27,"key":"REST"},{"floor":29,"key":"DIG"},{"floor":32,"key":"REST"}],"circlet_count":0,"master_deck":["Strike_R","Strike_R","Strike_R","Strike_R","Strike_R","Defend_R","Defend_R","Defend_R","Defend_R","Bash","Armaments+1","Feed","Cleave","Headbutt","Shrug It Off","Iron Wave","Burning Pact","Juggernaut","Headbutt","Rampage","Warcry+1","Spot Weakness","Shrug It Off","Infernal Blade"],"relics":["Burning Blood","HushsDoor","Oddly Smooth Stone","BelialBook","MawBank","MealTicket","Golden Idol","White Beast Statue","SteamSale","Shovel","SlaversCollar","Turnip","Gremlin Horn","GuppysPaw"],"acts_visited":["Exordium","TheCity"],"potions_floor_usage":[30,30,30,31,31,33],"damage_taken":[{"damage":11.0,"enemies":"Jaw Worm","floor":1.0,"turns":2.0},{"damage":5.0,"enemies":"2 Louse","floor":2.0,"turns":3.0},{"damage":8.0,"enemies":"Small Slimes","floor":6.0,"turns":4.0},{"damage":12.0,"enemies":"Exordium Wildlife","floor":7.0,"turns":5.0},{"damage":7.0,"enemies":"Gremlin Gang","floor":8.0,"turns":3.0},{"damage":0.0,"enemies":"3 Louse","floor":11.0,"turns":3.0},{"damage":6.0,"enemies":"Blue Slaver","floor":14.0,"turns":4.0},{"damage":22.0,"enemies":"Slime Boss","floor":16.0,"turns":17.0},{"damage":35.0,"enemies":"Chosen","floor":18.0,"turns":6.0},{"damage":36.0,"enemies":"Shell Parasite","floor":19.0,"turns":9.0},{"damage":31.0,"enemies":"Shelled Parasite and Fungi","floor":21.0,"turns":12.0},{"damage":30.0,"enemies":"Sentry and Sphere","floor":24.0,"turns":9.0},{"damage":24,"enemies":"3 Cultists","floor":30,"turns":5},{"damage":41,"enemies":"Snecko","floor":31,"turns":7},{"damage":64,"enemies":"Collector","floor":33,"turns":9}],"seed_played":"-137626737026945182","potions_obtained":[{"floor":2.0,"key":"Explosive Potion"},{"floor":7.0,"key":"SteroidPotion"},{"floor":11.0,"key":"EntropicBrew"},{"floor":14.0,"key":"SkillPotion"},{"floor":16.0,"key":"GamblersBrew"},{"floor":19.0,"key":"SkillPotion"},{"floor":24.0,"key":"DuplicationPotion"},{"floor":31,"key":"ElixirPotion"}],"is_trial":false,"path_per_floor":["M","M","?","T","?","M","M","M","T","?","M","?","$","M","R","B",null,"M","M","?","M","?","R","M","?","T","R","$","R","M","M","R","B"],"character_chosen":"IRONCLAD","items_purchased":["SteamSale","Shovel"],"campfire_rested":3,"item_purchase_floors":[13,13],"current_hp_per_floor":[75,76,73,73,53,54,51,53,53,53,62,62,77,81,81,69,100,71,41,41,19,19,49,28,28,28,59,74,74,59,24,56,0,0],"gold":40,"neow_bonus":"RANDOM_COMMON_RELIC","is_daily":false,"chose_seed":false,"campfire_upgraded":1,"win_rate":0.0,"timestamp":1608573933,"path_taken":["M","M","?","?","?","M","?","M","T","?","?","?","$","M","R","BOSS","M","M","?","?","?","R","?","?","T","R","?","R","M","M","R","BOSS"],"items_purchased_type":["Relic","Relic"],"build_version":"2020-12-13","purchased_purges":0,"victory":false,"max_hp_per_floor":[80,80,80,80,80,83,86,89,89,89,92,92,92,96,96,100,100,100,100,100,103,103,103,106,106,106,106,106,106,109,109,109,109,109],"card_choices":[{"not_picked":[],"picked":"ChaosCard","floor":0.0},{"not_picked":["Thunderclap","Evolve"],"picked":"Armaments","floor":1.0},{"not_picked":["Thunderclap","Flex"],"picked":"Feed","floor":2.0},{"not_picked":["Evolve","Anger"],"picked":"Cleave","floor":6.0},{"not_picked":["Dropkick","Wild Strike"],"picked":"Headbutt","floor":7.0},{"not_picked":["Pommel Strike","Combust"],"picked":"Shrug It Off","floor":8.0},{"not_picked":["Bludgeon","Blood for Blood"],"picked":"Iron Wave","floor":11.0},{"not_picked":["Sword Boomerang","True Grit"],"picked":"Burning Pact","floor":14.0},{"not_picked":["Immolate","Fiend Fire"],"picked":"Juggernaut","floor":16.0},{"not_picked":["Reckless Charge","Anger"],"picked":"Headbutt","floor":18.0},{"not_picked":["Flex","Flame Barrier"],"picked":"Rampage","floor":19.0},{"not_picked":["Anger","Cleave"],"picked":"Warcry+1","floor":21.0},{"not_picked":["Headbutt+1","Fire Breathing"],"picked":"Spot Weakness","floor":24.0},{"not_picked":["Body Slam+1","Wild Strike"],"picked":"Shrug It Off","floor":30},{"not_picked":["Iron Wave","Whirlwind"],"picked":"Infernal Blade","floor":31}],"player_experience":111652,"relics_obtained":[{"floor":4.0,"key":"MealTicket"},{"floor":9.0,"key":"White Beast Statue"},{"floor":26,"key":"Gremlin Horn"},{"floor":29,"key":"GuppysPaw"}],"event_choices":[{"damage_healed":0.0,"max_hp_gain":0.0,"max_hp_loss":0.0,"gold_gain":0.0,"event_name":"Scrap Ooze","player_choice":"Success","floor":3.0,"gold_loss":0.0,"damage_taken":3.0,"relics_obtained":["MawBank"]},{"damage_healed":0.0,"max_hp_gain":0.0,"max_hp_loss":0.0,"gold_gain":0.0,"event_name":"Golden Idol","player_choice":"Take Damage","floor":5.0,"gold_loss":0.0,"damage_taken":20.0,"relics_obtained":["Golden Idol"]},{"damage_healed":0.0,"max_hp_gain":0.0,"max_hp_loss":0.0,"gold_gain":0.0,"event_name":"Liars Game","player_choice":"Ignored","floor":10.0,"gold_loss":0.0,"damage_taken":0.0},{"damage_healed":0.0,"max_hp_gain":0.0,"max_hp_loss":0.0,"gold_gain":51.0,"event_name":"Golden Wing","player_choice":"Gained Gold","floor":12.0,"gold_loss":0.0,"damage_taken":0.0},{"damage_healed":0.0,"max_hp_gain":0.0,"max_hp_loss":0.0,"gold_gain":0.0,"event_name":"Beggar","player_choice":"Ignored","floor":20.0,"gold_loss":0.0,"damage_taken":0.0},{"damage_healed":0.0,"max_hp_gain":0.0,"max_hp_loss":0.0,"gold_gain":0.0,"event_name":"Addict","player_choice":"Obtained Relic","floor":22.0,"gold_loss":85.0,"damage_taken":0.0,"relics_obtained":["Turnip"]},{"damage_healed":0,"gold_gain":0,"player_choice":"Paid Fearfully","damage_taken":0,"max_hp_gain":0,"max_hp_loss":0,"event_name":"Masked Bandits","floor":25,"gold_loss":226}],"is_beta":false,"boss_relics":[{"not_picked":["Runic Cube","Busted Crown"],"picked":"SlaversCollar"},{"not_picked":[]}],"items_purged_floors":[],"is_endless":false,"potions_floor_spawned":[2,7,11,14,16,18,19,21,24,30,31],"killed_by":"Collector","ascension_level":0}}