{"host":"avjwtc49fhlk6kym","time":1608587757,"event":{"mods":["AchievementEnabler","BaseMod","Better Match","Better Note","Better Third Choice","Colored Map","Colored Powertips","Displayed Cursed Tome","Highlight Path","Minty Spire (QoL Compilation)","Permanent Neow","Quick Restart","StSLib"],"gold_per_floor":[119,129,23,35,55,55,75,100,100,161,161,161,177,177,177,279,279,267,277,289,289,88,88,88,88],"floor_reached":24,"playtime":949,"items_purged":["Defend_P"],"score":198,"play_id":"79b48ff7-071f-4df7-b163-565b73e72316","local_time":"20201221165557","is_ascension_mode":false,"campfire_choices":[{"data":"CrushJoints","floor":6.0,"key":"SMITH"},{"floor":12.0,"key":"REST"},{"data":"Eruption","floor":15.0,"key":"SMITH"},{"floor":23,"key":"REST"}],"circlet_count":0,"master_deck":["Strike_P","Strike_P","Strike_P","Strike_P","Defend_P","Defend_P","Defend_P","Eruption+1","Vigilance","FlyingSleeves","FlyingSleeves","PathToVictory","BowlingBash","CrushJoints+1","FollowUp","Evaluate","FollowUp","Consecrate","LessonLearned","ThirdEye+1","Sanctity+1","Evaluate+1","LikeWater","ClearTheMind+1"],"relics":["PureWater","Happy Flower","Juzu Bracelet","Pantograph","Toxic Egg 2","VioletLotus"],"acts_visited":["Exordium","TheCity"],"potions_floor_usage":[24],"damage_taken":[{"damage":2.0,"enemies":"Small Slimes","floor":1.0,"turns":4.0},{"damage":11.0,"enemies":"Jaw Worm","floor":2.0,"turns":5.0},{"damage":0.0,"enemies":"Cultist","floor":4.0,"turns":2.0},{"damage":0.0,"enemies":"3 Louse","floor":5.0,"turns":2.0},{"damage":0.0,"enemies":"Large Slime","floor":7.0,"turns":2.0},{"damage":13.0,"enemies":"3 Sentries","floor":8.0,"turns":6.0},{"damage":0.0,"enemies":"Gremlin Nob","floor":10.0,"turns":2.0},{"damage":5.0,"enemies":"Exordium Wildlife","floor":13.0,"turns":3.0},{"damage":52.0,"enemies":"The Guardian","floor":16.0,"turns":8.0},{"damage":19,"enemies":"2 Thieves","floor":18,"turns":4},{"damage":29,"enemies":"Shell Parasite","floor":19,"turns":5},{"damage":25,"enemies":"Chosen and Byrds","floor":20,"turns":6},{"damage":53,"enemies":"Gremlin Leader","floor":24,"turns":8}],"seed_played":"9110874624849741982","potions_obtained":[{"floor":2.0,"key":"Weak Potion"},{"floor":5.0,"key":"Block Potion"},{"floor":8.0,"key":"StancePotion"},{"floor":10.0,"key":"FairyPotion"},{"floor":13.0,"key":"GamblersBrew"},{"floor":20,"key":"GamblersBrew"}],"is_trial":false,"path_per_floor":["M","M","$","M","M","R","M","E","T","?","T","R","M","?","R","B",null,"M","M","M","?","$","R","E"],"character_chosen":"WATCHER","items_purchased":["PathToVictory","BowlingBash","LikeWater","ClearTheMind+1"],"campfire_rested":2,"item_purchase_floors":[3,3,22,22],"current_hp_per_floor":[70,59,59,59,59,59,59,46,46,46,46,67,62,62,62,20,72,53,24,20,20,20,41,0,0],"gold":88,"neow_bonus":"RANDOM_COMMON_RELIC","is_daily":false,"chose_seed":false,"campfire_upgraded":2,"win_rate":0.0,"timestamp":1608587757,"path_taken":["M","M","$","M","M","R","M","E","T","?","?","R","M","?","R","BOSS","M","M","M","?","$","R","E"],"items_purchased_type":["Card","Card","Card","Card"],"build_version":"2020-12-13","purchased_purges":1,"victory":false,"max_hp_per_floor":[72,72,72,72,72,72,72,72,72,72,72,72,72,72,72,72,72,72,72,72,72,72,72,72,72],"card_choices":[{"not_picked":["Indignation","JustLucky"],"picked":"FlyingSleeves","floor":1.0},{"not_picked":["ClearTheMind","Pray"],"picked":"FlyingSleeves","floor":2.0},{"not_picked":["WheelKick","Evaluate"],"picked":"CrushJoints","floor":4.0},{"not_picked":["Nirvana","Omniscience"],"picked":"FollowUp","floor":5.0},{"not_picked":["MentalFortress","EmptyFist"],"picked":"Evaluate","floor":7.0},{"not_picked":["Sanctity","Pray","Worship"],"picked":"SKIP","floor":8.0},{"not_picked":["SashWhip","Evaluate+1"],"picked":"FollowUp","floor":10.0},{"not_picked":["DeusExMachina+1","Halt+1"],"picked":"Consecrate","floor":13.0},{"not_picked":["Blasphemy+1","DeusExMachina+1"],"picked":"LessonLearned","floor":16.0},{"not_picked":["Consecrate","Wireheading"],"picked":"ThirdEye+1","floor":18},{"not_picked":["Crescendo+1","Consecrate+1"],"picked":"Sanctity+1","floor":19},{"not_picked":["Study+1","WindmillStrike+1"],"picked":"Evaluate+1","floor":20}],"player_experience":352522,"relics_obtained":[{"floor":8.0,"key":"Juzu Bracelet"},{"floor":9.0,"key":"Pantograph"},{"floor":10.0,"key":"Toxic Egg 2"}],"event_choices":[{"damage_healed":0.0,"max_hp_gain":0.0,"max_hp_loss":0.0,"gold_gain":0.0,"event_name":"Dead Adventurer","player_choice":"Searched \u00271\u0027 times","floor":10.0,"gold_loss":0.0,"damage_taken":0.0},{"damage_healed":0.0,"max_hp_gain":0.0,"max_hp_loss":0.0,"gold_gain":0.0,"event_name":"Golden Idol","player_choice":"Ignored","floor":14.0,"gold_loss":0.0,"damage_taken":0.0},{"cards_removed":["Defend_P"],"damage_healed":0,"gold_gain":0,"player_choice":"Give","damage_taken":0,"max_hp_gain":0,"max_hp_loss":0,"event_name":"betterNote:BetterNote","floor":21,"gold_loss":0,"cards_obtained":["Strike_P"]}],"is_beta":false,"boss_relics":[{"not_picked":["Fusion Hammer","Cursed Key"],"picked":"VioletLotus"}],"items_purged_floors":[22],"is_endless":false,"potions_floor_spawned":[2,5,8,10,13,20],"killed_by":"Gremlin Leader","ascension_level":0}}