{"host":"6to0pdz5g3mubtyg","time":1608548869,"event":{"mods":["Act Like it!","Aspiration","BaseMod","BetterRewards","Colored Map","Energized Spire","Hallownest","Highlight Path","Infinite Spire","Jorbs\u0027s Wanderer Trilogy","Minty Spire (QoL Compilation)","Shade Mod","StSLib","The Animator","The Blue Laboratory","The Bug Knight"],"gold_per_floor":[118,129,129,129,149,179,179,204,204,220,220,231,231,27,27,132,132,150,160,207,117,128,163,163,7,33,45,45,65,65,65],"floor_reached":30,"playtime":1496,"items_purged":["Underhanded Strike"],"score":273,"play_id":"dae9b1cd-b4d0-49d7-94c8-21dafa70e63d","local_time":"20201221040749","is_ascension_mode":true,"campfire_choices":[{"floor":7,"key":"REST"},{"floor":11,"key":"REST"},{"data":"Defragment","floor":13,"key":"SMITH"},{"data":"Loop","floor":15,"key":"SMITH"},{"floor":24,"key":"REST"},{"data":"Echo Form","floor":28,"key":"SMITH"}],"circlet_count":0,"master_deck":["Strike_B","Defend_B","Defend_B","Zap","Dualcast","Melter+1","Setup","Storm of Steel","Darkness","Defragment+1","Loop+1","Redo","Capacitor","Redo","Echo Form+1","Glacier","Defragment","Consume+1","Redo+1","Rip and Tear"],"relics":["Prayer Wheel","stsjorbsmod:GrimoireRelic","Letter Opener","HollowMod:KingsBrand","Cracked Core","Philosopher\u0027s Stone","infinitespire:Golems Mask","Red Mask","infinitespire:Chaos","Akabeko"],"acts_visited":["Exordium","TheCity"],"potions_floor_usage":[16,22,22,22],"damage_taken":[{"damage":0,"enemies":"infinitespire:Voidling","floor":1,"turns":1},{"damage":0,"enemies":"2 Louse","floor":2,"turns":1},{"damage":0,"enemies":"Jaw Worm","floor":5,"turns":1},{"damage":45,"enemies":"3 Sentries","floor":6,"turns":6},{"damage":5,"enemies":"HollowMod:MossKnight","floor":8,"turns":5},{"damage":10,"enemies":"Lots of Slimes","floor":10,"turns":4},{"damage":13,"enemies":"3 Louse","floor":12,"turns":4},{"damage":21,"enemies":"The Guardian","floor":16,"turns":6},{"damage":42,"enemies":"3 Byrds","floor":18,"turns":4},{"damage":0,"enemies":"Chosen","floor":19,"turns":3},{"damage":12,"enemies":"Sentry and Sphere","floor":22,"turns":5},{"damage":7,"enemies":"Nightmare","floor":23,"turns":7},{"damage":6,"enemies":"3 Cultists","floor":27,"turns":6},{"damage":42,"enemies":"Shelled Parasite and Fungi","floor":29,"turns":4},{"damage":3,"enemies":"Snake Plant","floor":30,"turns":2}],"seed_played":"2481138889840850124","potions_obtained":[{"floor":10,"key":"ColorlessPotion"},{"floor":12,"key":"blueLaboratory:TeslaPotion"},{"floor":16,"key":"Regen Potion"},{"floor":18,"key":"Weak Potion"},{"floor":22,"key":"GamblersBrew"}],"is_trial":false,"path_per_floor":["M","M","?","?","M","E","R","E","T","M","R","M","R","$","R","B",null,"M","M","T","?","M","NM","R","$","T","M","R","M","M"],"character_chosen":"DEFECT","items_purchased":["Capacitor","Redo","infinitespire:Chaos"],"campfire_rested":3,"item_purchase_floors":[14,14,25],"current_hp_per_floor":[75,75,75,75,75,30,52,47,47,37,59,46,46,46,46,25,75,33,33,33,33,36,29,51,51,51,45,45,3,0,0],"gold":65,"neow_bonus":"THREE_ENEMY_KILL","is_daily":false,"chose_seed":false,"campfire_upgraded":3,"win_rate":0.0,"timestamp":1608548869,"path_taken":["M","?","?","?","M","E","R","E","T","M","R","M","R","?","R","BOSS","M","M","?","?","M","NM","R","$","T","M","R","M","?"],"items_purchased_type":["Card","Card","Relic"],"build_version":"2020-12-13","purchased_purges":1,"victory":false,"max_hp_per_floor":[75,75,75,75,75,75,75,75,75,75,75,75,75,75,75,75,75,75,75,75,75,75,75,75,75,75,75,75,75,75,75],"card_choices":[{"not_picked":["FTL","Stack"],"picked":"Melter","floor":1},{"not_picked":["Turbo","Beam Cell","Hologram"],"picked":"SKIP","floor":2},{"not_picked":["Beam Cell","Ball Lightning"],"picked":"Darkness","floor":5},{"not_picked":["BootSequence","Rip and Tear"],"picked":"Defragment","floor":6},{"not_picked":["Core Surge","Streamline"],"picked":"Loop","floor":8},{"not_picked":["Coolheaded","Stack"],"picked":"Redo","floor":10},{"not_picked":["Turbo","Coolheaded","Blizzard"],"picked":"SKIP","floor":12},{"not_picked":["Turbo","Coolheaded","Blizzard"],"picked":"SKIP","floor":12},{"not_picked":["Electrodynamics","Machine Learning"],"picked":"Echo Form","floor":16},{"not_picked":["Darkness","Recycle","Go for the Eyes+1"],"picked":"SKIP","floor":18},{"not_picked":["Leap","Coolheaded+1"],"picked":"Glacier","floor":19},{"not_picked":["Loop","Conserve Battery+1"],"picked":"Defragment","floor":22},{"not_picked":["Reprogram","Recycle","Barrage"],"picked":"SKIP","floor":23},{"not_picked":["Gash+1","Conserve Battery"],"picked":"Consume+1","floor":27},{"not_picked":["Coolheaded","Cold Snap+1"],"picked":"Redo+1","floor":27},{"not_picked":["Rebound+1","Recycle"],"picked":"Rip and Tear","floor":29},{"not_picked":["Turbo","Go for the Eyes","Hologram"],"picked":"SKIP","floor":29}],"player_experience":199903,"relics_obtained":[{"floor":6,"key":"Anchor"},{"floor":8,"key":"infinitespire:Joker Card"},{"floor":9,"key":"aspiration:HummingbirdHeart"},{"floor":20,"key":"Toy Ornithopter"},{"floor":23,"key":"Vajra"},{"floor":26,"key":"Akabeko"}],"event_choices":[{"cards_removed":["Strike_B"],"damage_healed":0,"gold_gain":0,"player_choice":"Forget","damage_taken":0,"max_hp_gain":0,"max_hp_loss":0,"event_name":"Living Wall","floor":3,"gold_loss":0},{"cards_removed":["Strike_B"],"damage_healed":0,"gold_gain":0,"player_choice":"Upgrade and Remove","damage_taken":0,"max_hp_gain":0,"max_hp_loss":0,"event_name":"Designer","floor":21,"gold_loss":90,"cards_upgraded":["Melter"]}],"is_beta":false,"boss_relics":[{"not_picked":["energizedSpire:NeverEndingSparkler","Snecko Eye"],"picked":"energizedSpire:EnergizedDie"}],"items_purged_floors":[14],"is_endless":false,"potions_floor_spawned":[10,12,16,18,22],"killed_by":"Snake Plant","ascension_level":1}}