{"host":"y9jgkjnf95sujozk","time":1608561303,"event":{"mods":["2.2 Compatiblity","AchievementEnabler","Act Like it!","BaseMod","Block Reminder","Colored Map","Colored Powertips","Downfall","Friendly Minions","Gensokyo","GifTheSpireLib","Hermit","Highlight Path","HololiveMod","MarisaÅiñ∂âJÅ@ñÇóùçπÅj","Minty Spire (QoL Compilation)","Random Character Button","Rare Cards Sparkle","Replay The Spire","StSLib","SuperFastMode","The Animator","The Bug Knight","The Cursed","The Servant 0.9.4"],"gold_per_floor":[113,124,199,199,218,218,251,251,251,251,270,41,53,53,53,155,155,172,183,22,22,22,22],"floor_reached":21,"playtime":495,"items_purged":["Injury"],"score":279,"play_id":"85310a0b-9b15-4b04-a57c-5a6074dc5bb2","local_time":"20201221153503","is_ascension_mode":false,"campfire_choices":[{"floor":6,"key":"REST"},{"floor":8,"key":"REST"},{"floor":10,"key":"REST"},{"floor":15,"key":"REST"}],"circlet_count":0,"master_deck":["champ:Strike","champ:Strike","champ:Strike","champ:Strike","champ:Defend","champ:Defend","champ:Defend","champ:Defend","champ:Execute","champ:Taunt","champ:Haymaker","champ:GladiatorStyle","champ:Shatter","champ:Taunt","champ:FanOfKnives","champ:Haymaker","champ:GladiatorsShout","champ:Haymaker","champ:FocusedGladiator","champ:GladiatorsShout","Impatience","champ:GladiatorsShout","champ:Devastate","champ:GladiatorsShout","champ:FlashCut","expansioncontent:DonusPower"],"relics":["champ:ChampionCrown","Replay:Ringing Soul","Peace Pipe","Ring of Fangs","ReplayTheSpireMod:Ring of Addiction","White Beast Statue","Chameleon Ring","SacredBark"],"acts_visited":["Exordium","Exordium"],"potions_floor_usage":[7,16,16,16,18,19],"damage_taken":[{"damage":6,"enemies":"2 Louse","floor":1,"turns":3},{"damage":7,"enemies":"Cultist","floor":2,"turns":5},{"damage":3,"enemies":"Small Slimes","floor":5,"turns":3},{"damage":66,"enemies":"Gremlin Nob","floor":7,"turns":7},{"damage":8,"enemies":"Red Slaver","floor":11,"turns":3},{"damage":14,"enemies":"Large Slime","floor":13,"turns":5},{"damage":42,"enemies":"Fading Forest","floor":16,"turns":8},{"damage":28,"enemies":"Gensokyo:AngelMirror","floor":18,"turns":4},{"damage":91,"enemies":"Gensokyo:2_Gloops","floor":19,"turns":7},{"damage":24,"enemies":"Gensokyo:Slime_Group","floor":21,"turns":1}],"seed_played":"-2457681912022175851","potions_obtained":[{"floor":2,"key":"Adrenaline Potion"},{"floor":7,"key":"champ:OpenerPotion"},{"floor":11,"key":"Doom Potion"},{"floor":14,"key":"FearPotion"},{"floor":16,"key":"BlessingOfTheForge"},{"floor":18,"key":"Venom Potion"},{"floor":19,"key":"LifebloodPotion"}],"is_trial":false,"path_per_floor":["M","M","?","?","M","R","E","R","T","R","M","$","M","?","R","B",null,"M","M","$","M"],"character_chosen":"THE_CHAMP","items_purchased":["champ:Haymaker","champ:FocusedGladiator","champ:GladiatorsShout","Impatience","expansioncontent:DonusPower"],"campfire_rested":4,"item_purchase_floors":[12,12,12,12,20],"current_hp_per_floor":[98,94,83,83,80,99,36,66,66,96,91,94,86,89,114,85,117,92,4,7,0,0,0],"gold":22,"neow_bonus":"TEN_PERCENT_HP_BONUS","is_daily":false,"chose_seed":false,"campfire_upgraded":0,"win_rate":0.0,"timestamp":1608561303,"path_taken":["M","M","?","?","M","R","E","R","T","R","?","$","M","?","R","BOSS","M","M","$","M"],"items_purchased_type":["Card","Card","Card","Card","Card"],"build_version":"2020-12-13","purchased_purges":1,"victory":false,"max_hp_per_floor":[99,99,99,99,99,99,102,102,102,102,105,108,111,114,114,117,117,120,123,126,126,126,126],"card_choices":[{"not_picked":["champ:StanceDance","champ:BringItOn"],"picked":"champ:Haymaker","floor":1},{"not_picked":["champ:BerserkersShout","champ:Circumvent"],"picked":"champ:GladiatorStyle","floor":2},{"not_picked":["champ:EndlessRage","champ:DefensiveShout"],"picked":"champ:FanOfKnives","floor":5},{"not_picked":["champ:FlashCut","champ:Devastate"],"picked":"champ:Haymaker","floor":7},{"not_picked":["champ:FocusedGladiator","champ:TornadoPunch"],"picked":"champ:GladiatorsShout","floor":11},{"not_picked":["champ:Backstep","champ:TornadoPunch"],"picked":"champ:GladiatorsShout","floor":13},{"not_picked":["champ:LastStand","champ:Improvising"],"picked":"champ:Devastate","floor":16},{"not_picked":["champ:Encircle+1","champ:DeathBlow"],"picked":"champ:GladiatorsShout","floor":18},{"not_picked":["champ:CrookedStrike","champ:Haymaker+1"],"picked":"champ:FlashCut","floor":19}],"player_experience":118701,"relics_obtained":[{"floor":7,"key":"Replay:Ringing Soul"},{"floor":9,"key":"Peace Pipe"},{"floor":14,"key":"Ring of Fangs"},{"floor":14,"key":"ReplayTheSpireMod:Ring of Addiction"},{"floor":14,"key":"White Beast Statue"},{"floor":14,"key":"Chameleon Ring"}],"event_choices":[{"damage_healed":0,"gold_gain":75,"player_choice":"Gather Gold","damage_taken":11,"max_hp_gain":0,"max_hp_loss":0,"event_name":"World of Goop","floor":3,"gold_loss":0},{"damage_healed":0,"gold_gain":0,"player_choice":"2 cards matched","damage_taken":0,"max_hp_gain":0,"max_hp_loss":0,"event_name":"Match and Keep!","floor":4,"gold_loss":0,"cards_obtained":["champ:Shatter","champ:Taunt"]}],"is_beta":false,"boss_relics":[{"not_picked":["Velvet Choker","Coffee Dripper"],"picked":"SacredBark"}],"items_purged_floors":[20],"is_endless":false,"potions_floor_spawned":[2,7,11,16,18,19],"killed_by":"Gensokyo:Slime_Group","ascension_level":0}}