{"host":"x1qj4d8ympd5jdqh","time":1608548702,"event":{"mods":["AchievementEnabler","AlwaysNeverKeys","BaseMod","Colored Map","Custom Start","DeckTracker","Highlight Path","Minty Spire (QoL Compilation)","StSLib","SuperFastMode"],"gold_per_floor":[116,41,51,68,68,100,100,133,133,133,143,143,68,103,103,180,180,192,192,192,207,39,65,65,15,42,114,141,160,85,117,117,191,191,206,219,219,219,135,135,16,16,65,65,65,95,106,134,134,134,134,134,134,18,47,47],"floor_reached":57,"playtime":2116,"items_purged":["Strike_P","Defend_P","SpiritShield+1","DeceiveReality","Wallop+1"],"score":3210,"play_id":"76be191a-15ed-42e6-94b0-82647dc128b6","local_time":"20201221200502","is_ascension_mode":true,"campfire_choices":[{"data":"Eruption","floor":7.0,"key":"SMITH"},{"data":"Adaptation","floor":12.0,"key":"SMITH"},{"data":"Adaptation","floor":15.0,"key":"SMITH"},{"data":"Scrawl","floor":24.0,"key":"SMITH"},{"data":"Scrawl","floor":32.0,"key":"SMITH"},{"data":"FearNoEvil","floor":40.0,"key":"SMITH"},{"floor":42.0,"key":"RECALL"},{"data":"InnerPeace","floor":44.0,"key":"SMITH"},{"floor":49.0,"key":"REST"},{"data":"Indignation","floor":53.0,"key":"SMITH"}],"circlet_count":0,"master_deck":["AscendersBane","Eruption+1","Vigilance+1","FearNoEvil+1","CarveReality+1","Adaptation+1","Adaptation+1","Tantrum+1","Scrawl+1","JustLucky+1","Scrawl+1","Evaluate","Indignation+1","InnerPeace+1","MentalFortress+1"],"relics":["PureWater","NeowsBlessing","Bag of Marbles","HornCleat","Juzu Bracelet","Yang","Question Card","Astrolabe","Membership Card","PreservedInsect","Bronze Scales","Frozen Egg 2","Potion Belt","Ornamental Fan","Pandora\u0027s Box","Bottled Lightning","Anchor","Whetstone","Happy Flower"],"acts_visited":["Exordium","TheCity","TheBeyond","TheEnding"],"potions_floor_usage":[56],"damage_taken":[{"damage":0.0,"enemies":"2 Louse","floor":1.0,"turns":2.0},{"damage":0.0,"enemies":"Jaw Worm","floor":3.0,"turns":1.0},{"damage":0.0,"enemies":"Small Slimes","floor":4.0,"turns":1.0},{"damage":0.0,"enemies":"Gremlin Nob","floor":6.0,"turns":2.0},{"damage":8.0,"enemies":"Lagavulin","floor":8.0,"turns":3.0},{"damage":9.0,"enemies":"Red Slaver","floor":11.0,"turns":2.0},{"damage":0.0,"enemies":"Gremlin Nob","floor":14.0,"turns":1.0},{"damage":16.0,"enemies":"The Guardian","floor":16.0,"turns":9.0},{"damage":0.0,"enemies":"3 Byrds","floor":18.0,"turns":1.0},{"damage":0.0,"enemies":"Shell Parasite","floor":21.0,"turns":4.0},{"damage":0.0,"enemies":"Slavers","floor":23.0,"turns":3.0},{"damage":0.0,"enemies":"Gremlin Leader","floor":28.0,"turns":2.0},{"damage":0.0,"enemies":"Centurion and Healer","floor":29.0,"turns":2.0},{"damage":0.0,"enemies":"Slavers","floor":31.0,"turns":3.0},{"damage":26.0,"enemies":"Champ","floor":33.0,"turns":8.0},{"damage":0.0,"enemies":"3 Darklings","floor":35.0,"turns":1.0},{"damage":0.0,"enemies":"3 Shapes","floor":36.0,"turns":2.0},{"damage":0.0,"enemies":"Giant Head","floor":46.0,"turns":1.0},{"damage":0.0,"enemies":"Sphere and 2 Shapes","floor":47.0,"turns":2.0},{"damage":28.0,"enemies":"Nemesis","floor":48.0,"turns":3.0},{"damage":0.0,"enemies":"Awakened One","floor":50.0,"turns":3.0},{"damage":25.0,"enemies":"Time Eater","floor":51.0,"turns":7.0},{"damage":0.0,"enemies":"Shield and Spear","floor":55.0,"turns":1.0},{"damage":31,"enemies":"The Heart","floor":56,"turns":7}],"seed_played":"-8563837870787821172","potions_obtained":[{"floor":3.0,"key":"LiquidMemories"},{"floor":11.0,"key":"Swift Potion"},{"floor":14.0,"key":"Explosive Potion"},{"floor":16.0,"key":"GamblersBrew"},{"floor":23.0,"key":"DistilledChaos"},{"floor":28.0,"key":"FearPotion"},{"floor":29.0,"key":"EssenceOfSteel"},{"floor":31.0,"key":"Strength Potion"},{"floor":35.0,"key":"Swift Potion"},{"floor":36.0,"key":"ColorlessPotion"},{"floor":55.0,"key":"ColorlessPotion"}],"is_trial":false,"path_per_floor":["M","$","M","M","?","E","R","E","T","?","M","R","$","E","R","B",null,"M","?","?","M","$","E","R","$","T","T","E","M","?","E","R","B",null,"M","M","?","?","$","R","$","R","T","R","T","E","M","E","R","B","B",null,"R","$","E","B",null],"character_chosen":"WATCHER","items_purchased":["Adaptation","Membership Card","Indignation","InnerPeace","Swift Potion"],"campfire_rested":1,"item_purchase_floors":[13,22,39,41,54],"current_hp_per_floor":[61,61,61,61,41,41,41,33,33,33,24,24,24,24,24,8,53,53,53,53,53,53,53,53,53,53,53,53,53,53,53,53,27,58,58,58,58,58,58,58,58,58,58,58,58,58,58,30,49,49,24,55,55,55,55,24],"gold":47,"neow_bonus":"THREE_ENEMY_KILL","is_daily":false,"chose_seed":false,"campfire_upgraded":8,"win_rate":0.0,"timestamp":1608548702,"path_taken":["M","$","M","M","?","E","R","E","T","?","M","R","$","E","R","BOSS","M","?","?","M","$","E","R","$","T","?","E","M","?","E","R","BOSS","M","M","?","?","?","R","$","R","T","R","?","E","M","E","R","BOSS","BOSS","R","$","E","BOSS"],"items_purchased_type":["Card","Relic","Card","Card","Potion"],"build_version":"2020-12-13","purchased_purges":5,"victory":true,"max_hp_per_floor":[68,68,68,68,68,68,68,68,68,68,68,68,68,68,68,68,68,68,68,68,68,68,68,68,68,68,68,68,68,68,68,68,68,68,68,68,68,65,65,65,65,65,65,65,65,65,65,65,65,65,65,65,65,65,65,65],"card_choices":[{"not_picked":["FlyingSleeves","ThirdEye","Sanctity"],"picked":"SKIP","floor":1.0},{"not_picked":["CrushJoints","FlurryOfBlows"],"picked":"FearNoEvil","floor":3.0},{"not_picked":["WaveOfTheHand","Consecrate"],"picked":"CarveReality","floor":4.0},{"not_picked":["JustLucky","Halt","ClearTheMind"],"picked":"SKIP","floor":6.0},{"not_picked":["FollowUp","SandsOfTime","ClearTheMind"],"picked":"SKIP","floor":8.0},{"not_picked":["ForeignInfluence","SashWhip"],"picked":"Adaptation","floor":11.0},{"not_picked":["Evaluate","Crescendo"],"picked":"Tantrum","floor":14.0},{"not_picked":["SpiritShield","Vault","Ragnarok"],"picked":"Scrawl","floor":16.0},{"not_picked":["ClearTheMind","ReachHeaven+1","Wallop","Evaluate"],"picked":"SKIP","floor":18.0},{"not_picked":["JustLucky","EmptyFist","CutThroughFate","Collect"],"picked":"SKIP","floor":21.0},{"not_picked":["FlurryOfBlows","Protect","EmptyFist","Crescendo"],"picked":"SKIP","floor":23.0},{"not_picked":["Nirvana+1","Protect","FlyingSleeves","Vengeance"],"picked":"SKIP","floor":28.0},{"not_picked":["Ragnarok","CrushJoints","Vengeance","WaveOfTheHand"],"picked":"SKIP","floor":29.0},{"not_picked":["Halt","ThirdEye","Protect","FlyingSleeves"],"picked":"SKIP","floor":31.0},{"not_picked":["CrushJoints","Adaptation+1","Meditate","Pray"],"picked":"SKIP","floor":35.0},{"not_picked":["JustLucky","Evaluate","WaveOfTheHand+1","Halt+1"],"picked":"SKIP","floor":36.0},{"not_picked":["InnerPeace","SashWhip","CutThroughFate","Evaluate"],"picked":"SKIP","floor":46.0},{"not_picked":["WreathOfFlame","Meditate","Wireheading+1"],"picked":"MentalFortress+1","floor":47.0},{"not_picked":["Protect+1","CrushJoints","JustLucky","DeceiveReality"],"picked":"SKIP","floor":48.0},{"not_picked":["Protect+1","CrushJoints","JustLucky","DeceiveReality"],"picked":"SKIP","floor":48.0},{"not_picked":["Ragnarok","FollowUp","Halt","EmptyBody"],"picked":"SKIP","floor":55.0}],"player_experience":1256012,"relics_obtained":[{"floor":6.0,"key":"Bag of Marbles"},{"floor":8.0,"key":"HornCleat"},{"floor":9.0,"key":"Juzu Bracelet"},{"floor":14.0,"key":"Question Card"},{"floor":23.0,"key":"PreservedInsect"},{"floor":26.0,"key":"Bronze Scales"},{"floor":27.0,"key":"Frozen Egg 2"},{"floor":28.0,"key":"Potion Belt"},{"floor":31.0,"key":"Ornamental Fan"},{"floor":45.0,"key":"Bottled Lightning"},{"floor":46.0,"key":"Anchor"},{"floor":48.0,"key":"Whetstone"},{"floor":55.0,"key":"Happy Flower"}],"event_choices":[{"damage_healed":0.0,"max_hp_gain":0.0,"max_hp_loss":0.0,"gold_gain":0.0,"event_name":"Shining Light","player_choice":"Entered Light","floor":5.0,"gold_loss":0.0,"damage_taken":20.0,"cards_upgraded":["Strike_P","Vigilance"]},{"damage_healed":0.0,"max_hp_gain":0.0,"max_hp_loss":0.0,"gold_gain":0.0,"event_name":"Dead Adventurer","player_choice":"Searched \u00271\u0027 times","floor":10.0,"gold_loss":0.0,"damage_taken":0.0,"relics_obtained":["Yang"]},{"damage_healed":0.0,"max_hp_gain":0.0,"max_hp_loss":0.0,"gold_gain":0.0,"cards_transformed":["Strike_P"],"event_name":"Transmorgrifier","player_choice":"Transformed","floor":19.0,"gold_loss":0.0,"damage_taken":0.0,"cards_obtained":["Adaptation"]},{"damage_healed":0.0,"max_hp_gain":0.0,"max_hp_loss":0.0,"gold_gain":0.0,"event_name":"Duplicator","player_choice":"Copied","floor":20.0,"gold_loss":0.0,"damage_taken":0.0,"cards_obtained":["Scrawl"]},{"cards_removed":["Adaptation"],"damage_healed":0.0,"max_hp_gain":0.0,"max_hp_loss":0.0,"gold_gain":0.0,"event_name":"Beggar","player_choice":"Gave Gold","floor":30.0,"gold_loss":75.0,"damage_taken":0.0},{"damage_healed":0.0,"max_hp_gain":0.0,"max_hp_loss":0.0,"gold_gain":0.0,"event_name":"Mysterious Sphere","player_choice":"Ignored","floor":37.0,"gold_loss":0.0,"damage_taken":0.0},{"damage_healed":0.0,"max_hp_gain":0.0,"max_hp_loss":3.0,"gold_gain":0.0,"event_name":"Winding Halls","player_choice":"Max HP","floor":38.0,"gold_loss":0.0,"damage_taken":0.0}],"is_beta":false,"boss_relics":[{"not_picked":["Runic Pyramid","Snecko Eye"],"picked":"Astrolabe"},{"not_picked":["SlaversCollar","Coffee Dripper"],"picked":"Pandora\u0027s Box"}],"items_purged_floors":[2,25,39,41,54],"is_endless":false,"potions_floor_spawned":[3,11,14,16,23,28,29,31,35,36,55],"ascension_level":20}}