{"host":"81h68oe4mr04pk3r","time":1608529654,"event":{"mods":["Act Like it!","Aspiration","BaseMod","BetterRewards","Colored Map","Colored Powertips","Conspire","Downfall","Hermit","Hubris","Infinite Spire","Jorbs\u0027s Wanderer Trilogy","Koishi","Lobotomy","LobotomyExtend","Marisa????????","Minty Spire (QoL Compilation)","Quick Restart","Reimu??????","Remilia??????","Replay The Spire","StSLib","The Bug Knight","The Construct","The Cursed","The Disciple","The Servant 0.9.4"],"gold_per_floor":[115,36,56,70,82,82,82,82,82,82,101,117,117,136,136,234,234,252,271,290,307,313,313],"floor_reached":22,"playtime":980,"items_purged":[],"score":182,"play_id":"f0e4404b-32e7-4cbd-bfd2-2692206eacac","local_time":"20201220214734","is_ascension_mode":false,"campfire_choices":[{"floor":6,"key":"REST"},{"data":"PulseMagic","floor":10,"key":"SMITH"},{"floor":13,"key":"REST"},{"data":"DC","floor":15,"key":"SMITH"}],"circlet_count":0,"master_deck":["Strike_MRS","Strike_MRS","Strike_MRS","Strike_MRS","Defend_MRS","Defend_MRS","Defend_MRS","Defend_MRS","MasterSpark+1","UpSweep","WitchLeyline","PulseMagic+1","DC+1","LuminesStrike","NonDirectionalLaser","DarkSpark","JA","BinaryStars","ShootingEcho+1","SporeBomb","MilkyWay"],"relics":["MiniHakkero","LetterFromLob","Orichalcum","SacredBark"],"acts_visited":["Exordium","TheCity"],"potions_floor_usage":[16,16,16],"damage_taken":[{"damage":15,"enemies":"Jaw Worm","floor":1,"turns":4},{"damage":1,"enemies":"Cultist","floor":3,"turns":3},{"damage":4,"enemies":"Small Slimes","floor":4,"turns":3},{"damage":11,"enemies":"2 Fungi Beasts","floor":5,"turns":4},{"damage":9,"enemies":"Red Slaver","floor":11,"turns":2},{"damage":6,"enemies":"Large Slime","floor":12,"turns":3},{"damage":11,"enemies":"Lots of Slimes","floor":14,"turns":3},{"damage":48,"enemies":"Hexaghost","floor":16,"turns":10},{"damage":19,"enemies":"Shell Parasite","floor":18,"turns":4},{"damage":0,"enemies":"Spheric Guardian","floor":19,"turns":2},{"damage":13,"enemies":"Cultist and Chosen","floor":20,"turns":5},{"damage":0,"enemies":"Snake Plant","floor":21,"turns":2},{"damage":51,"enemies":"conspire:MimicChest","floor":22,"turns":5}],"seed_played":"-7901500335610386574","potions_obtained":[{"floor":4,"key":"Ancient Potion"},{"floor":11,"key":"EntropicBrew"},{"floor":14,"key":"ColorlessPotion"}],"is_trial":false,"path_per_floor":["M","$","M","M","M","R","?","?","T","R","M","M","R","M","R","B",null,"M","M","M","M","?"],"character_chosen":"MARISA","items_purchased":["PulseMagic"],"campfire_rested":2,"item_purchase_floors":[2],"current_hp_per_floor":[60,60,59,55,44,66,74,74,74,74,65,59,75,64,64,16,75,56,56,43,43,0,0],"gold":313,"neow_bonus":"UPGRADE_CARD","is_daily":false,"chose_seed":false,"campfire_upgraded":2,"win_rate":0.0,"timestamp":1608529654,"path_taken":["M","$","M","M","M","R","?","?","T","R","M","M","R","M","R","BOSS","M","M","?","?","?"],"items_purchased_type":["Card"],"build_version":"2020-12-13","purchased_purges":0,"victory":false,"max_hp_per_floor":[75,75,75,75,75,75,75,75,75,75,75,75,75,75,75,75,75,75,75,75,75,75,75],"card_choices":[{"not_picked":["LuminesStrike","AsteroidBelt"],"picked":"WitchLeyline","floor":1},{"not_picked":["GravityBeat","WitchOfGreed"],"picked":"DC","floor":3},{"not_picked":["UnstableBomb","GalacticHalo"],"picked":"LuminesStrike","floor":4},{"not_picked":["StarlightTyphoon","MilkyWay"],"picked":"Occultation","floor":5},{"not_picked":["WitchOfGreed","AsteroidBelt"],"picked":"NonDirectionalLaser","floor":11},{"not_picked":["MilkyWay","MagicAbsorber"],"picked":"DarkSpark","floor":12},{"not_picked":["6A","SuperPerseids"],"picked":"JA","floor":14},{"not_picked":["EscapeVelocity","StarDustReverie"],"picked":"BinaryStars","floor":16},{"not_picked":["MilkyWay+1","SporeBomb"],"picked":"ShootingEcho+1","floor":18},{"not_picked":["DC","Occultation"],"picked":"SporeBomb","floor":19},{"not_picked":["WitchOfGreed","LuminesStrike","Occultation"],"picked":"SKIP","floor":20},{"not_picked":["GasGiant","SuperPerseids"],"picked":"MilkyWay","floor":21}],"player_experience":138519,"relics_obtained":[{"floor":1,"key":"LetterFromLob"},{"floor":9,"key":"Orichalcum"}],"event_choices":[{"cards_removed":["Occultation"],"damage_healed":0,"gold_gain":0,"player_choice":"Purged","damage_taken":0,"max_hp_gain":0,"max_hp_loss":0,"event_name":"Purifier","floor":8,"gold_loss":0}],"is_beta":false,"boss_relics":[{"not_picked":["Tiny House","Ectoplasm"],"picked":"SacredBark"}],"items_purged_floors":[],"is_endless":false,"potions_floor_spawned":[4,11,14,16,18,20],"killed_by":"conspire:MimicChest","ascension_level":0}}