{"host":"hfvpa4llnnjpeawn","time":1608577287,"event":{"mods":["2.2 Compatiblity","AchievementEnabler","Act Like it!","Aspiration","Bard","BaseMod","Beaked The Cultist","Better Sensory Stone","Better Skull","Better Third Choice","BetterRewards","CapriCore","Conspire","Downfall","Elementarium","Energized Spire","Hubris","Infinite Spire","Jorbs\u0027s Wanderer Trilogy","Lobotomy","LobotomyExtend","Minty Spire (QoL Compilation)","Replay The Spire","Shade Mod","Spicy Shops","StSLib","The Bladedancer","The Factory","The Gatherer","The Jungle","Waifu the Spire","Wandering Minibosses"],"gold_per_floor":[127,127,152,31,61,80,107,107,107,125,174,202,202,253,290,321,356,386,418,418,535,485,512,537,537,585,609,650,680,739,739,776,776,776,851,851,851,966],"floor_reached":34,"playtime":3197,"items_purged":["Sickly"],"score":959,"play_id":"6632650d-1abb-4b34-85ee-ff5143e21d57","local_time":"20201221140127","is_ascension_mode":true,"campfire_choices":[{"data":"Sword Boomerang","floor":8,"key":"SMITH"},{"data":"Feed","floor":15,"key":"SMITH"},{"data":"Demon Form","floor":32,"key":"SMITH"}],"circlet_count":0,"master_deck":["Strike_R","Strike_R","Defend_R","Defend_R","Defend_R","Bash","Inflame+1","hubris:EnhanceAbility+1","Entrench","Sword Boomerang+1","expansioncontent:DefensiveStance+1","ReplayReversal","Blood for Blood","Limit Break","Sword Boomerang+1","Clothesline","Thunderclap","Feed+1","Flame Barrier","Carnage","Immolate","Strike_R","infinitespire:Execution","ReplayTheSpireMod:Stacked+1","conspire:Charge","Inflame+1","Demon Form+1","Whirlwind+1","Rampage"],"relics":["Burning Blood","ReplayTheSpireMod:CursedCoin","Replay:Bandana","Ring of Peace","Replay:Rubber Ducky","LetterFromLob","aspiration:PoetsPen_weak","Vajra","Bag of Marbles","Lizard Tail","Replay:Baseball","Replay:Grab Bag","hubris:GrandSneckoEye","energizedSpire:HugeHouse","Kintsugi","infinitespire:Burning Sword","Calipers","Ornamental Fan","conspire:DeflatedDodgeball","Ancient Tea Set","theJungle:SpiritDisease"],"acts_visited":["Exordium","Exordium"],"potions_floor_usage":[2,6,6,6,12,13,14,25,33,33,33],"damage_taken":[{"damage":4,"enemies":"Small Slimes","floor":1,"turns":4},{"damage":0,"enemies":"Cultist","floor":5,"turns":4},{"damage":0,"enemies":"Jaw Worm","floor":1,"turns":4},{"damage":0,"enemies":"Cultist","floor":2,"turns":4},{"damage":0,"enemies":"Small Slimes","floor":5,"turns":6},{"damage":2,"enemies":"Replay:BlueRogue","floor":6,"turns":5},{"damage":4,"enemies":"conspire:2 RoseBushes","floor":7,"turns":4},{"damage":0,"enemies":"Looter","floor":10,"turns":3},{"damage":0,"enemies":"Lagavulin","floor":11,"turns":6},{"damage":0,"enemies":"Large Slime","floor":12,"turns":2},{"damage":0,"enemies":"2 Fungi Beasts","floor":13,"turns":6},{"damage":0,"enemies":"Replay:BlueRogue","floor":14,"turns":1},{"damage":0,"enemies":"Slime Boss","floor":16,"turns":4},{"damage":0,"enemies":"theJungle:MUSHROOMGANG","floor":18,"turns":2},{"damage":0,"enemies":"theJungle:GiantWrat","floor":19,"turns":2},{"damage":13,"enemies":"theJungle:SlimyTreeVines","floor":21,"turns":5},{"damage":0,"enemies":"theJungle:2_Flameangoes","floor":22,"turns":4},{"damage":8,"enemies":"theJungle:Cassacara","floor":23,"turns":3},{"damage":16,"enemies":"theJungle:Snecko_Cultist_And_Trap","floor":24,"turns":2},{"damage":0,"enemies":"Nightmare","floor":25,"turns":6},{"damage":0,"enemies":"theJungle:2_Snecko_Cultists","floor":27,"turns":2},{"damage":0,"enemies":"theJungle:Cassacara","floor":30,"turns":4},{"damage":73,"enemies":"theJungle:TotemBoss","floor":33,"turns":6},{"damage":5,"enemies":"Malkuth","floor":34,"turns":5},{"damage":18,"enemies":"Netzach","floor":34,"turns":5}],"seed_played":"-3657803119943089815","potions_obtained":[{"floor":5,"key":"AttackPotion"},{"floor":3,"key":"PowerPotion"},{"floor":3,"key":"PowerPotion"},{"floor":3,"key":"Strength Potion"},{"floor":7,"key":"BlessingOfTheForge"},{"floor":11,"key":"ColorlessPotion"},{"floor":12,"key":"Languid Potion"},{"floor":13,"key":"infinitespire:BlackPotion"},{"floor":25,"key":"Venom Potion"}],"is_trial":false,"path_per_floor":["M","?","T","$","M","E","M","M","?","AVR","M","E","M","R","T","M","E","M","M","E","R","B",null,"M","M","?","M","M","E","M","NM","T","M","?","AVR","E","?","R","B",null],"character_chosen":"IRONCLAD","items_purchased":["Inflame+1","ReplayTheSpireMod:CursedCoin","hubris:EnhanceAbility","expansioncontent:DefensiveStance"],"campfire_rested":0,"item_purchase_floors":[0,0,0,4],"current_hp_per_floor":[77,77,77,77,80,80,80,80,80,80,80,80,80,80,80,80,80,84,84,84,84,79,79,79,71,70,80,78,68,74,74,80,80,80,83,83,83,23],"gold":1036,"neow_bonus":"","is_daily":false,"chose_seed":false,"campfire_upgraded":3,"win_rate":0.0,"timestamp":1608577287,"path_taken":["M","?","?","$","M","E","M","M","?","AVR","M","E","M","R","T","M","E","?","M","E","R","BOSS","M","M","?","M","M","E","M","NM","T","M","?","AVR","E","?","R","BOSS"],"items_purchased_type":["Card","Relic","Card","Card"],"build_version":"2020-12-13","purchased_purges":1,"victory":true,"max_hp_per_floor":[80,80,80,80,80,80,80,80,80,80,80,80,80,80,80,80,80,84,84,84,84,79,79,79,79,79,83,83,83,83,83,83,83,83,83,83,83,90],"card_choices":[{"not_picked":["Armaments","Body Slam"],"picked":"Sword Boomerang","floor":1},{"not_picked":["Dropkick","Replay:Undeath\u0027s Touch","Massacre"],"picked":"SKIP","floor":5},{"not_picked":["Havoc","True Grit","Replay:Undeath\u0027s Touch"],"picked":"SKIP","floor":1},{"not_picked":["Reckless Charge","Carnage"],"picked":"ReplayReversal","floor":2},{"not_picked":["Massacre","Reckless Charge"],"picked":"Blood for Blood","floor":5},{"not_picked":["Burning Pact","Spot Weakness"],"picked":"Limit Break","floor":6},{"not_picked":["Fire Breathing","Pommel Strike"],"picked":"Sword Boomerang","floor":7},{"not_picked":["hubris:ReadiedAction","Body Slam"],"picked":"Clothesline","floor":10},{"not_picked":["Headbutt","Battle Trance"],"picked":"Thunderclap","floor":11},{"not_picked":["True Grit","Armaments"],"picked":"Feed","floor":12},{"not_picked":["Inflame","Ghostly Armor"],"picked":"Flame Barrier","floor":13},{"not_picked":["Power Through","True Grit"],"picked":"Carnage","floor":14},{"not_picked":["Double Tap","Eclipse"],"picked":"Immolate","floor":16},{"not_picked":["ReplayTheSpireMod:Strike From Hell","Dual Wield"],"picked":"ReplayTheSpireMod:Stacked+1","floor":18},{"not_picked":["Clash","conspire:ExplosiveBarrier"],"picked":"conspire:Charge","floor":19},{"not_picked":["ReplayTheSpireMod:Corrosion Curse","Clothesline","Headbutt"],"picked":"SKIP","floor":21},{"not_picked":["Flex","Searing Blow","Sentinel"],"picked":"SKIP","floor":22},{"not_picked":["Seeing Red","Body Slam"],"picked":"Inflame+1","floor":23},{"not_picked":["Anger","Havoc"],"picked":"Demon Form","floor":24},{"not_picked":["Sword Boomerang+1","Hemokinesis"],"picked":"Whirlwind+1","floor":25},{"not_picked":["Dark Embrace+1","True Grit","Thunderclap"],"picked":"SKIP","floor":27},{"not_picked":["Sword Boomerang+1","Anger+1"],"picked":"Rampage","floor":30}],"player_experience":296334,"relics_obtained":[{"floor":1,"key":"LetterFromLob"},{"floor":2,"key":"Ring of Peace"},{"floor":3,"key":"Replay:Rubber Ducky"},{"floor":1,"key":"LetterFromLob"},{"floor":6,"key":"Vajra"},{"floor":9,"key":"Bag of Marbles"},{"floor":11,"key":"Lizard Tail"},{"floor":14,"key":"Replay:Baseball"},{"floor":23,"key":"Calipers"},{"floor":25,"key":"Ornamental Fan"},{"floor":26,"key":"conspire:DeflatedDodgeball"},{"floor":30,"key":"Ancient Tea Set"}],"event_choices":[{"damage_healed":0,"gold_gain":0,"player_choice":"Got Potions","damage_taken":0,"max_hp_gain":0,"max_hp_loss":0,"event_name":"Lab","floor":3,"gold_loss":0}],"is_beta":false,"boss_relics":[{"not_picked":["Velvet Choker","Replay:Bronze Core"],"picked":"Replay:Grab Bag"},{"not_picked":["conspire:SlowCooker","energizedSpire:RedRose"],"picked":"hubris:GrandSneckoEye"},{"not_picked":["Coffee Dripper","energizedSpire:OgreHead"],"picked":"energizedSpire:HugeHouse"},{"not_picked":["aspiration:RitualDagger","aspiration:RunicSpoon"],"picked":"Kintsugi"},{"not_picked":["Replay:Drink Me","aspiration:SecretTechniqueScroll"],"picked":"infinitespire:Burning Sword"}],"items_purged_floors":[29],"is_endless":false,"potions_floor_spawned":[5,7,11,12,13,21,23,24,25],"ascension_level":3}}