{"host":"6wux4armhsntp4yb","time":1608586240,"event":{"mods":["BaseMod","Colored Map","DeckTracker","Minty Spire (QoL Compilation)","Relic Stats"],"gold_per_floor":[12,24,44,64,81,81,106,106,106,135,135,148,148,179,179,252,252,266,104,104,104,122,149,149,181,181,181,181],"floor_reached":27,"playtime":1465,"items_purged":["Strike_G"],"score":646,"play_id":"14f11e6e-bf10-4b39-8164-98615e19d4a5","local_time":"20201222063040","is_ascension_mode":true,"campfire_choices":[{"data":"Apotheosis","floor":6.0,"key":"SMITH"},{"data":"Tools of the Trade","floor":8.0,"key":"SMITH"},{"data":"Neutralize","floor":11.0,"key":"SMITH"},{"data":"Envenom","floor":15.0,"key":"SMITH"},{"floor":24.0,"key":"REST"}],"circlet_count":0,"master_deck":["AscendersBane","Strike_G","Strike_G","Strike_G","Strike_G","Defend_G","Defend_G","Defend_G","Defend_G","Defend_G","Survivor","Neutralize+1","Apotheosis+1","Blade Dance","Dagger Throw","After Image","Cloak And Dagger","Predator","Tools of the Trade+1","Storm of Steel","Footwork","Envenom+1","Bullet Time","Acrobatics","Well Laid Plans","Predator+1","Acrobatics+1","A Thousand Cuts"],"relics":["Ring of the Snake","Centennial Puzzle","Shuriken","WristBlade","Nloth\u0027s Gift","Anchor","Tough Bandages","Toxic Egg 2"],"acts_visited":["Exordium","TheCity"],"potions_floor_usage":[27],"damage_taken":[{"damage":0.0,"enemies":"Cultist","floor":1.0,"turns":4.0},{"damage":0.0,"enemies":"Small Slimes","floor":2.0,"turns":5.0},{"damage":0.0,"enemies":"Jaw Worm","floor":3.0,"turns":4.0},{"damage":3.0,"enemies":"Exordium Thugs","floor":4.0,"turns":6.0},{"damage":9.0,"enemies":"3 Louse","floor":5.0,"turns":4.0},{"damage":3.0,"enemies":"Lagavulin","floor":7.0,"turns":7.0},{"damage":16.0,"enemies":"3 Sentries","floor":10.0,"turns":6.0},{"damage":2.0,"enemies":"Looter","floor":12.0,"turns":2.0},{"damage":3.0,"enemies":"Lagavulin","floor":14.0,"turns":6.0},{"damage":0.0,"enemies":"Slime Boss","floor":16.0,"turns":6.0},{"damage":2.0,"enemies":"Shell Parasite","floor":18.0,"turns":4.0},{"damage":0.0,"enemies":"Chosen","floor":21.0,"turns":3.0},{"damage":11.0,"enemies":"Snake Plant","floor":22.0,"turns":3.0},{"damage":22.0,"enemies":"Book of Stabbing","floor":23.0,"turns":5.0},{"damage":38.0,"enemies":"Slavers","floor":25.0,"turns":4.0},{"damage":2,"enemies":"Book of Stabbing","floor":27,"turns":3}],"seed_played":"-1966636063193067777","potions_obtained":[{"floor":3.0,"key":"Energy Potion"},{"floor":5.0,"key":"SmokeBomb"},{"floor":10.0,"key":"EssenceOfSteel"},{"floor":23.0,"key":"Explosive Potion"},{"floor":25.0,"key":"Strength Potion"}],"is_trial":false,"path_per_floor":["M","M","M","M","M","R","E","R","T","E","R","M","?","E","R","B",null,"M","$","?","M","M","E","R","E","T","E"],"character_chosen":"THE_SILENT","items_purchased":["Well Laid Plans"],"campfire_rested":1,"item_purchase_floors":[19],"current_hp_per_floor":[59,59,59,56,47,47,44,44,44,28,28,26,26,23,23,23,55,53,53,53,53,42,20,39,1,1,0,0],"gold":181,"neow_bonus":"RANDOM_COLORLESS_2","is_daily":false,"chose_seed":false,"campfire_upgraded":4,"win_rate":0.0,"timestamp":1608586240,"path_taken":["M","?","M","M","M","R","E","R","T","E","R","M","?","E","R","BOSS","M","$","?","?","M","E","R","E","T","E"],"items_purchased_type":["Card"],"build_version":"2020-12-13","purchased_purges":1,"victory":false,"max_hp_per_floor":[66,66,66,66,66,66,66,66,66,66,66,66,66,66,66,66,66,66,66,66,66,66,66,66,66,66,66,66],"relic_stats":{"Centennial Puzzle":[21],"Tough Bandages":[27],"counters":[16,72],"Shuriken":[16],"Nloth\u0027s Gift":1,"obtain_stats":[{"Centennial Puzzle":7,"Anchor":23,"Tough Bandages":25,"WristBlade":17,"Shuriken":14,"Pen Nib":10,"Nloth\u0027s Gift":20,"Toxic Egg 2":26,"Ring of the Snake":0},{"Centennial Puzzle":6,"Anchor":14,"Tough Bandages":15,"WristBlade":10,"Shuriken":9,"Pen Nib":7,"Nloth\u0027s Gift":11,"Toxic Egg 2":15,"Ring of the Snake":0},{"Centennial Puzzle":30,"Anchor":65,"Tough Bandages":69,"WristBlade":50,"Shuriken":44,"Pen Nib":36,"Nloth\u0027s Gift":54,"Toxic Egg 2":69,"Ring of the Snake":0}],"Ring of the Snake":[32]},"card_choices":[{"not_picked":["Chrysalis","Transmutation"],"picked":"Apotheosis","floor":0.0},{"not_picked":["Choke","Sucker Punch"],"picked":"Blade Dance","floor":1.0},{"not_picked":["Setup","Deflect"],"picked":"Dagger Throw","floor":2.0},{"not_picked":["Slice","Tactician"],"picked":"After Image","floor":3.0},{"not_picked":["Acrobatics","Dagger Throw"],"picked":"Cloak And Dagger","floor":4.0},{"not_picked":["Dagger Spray","Backstab"],"picked":"Predator","floor":5.0},{"not_picked":["Prepared","Calculated Gamble"],"picked":"Tools of the Trade","floor":7.0},{"not_picked":["Backflip","Flying Knee"],"picked":"Storm of Steel","floor":10.0},{"not_picked":["Accuracy","Crippling Poison"],"picked":"Footwork","floor":12.0},{"not_picked":["Masterful Stab","Escape Plan"],"picked":"Envenom","floor":14.0},{"not_picked":["Die Die Die","Phantasmal Killer"],"picked":"Bullet Time","floor":16.0},{"not_picked":["Escape Plan","Slice"],"picked":"Acrobatics","floor":18.0},{"not_picked":["Dodge and Roll","Eviscerate"],"picked":"Predator+1","floor":22.0},{"not_picked":["Escape Plan","Tactician"],"picked":"Acrobatics+1","floor":23.0},{"not_picked":["Envenom","Dodge and Roll"],"picked":"A Thousand Cuts","floor":25.0}],"player_experience":5680475,"relics_obtained":[{"floor":7.0,"key":"Centennial Puzzle"},{"floor":10.0,"key":"Pen Nib"},{"floor":14.0,"key":"Shuriken"},{"floor":23.0,"key":"Anchor"},{"floor":25.0,"key":"Tough Bandages"},{"floor":26.0,"key":"Toxic Egg 2"}],"event_choices":[{"damage_healed":0.0,"max_hp_gain":0.0,"max_hp_loss":0.0,"gold_gain":0.0,"event_name":"Shining Light","player_choice":"Ignored","floor":13.0,"gold_loss":0.0,"damage_taken":0.0},{"damage_healed":0.0,"max_hp_gain":0.0,"max_hp_loss":0.0,"gold_gain":0.0,"event_name":"N\u0027loth","player_choice":"Traded Relic","floor":20.0,"relics_lost":["Pen Nib"],"gold_loss":0.0,"damage_taken":0.0,"relics_obtained":["Nloth\u0027s Gift"]}],"is_beta":false,"boss_relics":[{"not_picked":["Empty Cage","Busted Crown"],"picked":"WristBlade"}],"items_purged_floors":[19],"is_endless":false,"potions_floor_spawned":[3,5,10,23,25],"killed_by":"Book of Stabbing","ascension_level":20}}