{"host":"9fh35csyvbzgxvf9","time":1608528086,"event":{"mods":["BaseMod","Block Reminder","Colored Map","DeckTracker","Minty Spire (QoL Compilation)"],"gold_per_floor":[15,31,48,63,76,106,123,88,88,88,104,104,115,115,115,220,220,230,247,247,259,259,259,273,273,297,297,307,307,17,37,37,136,136,156,171,17,67,82,82,82,100,175,195,195,213,231,258,258,258,258,258,29,29,29,29],"floor_reached":55,"playtime":4912,"items_purged":[],"score":732,"play_id":"1b8e024a-6526-417d-9c28-9af97105107d","local_time":"20201221002126","is_ascension_mode":false,"campfire_choices":[{"floor":10,"key":"REST"},{"floor":15,"key":"REST"},{"floor":23,"key":"REST"},{"floor":25,"key":"REST"},{"floor":32,"key":"REST"},{"floor":40,"key":"RECALL"},{"floor":45,"key":"REST"},{"floor":49,"key":"REST"},{"floor":52,"key":"REST"}],"circlet_count":0,"master_deck":["Strike_G","Strike_G","Strike_G","Defend_G","Defend_G","Defend_G","Defend_G","Defend_G","Survivor","Neutralize","Violence","Expertise","Escape Plan","Quick Slash","Backflip","A Thousand Cuts","Cloak And Dagger","Outmaneuver","Footwork","Sucker Punch","Blade Dance","Venomology","Finisher+1","Accuracy","Quick Slash","Blade Dance","Adrenaline","Outmaneuver","Slice+1","PiercingWail+1","Calculated Gamble","Flash of Steel","Accuracy","Footwork+1","Sucker Punch+1","Parasite","Cloak And Dagger+1","Storm of Steel","Footwork"],"relics":["Ring of the Serpent","Matryoshka","Pen Nib","Paper Crane","Fusion Hammer","Anchor","Smiling Mask","Ginger","Blood Vial","Du-Vu Doll","White Beast Statue","Lizard Tail","Bronze Scales"],"acts_visited":["Exordium","TheCity","TheBeyond","TheEnding"],"potions_floor_usage":[5,6,7,16,16,21,24,28,33,33,33,38,38,38,39,42,44,46,48,48,50,50,50,54],"damage_taken":[{"damage":0,"enemies":"2 Louse","floor":1,"turns":3},{"damage":0,"enemies":"Small Slimes","floor":2,"turns":4},{"damage":7,"enemies":"Jaw Worm","floor":3,"turns":6},{"damage":7,"enemies":"Blue Slaver","floor":4,"turns":4},{"damage":17,"enemies":"Exordium Thugs","floor":5,"turns":7},{"damage":11,"enemies":"Lagavulin","floor":6,"turns":9},{"damage":13,"enemies":"Large Slime","floor":7,"turns":10},{"damage":0,"enemies":"Exordium Wildlife","floor":11,"turns":6},{"damage":1,"enemies":"2 Fungi Beasts","floor":13,"turns":4},{"damage":0,"enemies":"Slime Boss","floor":16,"turns":10},{"damage":15,"enemies":"3 Byrds","floor":18,"turns":4},{"damage":7,"enemies":"Shell Parasite","floor":19,"turns":7},{"damage":14,"enemies":"Centurion and Healer","floor":21,"turns":5},{"damage":14,"enemies":"Sentry and Sphere","floor":24,"turns":4},{"damage":14,"enemies":"Cultist and Chosen","floor":28,"turns":6},{"damage":0,"enemies":"3 Cultists","floor":31,"turns":5},{"damage":10,"enemies":"Collector","floor":33,"turns":9},{"damage":17,"enemies":"3 Darklings","floor":35,"turns":5},{"damage":5,"enemies":"3 Shapes","floor":36,"turns":4},{"damage":0,"enemies":"Mind Bloom Boss Battle","floor":38,"turns":4},{"damage":3,"enemies":"Writhing Mass","floor":39,"turns":6},{"damage":6,"enemies":"Jaw Worm Horde","floor":42,"turns":4},{"damage":19,"enemies":"Maw","floor":44,"turns":7},{"damage":11,"enemies":"Sphere and 2 Shapes","floor":46,"turns":4},{"damage":25,"enemies":"Writhing Mass","floor":47,"turns":6},{"damage":2,"enemies":"Giant Head","floor":48,"turns":4},{"damage":37,"enemies":"Donu and Deca","floor":50,"turns":9},{"damage":79,"enemies":"Shield and Spear","floor":54,"turns":8},{"damage":44,"enemies":"The Heart","floor":55,"turns":3}],"seed_played":"-1156427557455182039","potions_obtained":[{"floor":1,"key":"Block Potion"},{"floor":3,"key":"Dexterity Potion"},{"floor":6,"key":"SkillPotion"},{"floor":7,"key":"Poison Potion"},{"floor":16,"key":"Fruit Juice"},{"floor":28,"key":"DistilledChaos"},{"floor":33,"key":"Strength Potion"},{"floor":38,"key":"CultistPotion"},{"floor":42,"key":"DistilledChaos"},{"floor":44,"key":"GamblersBrew"},{"floor":46,"key":"FearPotion"},{"floor":48,"key":"LiquidBronze"}],"is_trial":false,"path_per_floor":["M","M","M","M","M","E","M","$","T","R","M","?","M","?","R","B",null,"M","M","?","M","?","R","M","R","T","$","M","?","$","M","R","B",null,"M","M","$","?","M","R","?","M","T","M","R","M","M","E","R","B",null,"R","$","E","B"],"character_chosen":"THE_SILENT","items_purchased":["Footwork","Ginger","Blood Vial","Footwork","Bronze Scales"],"campfire_rested":8,"item_purchase_floors":[8,30,37,53,53],"current_hp_per_floor":[70,70,63,56,39,28,15,15,15,36,36,36,35,28,49,54,75,60,53,53,39,39,61,47,69,69,69,55,55,55,55,75,65,75,58,53,53,55,54,54,54,50,50,33,55,46,23,23,45,10,75,75,75,37,0,0],"gold":29,"neow_bonus":"RANDOM_COLORLESS_2","is_daily":false,"chose_seed":false,"campfire_upgraded":0,"win_rate":0.0,"timestamp":1608528086,"path_taken":["M","M","M","M","M","E","M","$","T","R","M","?","M","?","R","BOSS","M","M","?","M","?","R","M","R","T","$","?","?","$","M","R","BOSS","M","M","$","?","M","R","?","M","T","M","R","?","M","E","R","BOSS","R","$","E","BOSS"],"items_purchased_type":["Card","Relic","Relic","Card","Relic"],"build_version":"2020-12-13","purchased_purges":0,"victory":false,"max_hp_per_floor":[70,70,70,70,70,70,70,70,70,70,70,70,70,70,70,75,75,75,75,75,75,75,75,75,75,75,75,75,75,75,75,75,75,75,75,75,75,75,75,75,75,75,75,75,75,75,75,75,75,75,75,75,75,75,75,75],"card_choices":[{"not_picked":["Chrysalis","Transmutation"],"picked":"Violence","floor":0},{"not_picked":["Sucker Punch","Dagger Spray"],"picked":"Expertise","floor":1},{"not_picked":["Eviscerate","Flechettes"],"picked":"Escape Plan","floor":2},{"not_picked":["Underhanded Strike","Eviscerate"],"picked":"Quick Slash","floor":3},{"not_picked":["Accuracy","Quick Slash"],"picked":"Backflip","floor":4},{"not_picked":["Flechettes","Dagger Spray"],"picked":"A Thousand Cuts","floor":5},{"not_picked":["Unload","PiercingWail"],"picked":"Cloak And Dagger","floor":6},{"not_picked":["Accuracy","Backflip"],"picked":"Outmaneuver","floor":7},{"not_picked":["Poisoned Stab","Eviscerate"],"picked":"Sucker Punch","floor":11},{"not_picked":["Quick Slash","Skewer"],"picked":"Blade Dance","floor":13},{"not_picked":["Die Die Die","Envenom"],"picked":"Venomology","floor":16},{"not_picked":["Noxious Fumes","Poisoned Stab+1"],"picked":"Finisher+1","floor":18},{"not_picked":["Backflip","Noxious Fumes"],"picked":"Accuracy","floor":19},{"not_picked":["All Out Attack","Acrobatics"],"picked":"Quick Slash","floor":21},{"not_picked":["Noxious Fumes+1","Choke"],"picked":"Blade Dance","floor":24},{"not_picked":["Concentrate","Dagger Throw","Flechettes+1"],"picked":"SKIP","floor":28},{"not_picked":["Sucker Punch","Endless Agony","Bane+1"],"picked":"SKIP","floor":31},{"not_picked":["Venomology","Envenom"],"picked":"Adrenaline","floor":33},{"not_picked":["Bane+1","Dagger Spray"],"picked":"Outmaneuver","floor":35},{"not_picked":["Acrobatics","Quick Slash+1"],"picked":"Slice+1","floor":36},{"not_picked":["Calculated Gamble","Bane"],"picked":"PiercingWail+1","floor":38},{"not_picked":["Backflip+1","Deadly Poison+1"],"picked":"Calculated Gamble","floor":39},{"not_picked":["Dodge and Roll","Calculated Gamble+1"],"picked":"Accuracy","floor":42},{"not_picked":["Caltrops","Acrobatics"],"picked":"Footwork+1","floor":44},{"not_picked":["Slice+1","Deadly Poison"],"picked":"Sucker Punch+1","floor":46},{"not_picked":["All Out Attack+1","Dagger Spray+1"],"picked":"Cloak And Dagger+1","floor":47},{"not_picked":["Crippling Poison+1","Acrobatics"],"picked":"Storm of Steel","floor":48}],"player_experience":232599,"relics_obtained":[{"floor":6,"key":"Matryoshka"},{"floor":9,"key":"Pen Nib"},{"floor":9,"key":"Paper Crane"},{"floor":22,"key":"Anchor"},{"floor":26,"key":"Smiling Mask"},{"floor":38,"key":"Du-Vu Doll"},{"floor":43,"key":"White Beast Statue"},{"floor":48,"key":"Lizard Tail"}],"event_choices":[{"cards_removed":["Strike_G"],"damage_healed":0,"gold_gain":0,"player_choice":"Forget","damage_taken":0,"max_hp_gain":0,"max_hp_loss":0,"event_name":"Living Wall","floor":12,"gold_loss":0},{"cards_removed":["Strike_G"],"damage_healed":0,"gold_gain":0,"player_choice":"Card Removal","damage_taken":7,"max_hp_gain":0,"max_hp_loss":0,"event_name":"Golden Wing","floor":14,"gold_loss":0},{"damage_healed":0,"gold_gain":0,"player_choice":"Ignored","damage_taken":0,"max_hp_gain":0,"max_hp_loss":0,"event_name":"Cursed Tome","floor":20,"gold_loss":0},{"damage_healed":0,"gold_gain":0,"player_choice":"Relic","damage_taken":0,"max_hp_gain":0,"max_hp_loss":0,"event_name":"Wheel of Change","floor":22,"gold_loss":0},{"damage_healed":0,"gold_gain":0,"player_choice":"Ignored","damage_taken":0,"max_hp_gain":0,"max_hp_loss":0,"event_name":"Ghosts","floor":29,"gold_loss":0},{"damage_healed":0,"gold_gain":0,"player_choice":"Fight","damage_taken":0,"max_hp_gain":0,"max_hp_loss":0,"event_name":"MindBloom","floor":38,"gold_loss":0},{"damage_healed":0,"gold_gain":0,"player_choice":"1 cards matched","damage_taken":0,"max_hp_gain":0,"max_hp_loss":0,"event_name":"Match and Keep!","floor":41,"gold_loss":0,"cards_obtained":["Flash of Steel"]}],"is_beta":false,"boss_relics":[{"not_picked":["Ectoplasm","SacredBark"],"picked":"Fusion Hammer"},{"not_picked":["HoveringKite","Tiny House"],"picked":"Ring of the Serpent"}],"items_purged_floors":[],"is_endless":false,"potions_floor_spawned":[1,3,6,7,16,28,33,38,42,44,46,47,48,54],"killed_by":"The Heart","ascension_level":0}}