{"host":"sav7uxregyirlf69","time":1608551987,"event":{"mods":["AchievementEnabler","BaseMod","Colored Map","DeckTracker","Keyboard Shortcuts","Minty Spire (QoL Compilation)","READ ME - Guardian Mod","StSLib","SuperFastMode"],"gold_per_floor":[111,129,129,54,54,54,54,54,135,135,35,45,55,71,71,169,169,185,173,173,191,281,281,299,299,299,299,313,328,328,348,348,452,452,467,196,209,220,70,70,86,98,98,98,115,133,145,42,42,42,42],"floor_reached":50,"playtime":1212,"items_purged":["Strike_P","Defend_P","Strike_P+1","Defend_P+1"],"score":440,"play_id":"a690b661-29ea-4212-b014-8010c9afe7c8","local_time":"20201221205947","is_ascension_mode":false,"campfire_choices":[{"data":"Eruption","floor":6.0,"key":"SMITH"},{"data":"PathToVictory","floor":8.0,"key":"SMITH"},{"data":"Vigilance","floor":10.0,"key":"SMITH"},{"data":"Evaluate","floor":15.0,"key":"SMITH"},{"data":"Adaptation","floor":23.0,"key":"SMITH"},{"floor":25.0,"key":"REST"},{"data":"CrushJoints","floor":27.0,"key":"SMITH"},{"floor":32.0,"key":"REST"},{"data":"Vault","floor":40.0,"key":"SMITH"},{"data":"MentalFortress","floor":44.0,"key":"SMITH"},{"floor":49.0,"key":"REST"}],"circlet_count":0,"master_deck":["Strike_P+1","Strike_P+1","Defend_P+1","Defend_P+1","Eruption+1","Vigilance+1","PathToVictory+1","CutThroughFate","EmptyFist","FollowUp","Evaluate+1","ConjureBlade","Adaptation+1","CrushJoints+1","DevaForm","MentalFortress+1","Vault+1","Tantrum","DeceiveReality+1","Study+1","Parasite","WaveOfTheHand+1","PathToVictory+1"],"relics":["Philosopher\u0027s Stone"],"acts_visited":["Exordium","TheCity","TheBeyond"],"potions_floor_usage":[],"damage_taken":[{"damage":0.0,"enemies":"2 Louse","floor":1.0,"turns":2.0},{"damage":0.0,"enemies":"Small Slimes","floor":2.0,"turns":3.0},{"damage":0.0,"enemies":"Cultist","floor":12.0,"turns":3.0},{"damage":0.0,"enemies":"Exordium Wildlife","floor":13.0,"turns":3.0},{"damage":1.0,"enemies":"Lots of Slimes","floor":14.0,"turns":3.0},{"damage":29.0,"enemies":"The Guardian","floor":16.0,"turns":10.0},{"damage":2.0,"enemies":"Chosen","floor":18.0,"turns":4.0},{"damage":16.0,"enemies":"2 Thieves","floor":19.0,"turns":4.0},{"damage":4.0,"enemies":"Chosen and Byrds","floor":21.0,"turns":4.0},{"damage":19.0,"enemies":"3 Cultists","floor":24.0,"turns":5.0},{"damage":12.0,"enemies":"Snake Plant","floor":28.0,"turns":4.0},{"damage":9.0,"enemies":"Shelled Parasite and Fungi","floor":29.0,"turns":4.0},{"damage":21.0,"enemies":"Cultist and Chosen","floor":31.0,"turns":7.0},{"damage":14.0,"enemies":"Champ","floor":33.0,"turns":6.0},{"damage":12.0,"enemies":"Orb Walker","floor":35.0,"turns":4.0},{"damage":3.0,"enemies":"3 Darklings","floor":37.0,"turns":5.0},{"damage":10.0,"enemies":"Transient","floor":38.0,"turns":6.0},{"damage":16.0,"enemies":"Maw","floor":41.0,"turns":6.0},{"damage":0.0,"enemies":"Sphere and 2 Shapes","floor":42.0,"turns":6.0},{"damage":16.0,"enemies":"Writhing Mass","floor":45.0,"turns":6.0},{"damage":4.0,"enemies":"4 Shapes","floor":46.0,"turns":11.0},{"damage":1.0,"enemies":"Jaw Worm Horde","floor":47.0,"turns":6.0},{"damage":0,"enemies":"Donu and Deca","floor":50,"turns":1}],"seed_played":"-3855993483584179982","potions_obtained":[{"floor":2.0,"key":"CultistPotion"},{"floor":18.0,"key":"Energy Potion"},{"floor":28.0,"key":"Regen Potion"},{"floor":35.0,"key":"LiquidBronze"},{"floor":41.0,"key":"SpeedPotion"},{"floor":46.0,"key":"DuplicationPotion"},{"floor":47.0,"key":"BottledMiracle"}],"is_trial":false,"path_per_floor":["M","M","?","$","?","R","?","R","T","R","$","M","M","M","R","B",null,"M","M","?","M","?","R","M","R","T","R","M","M","?","M","R","B",null,"M","$","M","M","$","R","M","M","T","R","M","M","M","$","R","B"],"character_chosen":"WATCHER","items_purchased":["DuplicationPotion","Tantrum","PowerPotion","Dexterity Potion"],"campfire_rested":3,"item_purchase_floors":[36,36,48,48],"current_hp_per_floor":[72,72,72,72,77,77,77,77,77,77,77,77,77,76,76,47,77,75,59,59,55,43,43,24,47,47,47,35,31,31,10,33,19,77,65,65,62,52,52,52,36,36,36,36,20,16,15,15,38,38,38],"gold":42,"neow_bonus":"BOSS_RELIC","is_daily":false,"chose_seed":false,"campfire_upgraded":8,"win_rate":0.0,"timestamp":1608551987,"path_taken":["M","M","?","$","?","R","?","R","T","R","$","M","M","M","R","BOSS","M","M","?","M","?","R","M","R","T","R","?","M","?","M","R","BOSS","M","?","?","M","$","R","M","M","T","R","?","M","M","?","R","BOSS"],"items_purchased_type":["Potion","Card","Potion","Potion"],"build_version":"2020-12-13","purchased_purges":4,"victory":false,"max_hp_per_floor":[72,72,72,72,77,77,77,77,77,77,77,77,77,77,77,77,77,77,77,77,77,77,77,77,77,77,77,77,77,77,77,77,77,77,77,77,77,77,77,77,77,77,77,77,77,77,77,77,77,77,77],"card_choices":[{"not_picked":["Consecrate","ReachHeaven"],"picked":"PathToVictory","floor":1.0},{"not_picked":["Prostrate","Halt"],"picked":"CutThroughFate","floor":2.0},{"not_picked":["Crescendo","FollowUp"],"picked":"EmptyFist","floor":12.0},{"not_picked":["Fasting2","Worship"],"picked":"FollowUp","floor":13.0},{"not_picked":["Consecrate","EmptyFist"],"picked":"Evaluate","floor":14.0},{"not_picked":["Omniscience","Judgement"],"picked":"ConjureBlade","floor":16.0},{"not_picked":["Swivel+1","Crescendo"],"picked":"Adaptation","floor":18.0},{"not_picked":["EmptyFist","SignatureMove"],"picked":"CrushJoints","floor":19.0},{"not_picked":["WindmillStrike","ThirdEye","FlyingSleeves+1"],"picked":"SKIP","floor":21.0},{"not_picked":["Study+1","Fasting2+1","Vengeance"],"picked":"SKIP","floor":24.0},{"not_picked":["Protect","EmptyFist"],"picked":"DevaForm","floor":28.0},{"not_picked":["ForeignInfluence","WheelKick","Evaluate"],"picked":"SKIP","floor":29.0},{"not_picked":["Fasting2","CarveReality+1"],"picked":"MentalFortress","floor":31.0},{"not_picked":["Alpha","Scrawl"],"picked":"Vault","floor":33.0},{"not_picked":["ClearTheMind","ThirdEye+1","Evaluate"],"picked":"SKIP","floor":35.0},{"not_picked":["Protect","SashWhip"],"picked":"DeceiveReality+1","floor":37.0},{"not_picked":["ClearTheMind","ThirdEye+1","Protect+1"],"picked":"SKIP","floor":38.0},{"not_picked":["Consecrate","Collect+1"],"picked":"Study+1","floor":41.0},{"not_picked":["BattleHymn+1","Study","CutThroughFate"],"picked":"SKIP","floor":42.0},{"not_picked":["FlurryOfBlows+1","Protect+1","WreathOfFlame+1"],"picked":"SKIP","floor":45.0},{"not_picked":["Consecrate","PathToVictory"],"picked":"WaveOfTheHand+1","floor":46.0},{"not_picked":["Devotion","EmptyFist+1"],"picked":"PathToVictory+1","floor":47.0}],"player_experience":980190,"relics_obtained":[],"event_choices":[{"damage_healed":0.0,"max_hp_gain":0.0,"max_hp_loss":0.0,"gold_gain":0.0,"event_name":"Liars Game","player_choice":"Ignored","floor":3.0,"gold_loss":0.0,"damage_taken":0.0},{"damage_healed":0.0,"max_hp_gain":5.0,"max_hp_loss":0.0,"gold_gain":0.0,"event_name":"Big Fish","player_choice":"Donut","floor":5.0,"gold_loss":0.0,"damage_taken":0.0},{"damage_healed":0.0,"max_hp_gain":0.0,"max_hp_loss":0.0,"gold_gain":0.0,"event_name":"Scrap Ooze","player_choice":"Fled","floor":7.0,"gold_loss":0.0,"damage_taken":0.0},{"damage_healed":0.0,"max_hp_gain":0.0,"max_hp_loss":0.0,"gold_gain":0.0,"event_name":"Back to Basics","player_choice":"Simplicity","floor":20.0,"gold_loss":0.0,"damage_taken":0.0,"cards_upgraded":["Strike_P","Strike_P","Strike_P","Defend_P","Defend_P","Defend_P"]},{"damage_healed":0.0,"max_hp_gain":0.0,"max_hp_loss":0.0,"gold_gain":90.0,"event_name":"Knowing Skull","player_choice":"GOLD ","floor":22.0,"potions_obtained":[],"gold_loss":0.0,"damage_taken":12.0,"cards_obtained":[]},{"damage_healed":0.0,"max_hp_gain":0.0,"max_hp_loss":0.0,"gold_gain":0.0,"event_name":"Match and Keep!","player_choice":"0 cards matched","floor":30.0,"gold_loss":0.0,"damage_taken":0.0,"cards_obtained":[]}],"is_beta":false,"boss_relics":[{"not_picked":["Tiny House","Velvet Choker","SlaversCollar"]},{"not_picked":["Fusion Hammer","Astrolabe","Black Star"]}],"items_purged_floors":[4,11,36,39],"is_endless":false,"potions_floor_spawned":[2,18,28,35,41,42,46,47],"killed_by":"Donu and Deca","ascension_level":0}}