{"host":"nnt34ungdh9fkcmy","time":1608520416,"event":{"mods":["BaseMod","Downfall","Minty Spire (QoL Compilation)","StSLib","SuperFastMode"],"gold_per_floor":[99,118,118,147,165,190,190,222,237,269,282,282,294,76,90,187,187,112,139,159,188,188,188,188,217,5,40,92,105,105,190,202,307,307,232,259,284,299,75,100,125,125,143,68,86,105,118,136,150,150],"floor_reached":51,"playtime":3181,"items_purged":["Regret","champ:Strike","champ:Strike"],"score":988,"play_id":"cf046799-4e9e-457d-916c-02ee306f53b0","local_time":"20201220201336","is_ascension_mode":true,"campfire_choices":[{"data":"champ:Taunt","floor":1,"key":"SMITH"},{"data":"champ:Lariat","floor":18,"key":"SMITH"},{"data":"champ:ShieldThrow","floor":22,"key":"SMITH"},{"data":"champ:DancingMaster","floor":35,"key":"SMITH"},{"floor":42,"key":"RECALL"},{"data":"champ:Improvising","floor":44,"key":"SMITH"}],"circlet_count":0,"master_deck":["champ:Defend+1","champ:Defend","champ:Defend","champ:Defend+1","champ:Execute+1","champ:Taunt+1","champ:ShieldThrow+1","champ:DefensiveShout","champ:DeathBlow+1","champ:BerserkersShout","champ:Lariat+1","champ:Backstep","champ:FalseCounter","champ:FocusedDefense","champ:BringItOn","champ:BerserkerStyle","champ:AdrenalArmor","champ:Encircle+1","champ:Improvising+1","champ:TornadoPunch+1","champ:StanceDance+1","champ:IronFortress","champ:DefensiveStyle","champ:TornadoPunch","champ:DancingMaster+1","champ:StanceDance+1","champ:Lariat+1","champ:ShieldThrow+1","champ:Circumvent","champ:BerserkerStyle"],"relics":["champ:ChampionCrown","Incense Burner","Tiny Chest","Lizard Tail","Ginger","Vajra","Philosopher\u0027s Stone","downfall:HeartBlessingGreen","Pen Nib","TungstenRod","Bottled Tornado","MealTicket","Membership Card","PreservedInsect","Sozu","downfall:HeartBlessingBlue","Blood Vial","Du-Vu Doll","Bronze Scales","DollysMirror","Art of War","Whetstone","downfall:HeartBlessingRed"],"acts_visited":["Exordium","TheCity","TheBeyond"],"potions_floor_usage":[10,10,19,19,19,19,25,33],"damage_taken":[{"damage":5,"enemies":"Small Slimes","floor":2,"turns":3},{"damage":11,"enemies":"Lagavulin","floor":4,"turns":6},{"damage":1,"enemies":"2 Louse","floor":5,"turns":2},{"damage":37,"enemies":"3 Sentries","floor":6,"turns":6},{"damage":32,"enemies":"Lagavulin","floor":8,"turns":8},{"damage":4,"enemies":"Cultist","floor":9,"turns":3},{"damage":23,"enemies":"3 Sentries","floor":10,"turns":9},{"damage":7,"enemies":"Exordium Wildlife","floor":11,"turns":2},{"damage":21,"enemies":"Exordium Thugs","floor":13,"turns":4},{"damage":28,"enemies":"downfall:FleeingMerchant","floor":14,"turns":4},{"damage":26,"enemies":"Lots of Slimes","floor":15,"turns":4},{"damage":32,"enemies":"downfall:Ironclad","floor":16,"turns":8},{"damage":121,"enemies":"Gremlin Leader","floor":19,"turns":8},{"damage":5,"enemies":"Shell Parasite","floor":20,"turns":4},{"damage":46,"enemies":"Book of Stabbing","floor":21,"turns":4},{"damage":20,"enemies":"Slavers","floor":25,"turns":3},{"damage":28,"enemies":"downfall:FleeingMerchant","floor":26,"turns":4},{"damage":38,"enemies":"Book of Stabbing","floor":27,"turns":4},{"damage":9,"enemies":"Centurion and Healer","floor":29,"turns":4},{"damage":17,"enemies":"Snecko","floor":32,"turns":3},{"damage":7,"enemies":"downfall:Defect","floor":33,"turns":6},{"damage":25,"enemies":"Giant Head","floor":37,"turns":5},{"damage":6,"enemies":"3 Shapes","floor":38,"turns":4},{"damage":38,"enemies":"downfall:FleeingMerchant","floor":39,"turns":4},{"damage":54,"enemies":"Nemesis","floor":40,"turns":7},{"damage":4,"enemies":"Orb Walker","floor":43,"turns":2},{"damage":19,"enemies":"Maw","floor":45,"turns":5},{"damage":8,"enemies":"Transient","floor":46,"turns":5},{"damage":33,"enemies":"Jaw Worm Horde","floor":47,"turns":3},{"damage":37,"enemies":"Maw","floor":48,"turns":5},{"damage":4,"enemies":"Spire Growth","floor":49,"turns":4},{"damage":44,"enemies":"downfall:Watcher","floor":50,"turns":6}],"seed_played":"-1670389934909904658","potions_obtained":[{"floor":2,"key":"SkillPotion"},{"floor":8,"key":"EntropicBrew"},{"floor":9,"key":"Regen Potion"},{"floor":10,"key":"FearPotion"},{"floor":11,"key":"FearPotion"},{"floor":19,"key":"champ:OpenerPotion"},{"floor":27,"key":"ColorlessPotion"},{"floor":29,"key":"champ:TechniquePotion"},{"floor":30,"key":"CultistPotion"}],"is_trial":false,"path_per_floor":["R","M","?","E","M","E","T","E","M","E","M","?","M","$","M","B",null,"R","E","M","E","R","?","T","E","$","E","T","M","?","?","M","B",null,"R","T","E","M","$","E","T","R","M","R","M","M","M","M","M","B",null],"character_chosen":"THE_CHAMP","items_purchased":["champ:BerserkerStyle","champ:AdrenalArmor","Membership Card","Bronze Scales","DollysMirror"],"campfire_rested":0,"item_purchase_floors":[14,14,26,39,39],"current_hp_per_floor":[90,90,90,84,83,66,66,52,54,61,59,59,48,45,40,26,90,90,64,71,46,46,46,46,43,64,66,66,79,79,62,60,65,90,100,100,100,100,95,67,67,67,73,73,81,100,78,78,89,100],"gold":150,"neow_bonus":"TRANSFORM_CARD","is_daily":false,"chose_seed":false,"campfire_upgraded":5,"win_rate":0.0,"timestamp":1608520416,"path_taken":["R","M","?","E","M","E","T","E","M","E","M","?","?","$","M","BOSS","R","E","M","E","R","?","T","E","$","E","?","?","?","?","M","BOSS","R","?","E","M","$","E","T","R","M","R","?","M","M","M","M","BOSS"],"items_purchased_type":["Card","Card","Relic","Relic","Relic"],"build_version":"2020-12-13","purchased_purges":3,"victory":true,"max_hp_per_floor":[90,90,90,90,90,90,90,90,90,90,90,90,90,90,90,90,90,90,90,90,90,90,90,90,90,90,90,90,90,90,90,90,90,90,100,100,100,100,100,100,100,100,100,100,100,100,100,100,100,100],"card_choices":[{"not_picked":["champ:Duel","champ:BerserkersShout"],"picked":"champ:DefensiveShout","floor":2},{"not_picked":["champ:GutPunch","champ:Riposte","champ:PerfectedStrike"],"picked":"SKIP","floor":4},{"not_picked":["champ:HeartStrike","champ:Shatter"],"picked":"champ:DeathBlow","floor":5},{"not_picked":["champ:EnGarde","champ:FocusedGladiator"],"picked":"champ:BerserkersShout","floor":6},{"not_picked":["champ:DancingMaster","champ:CrookedStrike","champ:FocusedGladiator"],"picked":"SKIP","floor":8},{"not_picked":["champ:EnGarde","champ:Shatter","champ:EndlessRage"],"picked":"SKIP","floor":9},{"not_picked":["champ:Encircle","champ:Balance"],"picked":"champ:Lariat","floor":10},{"not_picked":["champ:PerfectedStrike","champ:GladiatorStyle"],"picked":"champ:Backstep","floor":11},{"not_picked":["champ:BladeFlurry","champ:GladiatorStyle"],"picked":"champ:FocusedDefense","floor":13},{"not_picked":["champ:DancingMaster","champ:Haymaker"],"picked":"champ:BringItOn","floor":14},{"not_picked":["champ:BringItOn","champ:CalledShot"],"picked":"champ:Encircle","floor":15},{"not_picked":["champ:CrownThrow","champ:DancingMaster"],"picked":"champ:Improvising","floor":16},{"not_picked":["champ:BringItOn","champ:Improvising"],"picked":"champ:TornadoPunch+1","floor":19},{"not_picked":["champ:Haymaker","champ:BerserkerStyle","champ:Backstep"],"picked":"SKIP","floor":20},{"not_picked":["champ:FlashCut","champ:CrookedStrike"],"picked":"champ:StanceDance+1","floor":21},{"not_picked":["champ:CrookedStrike","champ:Duel+1","champ:HeartStrike"],"picked":"SKIP","floor":25},{"not_picked":["champ:Haymaker","champ:FanOfKnives"],"picked":"champ:IronFortress","floor":26},{"not_picked":["champ:PreciseThrust","champ:TornadoPunch"],"picked":"champ:DefensiveStyle","floor":27},{"not_picked":["champ:Shatter","champ:AdrenalArmor"],"picked":"champ:TornadoPunch","floor":29},{"not_picked":["champ:CrookedStrike","champ:PerfectedStrike","champ:StanceDance"],"picked":"SKIP","floor":32},{"not_picked":["champ:Devastate","champ:IgnorePain"],"picked":"champ:DancingMaster","floor":33},{"not_picked":["champ:GladiatorsShout+1","champ:AdrenalArmor"],"picked":"champ:StanceDance+1","floor":37},{"not_picked":["champ:DefensiveShout","champ:CalledShot","champ:CrookedStrike"],"picked":"SKIP","floor":38},{"not_picked":["champ:Backstep+1","champ:FaceSlap+1"],"picked":"champ:Lariat+1","floor":39},{"not_picked":["champ:PerfectedStrike+1","champ:SwordThrow","champ:GladiatorStyle+1"],"picked":"SKIP","floor":40},{"not_picked":["champ:AdrenalArmor","champ:FanOfKnives"],"picked":"champ:Circumvent","floor":43},{"not_picked":["champ:DefensiveShout+1","champ:Haymaker+1","champ:CalledShot+1"],"picked":"SKIP","floor":45},{"not_picked":["champ:PerfectedStrike+1","champ:CrookedStrike+1"],"picked":"champ:BerserkerStyle","floor":46},{"not_picked":["champ:FocusedGladiator+1","champ:DefensiveStyle+1","champ:PerfectedStrike"],"picked":"SKIP","floor":47},{"not_picked":["champ:StanceDance","champ:EndlessRage","champ:Riposte+1"],"picked":"SKIP","floor":48},{"not_picked":["champ:BringItOn+1","champ:Shatter","champ:FanOfKnives"],"picked":"SKIP","floor":49}],"player_experience":197664,"relics_obtained":[{"floor":4,"key":"Incense Burner"},{"floor":6,"key":"Tiny Chest"},{"floor":7,"key":"Lizard Tail"},{"floor":8,"key":"Ginger"},{"floor":10,"key":"Vajra"},{"floor":19,"key":"Pen Nib"},{"floor":21,"key":"TungstenRod"},{"floor":24,"key":"Bottled Tornado"},{"floor":25,"key":"MealTicket"},{"floor":27,"key":"PreservedInsect"},{"floor":36,"key":"Blood Vial"},{"floor":37,"key":"Du-Vu Doll"},{"floor":40,"key":"Art of War"},{"floor":41,"key":"Whetstone"}],"event_choices":[{"damage_healed":0,"gold_gain":0,"cards_transformed":["champ:Strike"],"player_choice":"Transformed","damage_taken":0,"max_hp_gain":0,"max_hp_loss":0,"event_name":"Transmorgrifier","floor":12,"gold_loss":0,"cards_obtained":["champ:FalseCounter"]},{"damage_healed":0,"gold_gain":0,"player_choice":"Leave","damage_taken":0,"max_hp_gain":0,"max_hp_loss":0,"event_name":"FaceTrader","floor":23,"gold_loss":0}],"is_beta":false,"boss_relics":[{"not_picked":["expansioncontent:StudyCardRelic","Black Star"],"picked":"Philosopher\u0027s Stone"},{"not_picked":["Fusion Hammer","Coffee Dripper"],"picked":"Sozu"}],"items_purged_floors":[14,26,39],"is_endless":false,"potions_floor_spawned":[2,8,9,10,11,19,27,29,32,33,37,40,45,46,49],"ascension_level":1}}