{"host":"5jn3rki867005t18","time":1608540036,"event":{"mods":["AchievementEnabler","BaseMod","Colored Map","Minty Spire (QoL Compilation)","Rare Cards Sparkle","StSLib","SuperFastMode"],"gold_per_floor":[114,114,125,138,111,126,51,51,51,51,51,70,84,102,102,102,102],"floor_reached":16,"playtime":666,"items_purged":["Normality"],"score":94,"play_id":"eb47035c-c0db-4a15-8efe-9a30f1920c28","local_time":"20201221174036","is_ascension_mode":false,"campfire_choices":[{"data":"Body Slam","floor":11,"key":"SMITH"},{"data":"Blood for Blood","floor":15,"key":"SMITH"}],"circlet_count":0,"master_deck":["Strike_R","Strike_R","Strike_R","Defend_R","Defend_R","Defend_R","Defend_R","Bash","Armaments","Body Slam","Armaments","Fire Breathing","Flex","Body Slam+1","Second Wind","Spot Weakness","Blood for Blood+1"],"relics":["Burning Blood","InkBottle"],"acts_visited":["Exordium"],"potions_floor_usage":[],"damage_taken":[{"damage":3,"enemies":"2 Louse","floor":1,"turns":3},{"damage":1,"enemies":"Cultist","floor":3,"turns":4},{"damage":10,"enemies":"Small Slimes","floor":4,"turns":5},{"damage":18,"enemies":"Blue Slaver","floor":6,"turns":6},{"damage":8,"enemies":"Exordium Thugs","floor":12,"turns":5},{"damage":9,"enemies":"3 Louse","floor":13,"turns":4},{"damage":0,"enemies":"Blue Slaver","floor":14,"turns":4},{"damage":59,"enemies":"Hexaghost","floor":16,"turns":9}],"seed_played":"8372770296412174199","potions_obtained":[{"floor":3,"key":"Energy Potion"},{"floor":14,"key":"FearPotion"}],"is_trial":false,"path_per_floor":["M","?","M","M","$","M","$","?","T","?","R","M","M","M","R","B"],"character_chosen":"IRONCLAD","items_purchased":["Flex"],"campfire_rested":0,"item_purchase_floors":[5],"current_hp_per_floor":[80,80,80,76,76,64,64,64,64,57,57,55,52,58,58,0,0],"gold":102,"neow_bonus":"THREE_CARDS","is_daily":false,"chose_seed":false,"campfire_upgraded":2,"win_rate":0.0,"timestamp":1608540036,"path_taken":["M","?","M","M","?","M","$","?","T","?","R","M","M","M","R","BOSS"],"items_purchased_type":["Card"],"build_version":"2020-12-13","purchased_purges":1,"victory":false,"max_hp_per_floor":[80,80,80,80,80,80,80,80,80,80,80,80,80,80,80,80,80],"card_choices":[{"not_picked":["Sword Boomerang","Twin Strike"],"picked":"Armaments","floor":0},{"not_picked":["Battle Trance","Thunderclap"],"picked":"Body Slam","floor":1},{"not_picked":["Twin Strike","Wild Strike"],"picked":"Armaments","floor":3},{"not_picked":["Heavy Blade","Perfected Strike"],"picked":"Fire Breathing","floor":4},{"not_picked":["Headbutt","Iron Wave"],"picked":"Body Slam","floor":6},{"not_picked":["Offering","Warcry"],"picked":"Second Wind","floor":12},{"not_picked":["Reckless Charge","Dual Wield"],"picked":"Spot Weakness","floor":13},{"not_picked":["Bloodletting","Flex"],"picked":"Blood for Blood","floor":14}],"player_experience":30378,"relics_obtained":[{"floor":9,"key":"InkBottle"}],"event_choices":[{"cards_removed":["Strike_R"],"damage_healed":0,"gold_gain":0,"player_choice":"Took Card","damage_taken":0,"max_hp_gain":0,"max_hp_loss":0,"event_name":"NoteForYourself","floor":2,"gold_loss":0,"cards_obtained":["Normality"]},{"damage_healed":0,"gold_gain":0,"player_choice":"Ignored","damage_taken":0,"max_hp_gain":0,"max_hp_loss":0,"event_name":"Liars Game","floor":8,"gold_loss":0},{"cards_removed":["Strike_R"],"damage_healed":0,"gold_gain":0,"player_choice":"Card Removal","damage_taken":7,"max_hp_gain":0,"max_hp_loss":0,"event_name":"Golden Wing","floor":10,"gold_loss":0}],"is_beta":false,"boss_relics":[],"items_purged_floors":[7],"is_endless":false,"potions_floor_spawned":[3,14],"killed_by":"Hexaghost","ascension_level":0}}