{"host":"30jsp143e4v19aze","time":1608571359,"event":{"mods":["BaseMod","Colored Map","Colored Powertips","Curses Come First","DeckTracker","Highlight Path","Minty Spire (QoL Compilation)","Quick Restart","Relic Stats","StSLib"],"gold_per_floor":[118,137,154,166,136,136,166,166,166,181,211,211,55,55,55,154,154,174,174,20,37,37,37,66,82,82,357,389,402,402,428,428,525,575,595,607,1606,1216,1216,1243,1256,1256,1256,1271,1296,1316,1316,1343,1343,1343,1343,1343,953,979,979],"floor_reached":56,"playtime":3241,"items_purged":["Normality","Normality"],"score":2140,"play_id":"52f13779-7b0d-48ee-ae0e-99aa98e0c721","local_time":"20201221182239","is_ascension_mode":true,"campfire_choices":[{"data":"Skewer","floor":6,"key":"SMITH"},{"data":"Catalyst","floor":12,"key":"SMITH"},{"floor":15,"key":"REST"},{"data":"Wraith Form v2","floor":23,"key":"SMITH"},{"data":"Crippling Poison","floor":30,"key":"SMITH"},{"data":"Bouncing Flask","floor":32,"key":"SMITH"},{"floor":42,"key":"RECALL"},{"data":"Bouncing Flask","floor":49,"key":"SMITH"},{"data":"Secret Technique","floor":52,"key":"SMITH"}],"circlet_count":0,"master_deck":["AscendersBane","Strike_G+1","Strike_G+1","Strike_G+1","Strike_G+1","Strike_G+1","Defend_G+1","Defend_G+1","Defend_G+1","Defend_G+1","Defend_G+1","Survivor+1","Neutralize","Bouncing Flask+1","Bouncing Flask+1","Noxious Fumes+1","Skewer+1","PiercingWail","Catalyst+1","Leg Sweep","Die Die Die","Wraith Form v2+1","Crippling Poison+1","Ghostly","Ghostly","Ghostly","Ghostly","Ghostly","Concentrate+1","Bullet Time","Regret","Night Terror","Well Laid Plans","Caltrops","Secret Technique+1","Discovery"],"relics":["Ring of the Snake","Happy Flower","Lantern","Gremlin Horn","SlaversCollar","Membership Card","Girya","FossilizedHelix","MealTicket","Tiny House","Blood Vial","Nunchaku","PrismaticShard","Snake Skull","Bird Faced Urn","CaptainsWheel","The Specimen","Orichalcum","Letter Opener","Sling","Tough Bandages"],"acts_visited":["Exordium","TheCity","TheBeyond","TheEnding"],"potions_floor_usage":[11,18,40,55,55],"damage_taken":[{"damage":0,"enemies":"Jaw Worm","floor":1,"turns":5},{"damage":3,"enemies":"2 Louse","floor":2,"turns":3},{"damage":0,"enemies":"Cultist","floor":3,"turns":3},{"damage":4,"enemies":"Blue Slaver","floor":4,"turns":5},{"damage":0,"enemies":"Looter","floor":5,"turns":4},{"damage":24,"enemies":"Gremlin Nob","floor":7,"turns":4},{"damage":5,"enemies":"Gremlin Gang","floor":10,"turns":5},{"damage":26,"enemies":"Lagavulin","floor":11,"turns":5},{"damage":2,"enemies":"The Guardian","floor":16,"turns":5},{"damage":0,"enemies":"3 Byrds","floor":18,"turns":2},{"damage":1,"enemies":"Chosen","floor":21,"turns":6},{"damage":3,"enemies":"Gremlin Leader","floor":24,"turns":7},{"damage":5,"enemies":"Shelled Parasite and Fungi","floor":25,"turns":7},{"damage":5,"enemies":"Slavers","floor":28,"turns":6},{"damage":2,"enemies":"Snecko","floor":29,"turns":5},{"damage":1,"enemies":"Book of Stabbing","floor":31,"turns":5},{"damage":1,"enemies":"Champ","floor":33,"turns":9},{"damage":3,"enemies":"Orb Walker","floor":35,"turns":5},{"damage":4,"enemies":"3 Darklings","floor":36,"turns":5},{"damage":18,"enemies":"Nemesis","floor":40,"turns":13},{"damage":3,"enemies":"Sphere and 2 Shapes","floor":41,"turns":5},{"damage":4,"enemies":"Transient","floor":44,"turns":5},{"damage":5,"enemies":"Reptomancer","floor":45,"turns":8},{"damage":2,"enemies":"4 Shapes","floor":46,"turns":6},{"damage":2,"enemies":"Giant Head","floor":48,"turns":7},{"damage":13,"enemies":"Awakened One","floor":50,"turns":7},{"damage":0,"enemies":"Shield and Spear","floor":54,"turns":8},{"damage":11,"enemies":"The Heart","floor":55,"turns":8}],"seed_played":"-8402962526988968678","potions_obtained":[{"floor":3,"key":"LiquidBronze"},{"floor":4,"key":"Fruit Juice"},{"floor":11,"key":"DuplicationPotion"},{"floor":21,"key":"Energy Potion"},{"floor":31,"key":"LiquidMemories"},{"floor":41,"key":"LiquidBronze"},{"floor":54,"key":"PowerPotion"}],"is_trial":false,"path_per_floor":["M","M","M","M","M","R","E","?","T","M","E","R","$","?","R","B",null,"M","?","$","M","?","R","E","M","T","?","E","M","R","E","R","B",null,"M","M","?","$","?","E","M","R","T","M","E","M","?","E","R","B",null,"R","$","E","B",null],"character_chosen":"THE_SILENT","items_purchased":["Die Die Die","Membership Card","Blood Vial","Nunchaku","PrismaticShard","Caltrops","Secret Technique","Orichalcum","Letter Opener","Sling","Discovery","SkillPotion"],"campfire_rested":1,"item_purchase_floors":[13,20,38,38,38,38,38,53,53,53,53,53],"current_hp_per_floor":[70,67,67,63,63,63,39,39,39,34,13,13,13,13,37,35,70,70,41,41,40,40,40,37,32,32,32,27,25,25,24,24,23,42,39,35,35,46,46,28,27,27,27,25,22,22,22,30,30,27,41,41,46,46,35],"gold":979,"neow_bonus":"TEN_PERCENT_HP_BONUS","is_daily":false,"chose_seed":false,"campfire_upgraded":7,"win_rate":0.0,"timestamp":1608571359,"path_taken":["M","M","M","M","M","R","E","?","T","M","E","R","$","?","R","BOSS","M","?","$","M","?","R","E","M","T","?","E","?","R","E","R","BOSS","M","M","?","$","?","E","?","R","T","M","E","M","?","E","R","BOSS","R","$","E","BOSS"],"items_purchased_type":["Card","Relic","Relic","Relic","Relic","Card","Card","Relic","Relic","Relic","Card","Potion"],"build_version":"2020-12-13","purchased_purges":2,"victory":true,"max_hp_per_floor":[77,77,77,77,77,77,77,77,77,77,82,82,82,82,82,82,82,82,41,41,41,41,41,41,41,41,41,41,41,41,41,41,41,46,46,46,46,46,46,46,46,46,46,46,46,46,46,46,46,46,46,46,46,46,46],"relic_stats":{"Happy Flower":[46],"Gremlin Horn":[24,24],"counters":[28,163],"Snake Skull":[124],"Letter Opener":[44],"Orichalcum":[18],"Blood Vial":12,"Nunchaku":[4],"Tough Bandages":[24],"Bird Faced Urn":[16],"MealTicket":16,"obtain_stats":[{"Girya":24,"Lantern":9,"Tiny House":34,"Happy Flower":7,"Gremlin Horn":11,"The Specimen":48,"Snake Skull":40,"Letter Opener":53,"Orichalcum":53,"PrismaticShard":38,"Sling":53,"Blood Vial":38,"SlaversCollar":17,"Nunchaku":38,"CaptainsWheel":47,"Tough Bandages":54,"Bird Faced Urn":45,"MealTicket":31,"Membership Card":20,"FossilizedHelix":26,"Ring of the Snake":0},{"Girya":12,"Lantern":6,"Tiny House":17,"Happy Flower":6,"Gremlin Horn":8,"The Specimen":25,"Snake Skull":20,"Letter Opener":26,"Orichalcum":26,"PrismaticShard":19,"Sling":26,"Blood Vial":19,"SlaversCollar":9,"Nunchaku":19,"CaptainsWheel":24,"Tough Bandages":27,"Bird Faced Urn":23,"MealTicket":16,"Membership Card":10,"FossilizedHelix":13,"Ring of the Snake":0},{"Girya":54,"Lantern":24,"Tiny House":86,"Happy Flower":24,"Gremlin Horn":34,"The Specimen":140,"Snake Skull":109,"Letter Opener":147,"Orichalcum":147,"PrismaticShard":96,"Sling":147,"Blood Vial":96,"SlaversCollar":39,"Nunchaku":96,"CaptainsWheel":133,"Tough Bandages":155,"Bird Faced Urn":127,"MealTicket":77,"Membership Card":41,"FossilizedHelix":61,"Ring of the Snake":0}],"Ring of the Snake":[56]},"card_choices":[{"not_picked":["Slice","Flying Knee"],"picked":"Bouncing Flask","floor":1},{"not_picked":["Blur","Cloak And Dagger","Deflect"],"picked":"SKIP","floor":2},{"not_picked":["Backflip","Deadly Poison"],"picked":"Bouncing Flask","floor":3},{"not_picked":["Slice","Dodge and Roll"],"picked":"Noxious Fumes","floor":4},{"not_picked":["Outmaneuver","Backstab"],"picked":"Skewer","floor":5},{"not_picked":["A Thousand Cuts","Reflex"],"picked":"PiercingWail","floor":7},{"not_picked":["Crippling Poison","Infinite Blades"],"picked":"Catalyst","floor":10},{"not_picked":["Reflex","Concentrate"],"picked":"Leg Sweep","floor":11},{"not_picked":["Die Die Die","Corpse Explosion"],"picked":"Wraith Form v2","floor":16},{"not_picked":["Outmaneuver","Noxious Fumes"],"picked":"Crippling Poison","floor":18},{"not_picked":["Bane","Outmaneuver"],"picked":"Concentrate+1","floor":21},{"not_picked":["Slice","Flying Knee"],"picked":"Bullet Time","floor":24},{"not_picked":["All Out Attack+1","Poisoned Stab","Blade Dance"],"picked":"SKIP","floor":25},{"not_picked":["Flying Knee","Deflect","Reflex"],"picked":"SKIP","floor":28},{"not_picked":["Quick Slash","Cloak And Dagger","Flying Knee"],"picked":"SKIP","floor":29},{"not_picked":["Quick Slash","Concentrate","Reflex"],"picked":"SKIP","floor":31},{"not_picked":["Bullet Time","Venomology"],"picked":"Night Terror","floor":33},{"not_picked":["Sucker Punch","Dodge and Roll"],"picked":"Well Laid Plans","floor":34},{"not_picked":["Bane","Bouncing Flask","Outmaneuver"],"picked":"SKIP","floor":35},{"not_picked":["Bane","Bouncing Flask","Outmaneuver"],"picked":"SKIP","floor":35},{"not_picked":["Setup","Outmaneuver","Reflex"],"picked":"SKIP","floor":36},{"not_picked":["Dagger Throw","Conclude","Streamline"],"picked":"SKIP","floor":40},{"not_picked":["Flex","Backstab","CutThroughFate"],"picked":"SKIP","floor":41},{"not_picked":["Turbo","WheelKick","BowlingBash"],"picked":"SKIP","floor":44},{"not_picked":["Barrage","Sword Boomerang+1","Judgement"],"picked":"SKIP","floor":45},{"not_picked":["Escape Plan","Dramatic Entrance","PiercingWail"],"picked":"SKIP","floor":46},{"not_picked":["Escape Plan","Dramatic Entrance","PiercingWail"],"picked":"SKIP","floor":46},{"not_picked":["Chrysalis","Deflect+1","Rebound"],"picked":"SKIP","floor":48},{"not_picked":["Doom and Gloom","Worship+1","Double Energy"],"picked":"SKIP","floor":54}],"player_experience":3015494,"relics_obtained":[{"floor":7,"key":"Happy Flower"},{"floor":9,"key":"Lantern"},{"floor":11,"key":"Gremlin Horn"},{"floor":24,"key":"Girya"},{"floor":26,"key":"FossilizedHelix"},{"floor":31,"key":"MealTicket"},{"floor":40,"key":"Snake Skull"},{"floor":45,"key":"Bird Faced Urn"},{"floor":47,"key":"CaptainsWheel"},{"floor":48,"key":"The Specimen"},{"floor":54,"key":"Tough Bandages"}],"event_choices":[{"damage_healed":0,"gold_gain":0,"player_choice":"Grow","damage_taken":0,"max_hp_gain":0,"max_hp_loss":0,"event_name":"Living Wall","floor":8,"gold_loss":0,"cards_upgraded":["Noxious Fumes"]},{"damage_healed":0,"gold_gain":0,"player_choice":"0 cards matched","damage_taken":0,"max_hp_gain":0,"max_hp_loss":0,"event_name":"Match and Keep!","floor":14,"gold_loss":0,"cards_obtained":[]},{"damage_healed":0,"gold_gain":0,"player_choice":"Became a Ghost","damage_taken":0,"max_hp_gain":0,"max_hp_loss":41,"event_name":"Ghosts","floor":19,"gold_loss":0,"cards_obtained":["Ghostly","Ghostly","Ghostly","Ghostly","Ghostly"]},{"damage_healed":0,"gold_gain":0,"player_choice":"Simplicity","damage_taken":0,"max_hp_gain":0,"max_hp_loss":0,"event_name":"Back to Basics","floor":22,"gold_loss":0,"cards_upgraded":["Strike_G","Strike_G","Strike_G","Strike_G","Strike_G","Defend_G","Defend_G","Defend_G","Defend_G","Defend_G"]},{"damage_healed":0,"gold_gain":275,"player_choice":"Desecrate","damage_taken":0,"max_hp_gain":0,"max_hp_loss":0,"event_name":"Golden Shrine","floor":27,"gold_loss":0,"cards_obtained":["Regret"]},{"damage_healed":0,"gold_gain":999,"player_choice":"Gold","damage_taken":0,"max_hp_gain":0,"max_hp_loss":0,"event_name":"MindBloom","floor":37,"gold_loss":0,"cards_obtained":["Normality","Normality"]},{"damage_healed":0,"gold_gain":0,"player_choice":"0 cards matched","damage_taken":0,"max_hp_gain":0,"max_hp_loss":0,"event_name":"Match and Keep!","floor":39,"gold_loss":0,"cards_obtained":[]},{"damage_healed":0,"gold_gain":0,"player_choice":"Relic","damage_taken":0,"max_hp_gain":0,"max_hp_loss":0,"event_name":"Wheel of Change","floor":47,"gold_loss":0}],"is_beta":false,"boss_relics":[{"not_picked":["Busted Crown","Cursed Key"],"picked":"SlaversCollar"},{"not_picked":["Runic Dome","Sozu"],"picked":"Tiny House"}],"items_purged_floors":[38,53],"is_endless":false,"potions_floor_spawned":[3,4,11,16,21,24,28,31,35,41,44,54],"ascension_level":12}}