{"host":"zx10cf1fsoa3eqiy","time":1608542861,"event":{"mods":["BaseMod","Colored Powertips","Downfall","Highlight Path","Minty Spire (QoL Compilation)","Quick Restart","Replay The Spire","Shop Mod","StSLib","Td1madao Mod","The Servant 0.9.4","Yuri Mod"],"gold_per_floor":[114,114,289,301,301,329,329,360,384,384,384],"floor_reached":10,"playtime":382,"items_purged":[],"score":119,"play_id":"769fb662-3c0d-4466-a066-44269802362d","local_time":"20201221172741","is_ascension_mode":true,"campfire_choices":[{"floor":7,"key":"RECALL"}],"circlet_count":0,"master_deck":["Strike_B","Strike_B","Strike_B","Strike_B","Defend_B","Defend_B","Defend_B","Defend_B","Zap","Dualcast","Defragment","Doubt","Auto Shields","Reinforced Body","Ball Lightning"],"relics":["Cracked Core","NeowsBlessing","Vajra","ReplayTheSpireMod:TigerMarble","Ancient Tea Set","Blood Vial"],"acts_visited":["Exordium"],"potions_floor_usage":[10,10],"damage_taken":[{"damage":0,"enemies":"Jaw Worm","floor":1,"turns":1},{"damage":0,"enemies":"Cultist","floor":4,"turns":1},{"damage":0,"enemies":"Lagavulin","floor":6,"turns":1},{"damage":30,"enemies":"3 Sentries","floor":8,"turns":7},{"damage":48,"enemies":"Lagavulin","floor":10,"turns":5}],"seed_played":"-408347376840645287","potions_obtained":[{"floor":4,"key":"BlessingOfTheForge"},{"floor":6,"key":"PowerPotion"},{"floor":8,"key":"Reflective Coating"}],"is_trial":false,"path_per_floor":["M","?","?","M","T","E","R","E","T","E"],"character_chosen":"DEFECT","items_purchased":[],"campfire_rested":0,"item_purchase_floors":[],"current_hp_per_floor":[75,75,75,75,75,75,75,45,45,0,0],"gold":384,"neow_bonus":"THREE_ENEMY_KILL","is_daily":false,"chose_seed":false,"campfire_upgraded":0,"win_rate":0.0,"timestamp":1608542861,"path_taken":["M","?","?","M","?","E","R","E","T","E"],"items_purchased_type":[],"build_version":"2020-12-13","purchased_purges":0,"victory":false,"max_hp_per_floor":[75,75,75,75,75,75,75,75,75,75,75],"card_choices":[{"not_picked":["Conserve Battery","BootSequence"],"picked":"Defragment","floor":1},{"not_picked":["Leap","Streamline"],"picked":"Auto Shields","floor":4},{"not_picked":["BasicCrystalCard","Sweeping Beam"],"picked":"Reinforced Body","floor":6},{"not_picked":["ReplayTheSpireMod:Reroute Power","Genetic Algorithm"],"picked":"Ball Lightning","floor":8}],"player_experience":261811,"relics_obtained":[{"floor":5,"key":"Vajra"},{"floor":6,"key":"ReplayTheSpireMod:TigerMarble"},{"floor":8,"key":"Ancient Tea Set"},{"floor":9,"key":"Blood Vial"}],"event_choices":[{"damage_healed":0,"gold_gain":0,"player_choice":"Ignored","damage_taken":0,"max_hp_gain":0,"max_hp_loss":0,"event_name":"Golden Wing","floor":2,"gold_loss":0},{"damage_healed":0,"gold_gain":175,"player_choice":"AGREE","damage_taken":0,"max_hp_gain":0,"max_hp_loss":0,"event_name":"Liars Game","floor":3,"gold_loss":0,"cards_obtained":["Doubt"]}],"is_beta":false,"boss_relics":[],"items_purged_floors":[],"is_endless":false,"potions_floor_spawned":[4,6,8],"killed_by":"Lagavulin","ascension_level":4}}