{"host":"2lrkmsuh7nz013qb","time":1608545437,"event":{"mods":["BaseMod","Colored Map","DeckTracker","Minty Spire (QoL Compilation)","SuperFastMode","everything is the same but u backflip on backflip"],"gold_per_floor":[114,126,142,157,171,199,199,233,285,303,316,290,290,300,300,395,395,411,427,427,440,451,451,461,471,471,471,381,84,84,95,95,198,198,212,228,147,158,168,168,202,202,202,34,34,50,50,63,63,63],"floor_reached":51,"playtime":2235,"items_purged":["Strike_B"],"score":923,"play_id":"7252c363-530d-4e74-bdae-3a585937fb23","local_time":"20201221191037","is_ascension_mode":true,"campfire_choices":[{"data":"Dualcast","floor":7.0,"key":"SMITH"},{"floor":15.0,"key":"REST"},{"floor":23.0,"key":"REST"},{"floor":27.0,"key":"REST"},{"data":"Fusion","floor":30.0,"key":"SMITH"},{"data":"Seek","floor":32.0,"key":"SMITH"},{"data":"Heatsinks","floor":40,"key":"SMITH"},{"data":"Defragment","floor":42,"key":"SMITH"},{"data":"Defragment","floor":45,"key":"SMITH"},{"data":"Defragment","floor":49,"key":"SMITH"}],"circlet_count":0,"master_deck":["Dualcast+1","Compile Driver","Tempest","Conserve Battery","Compile Driver+1","Chill","Cold Snap","Consume","Seek+1","Coolheaded","Echo Form","Chaos+1","Genetic Algorithm+1","Capacitor+1","Coolheaded+1","Turbo+1","Glacier","Fusion+1","Defragment+1","Defragment+1","Heatsinks+1","Electrodynamics","Turbo+1","Defragment+1","Chill","Self Repair","Loop","Loop+1"],"relics":["Cracked Core","Boot","Mummified Hand","Happy Flower","Astrolabe","Unceasing Top","Runic Capacitor","Empty Cage","Molten Egg 2","Gremlin Horn"],"acts_visited":["Exordium","TheCity","TheBeyond"],"potions_floor_usage":[41,50,50,50,50],"damage_taken":[{"damage":1.0,"enemies":"Cultist","floor":1.0,"turns":3.0},{"damage":3.0,"enemies":"Jaw Worm","floor":2.0,"turns":4.0},{"damage":8.0,"enemies":"2 Louse","floor":3.0,"turns":2.0},{"damage":4.0,"enemies":"Red Slaver","floor":4.0,"turns":4.0},{"damage":6.0,"enemies":"Blue Slaver","floor":5.0,"turns":3.0},{"damage":25.0,"enemies":"3 Sentries","floor":6.0,"turns":6.0},{"damage":9.0,"enemies":"Gremlin Nob","floor":8.0,"turns":3.0},{"damage":3.0,"enemies":"Gremlin Gang","floor":10.0,"turns":4.0},{"damage":3.0,"enemies":"Large Slime","floor":11.0,"turns":4.0},{"damage":0.0,"enemies":"Lots of Slimes","floor":14.0,"turns":4.0},{"damage":25.0,"enemies":"Hexaghost","floor":16.0,"turns":11.0},{"damage":8.0,"enemies":"3 Byrds","floor":18.0,"turns":5.0},{"damage":23.0,"enemies":"Chosen","floor":19.0,"turns":5.0},{"damage":5.0,"enemies":"Centurion and Healer","floor":21.0,"turns":5.0},{"damage":4.0,"enemies":"Snake Plant","floor":22.0,"turns":5.0},{"damage":8.0,"enemies":"3 Cultists","floor":24.0,"turns":6.0},{"damage":13.0,"enemies":"Chosen and Byrds","floor":25.0,"turns":7.0},{"damage":0.0,"enemies":"Snecko","floor":31.0,"turns":4.0},{"damage":17,"enemies":"Champ","floor":33,"turns":8},{"damage":0,"enemies":"3 Shapes","floor":35,"turns":2},{"damage":6,"enemies":"3 Darklings","floor":36,"turns":3},{"damage":5,"enemies":"Sphere and 2 Shapes","floor":38,"turns":3},{"damage":4,"enemies":"4 Shapes","floor":39,"turns":4},{"damage":5,"enemies":"Nemesis","floor":41,"turns":7},{"damage":1,"enemies":"Writhing Mass","floor":46,"turns":3},{"damage":0,"enemies":"Maw","floor":48,"turns":6},{"damage":9,"enemies":"Donu and Deca","floor":50,"turns":3}],"seed_played":"2300989183325993578","potions_obtained":[{"floor":3.0,"key":"ColorlessPotion"},{"floor":4.0,"key":"FearPotion"},{"floor":5.0,"key":"DistilledChaos"},{"floor":16.0,"key":"FearPotion"},{"floor":18.0,"key":"FearPotion"},{"floor":20.0,"key":"PowerPotion"},{"floor":20.0,"key":"Energy Potion"},{"floor":24.0,"key":"FearPotion"},{"floor":31.0,"key":"SpeedPotion"},{"floor":33,"key":"EssenceOfSteel"},{"floor":35,"key":"Regen Potion"},{"floor":41,"key":"Energy Potion"}],"is_trial":false,"path_per_floor":["M","M","M","M","M","E","R","E","T","M","M","?","?","M","R","B",null,"M","M","?","M","M","R","M","M","T","R","?","$","R","M","R","B",null,"M","M","$","M","M","R","E","R","T","$","R","M","?","M","R","B",null],"character_chosen":"DEFECT","items_purchased":["Runic Capacitor","Defragment","Defragment","EntropicBrew","Loop"],"campfire_rested":3,"item_purchase_floors":[29,29,37,44,44],"current_hp_per_floor":[67,64,56,52,46,21,21,12,12,9,6,6,6,6,28,3,57,49,26,26,21,17,39,31,18,18,40,40,40,40,40,40,23,62,62,56,56,51,47,47,57,57,57,57,57,63,63,70,70,68],"gold":63,"neow_bonus":"REMOVE_CARD","is_daily":false,"chose_seed":false,"campfire_upgraded":7,"win_rate":0.0,"timestamp":1608545437,"path_taken":["M","M","M","M","M","E","R","E","T","?","M","?","?","?","R","BOSS","M","M","?","M","M","R","M","?","T","R","?","$","R","M","R","BOSS","M","?","$","M","M","R","E","R","T","$","R","M","?","M","R","BOSS"],"items_purchased_type":["Relic","Card","Card","Potion","Card"],"build_version":"2020-12-13","purchased_purges":1,"victory":true,"max_hp_per_floor":[75,75,75,75,75,75,75,75,75,75,75,75,75,75,75,75,75,75,75,75,75,75,75,75,75,75,75,75,75,75,75,75,75,75,75,75,75,75,75,75,75,75,75,75,75,75,75,75,75,75],"card_choices":[{"not_picked":["Redo","Heatsinks"],"picked":"Compile Driver","floor":1.0},{"not_picked":["Stack","Redo"],"picked":"Tempest","floor":2.0},{"not_picked":["Hologram","Steam"],"picked":"Ball Lightning","floor":3.0},{"not_picked":["Undo","Compile Driver"],"picked":"Conserve Battery","floor":4.0},{"not_picked":["Fission","Redo"],"picked":"Compile Driver","floor":5.0},{"not_picked":["Turbo","Go for the Eyes"],"picked":"Chill","floor":6.0},{"not_picked":["Hologram","Conserve Battery"],"picked":"Cold Snap","floor":8.0},{"not_picked":["Lockon","Beam Cell"],"picked":"Consume","floor":10.0},{"not_picked":["Cold Snap","Hologram"],"picked":"Seek","floor":11.0},{"not_picked":["Conserve Battery","Rebound"],"picked":"Coolheaded","floor":14.0},{"not_picked":["Creative AI","Multi-Cast"],"picked":"Echo Form","floor":16.0},{"not_picked":["Streamline","Darkness"],"picked":"Coolheaded+1","floor":18.0},{"not_picked":["Conserve Battery","Glacier+1"],"picked":"Turbo+1","floor":19.0},{"not_picked":["Double Energy","Reinforced Body","Coolheaded"],"picked":"SKIP","floor":21.0},{"not_picked":["Gash","Hologram"],"picked":"Glacier","floor":22.0},{"not_picked":["Coolheaded","Reprogram"],"picked":"Fusion","floor":24.0},{"not_picked":["Capacitor","Ball Lightning"],"picked":"Defragment","floor":25.0},{"not_picked":["Cold Snap+1","Fission"],"picked":"Heatsinks","floor":31.0},{"not_picked":["Hyperbeam","Buffer"],"picked":"Electrodynamics","floor":33},{"not_picked":["Stack+1","Conserve Battery","Sweeping Beam"],"picked":"SKIP","floor":35},{"not_picked":["Cold Snap","Chill"],"picked":"Turbo+1","floor":36},{"not_picked":["Storm","Sweeping Beam"],"picked":"Chill","floor":38},{"not_picked":["Rainbow","Turbo","Gash"],"picked":"SKIP","floor":39},{"not_picked":["Hello World","Chaos+1"],"picked":"Self Repair","floor":41},{"not_picked":["Blizzard+1","Heatsinks","Stack+1"],"picked":"SKIP","floor":46},{"not_picked":["Compile Driver+1","Beam Cell+1"],"picked":"Loop+1","floor":48}],"player_experience":683021,"relics_obtained":[{"floor":6.0,"key":"Boot"},{"floor":8.0,"key":"Mummified Hand"},{"floor":9.0,"key":"Happy Flower"},{"floor":26.0,"key":"Unceasing Top"},{"floor":41,"key":"Molten Egg 2"},{"floor":43,"key":"Gremlin Horn"}],"event_choices":[{"damage_healed":0.0,"max_hp_gain":0.0,"max_hp_loss":0.0,"gold_gain":0.0,"event_name":"World of Goop","player_choice":"Left Gold","floor":12.0,"gold_loss":26.0,"damage_taken":0.0},{"cards_removed":["Strike_B"],"damage_healed":0.0,"max_hp_gain":0.0,"max_hp_loss":0.0,"gold_gain":0.0,"event_name":"Purifier","player_choice":"Purged","floor":13.0,"gold_loss":0.0,"damage_taken":0.0},{"damage_healed":0.0,"max_hp_gain":0.0,"max_hp_loss":0.0,"gold_gain":0.0,"event_name":"Lab","player_choice":"Got Potions","floor":20.0,"gold_loss":0.0,"damage_taken":0.0},{"cards_removed":["Defend_B"],"damage_healed":0.0,"max_hp_gain":0.0,"max_hp_loss":0.0,"gold_gain":0.0,"event_name":"Designer","player_choice":"Upgrade and Remove","floor":28.0,"gold_loss":90.0,"damage_taken":0.0,"cards_upgraded":["Compile Driver"]},{"cards_removed":["Ball Lightning"],"damage_healed":0,"gold_gain":0,"player_choice":"Removed Attack","damage_taken":0,"max_hp_gain":0,"max_hp_loss":0,"event_name":"Falling","floor":47,"gold_loss":0}],"is_beta":false,"boss_relics":[{"not_picked":["Runic Pyramid","SacredBark"],"picked":"Astrolabe"},{"not_picked":["Pandora\u0027s Box","Velvet Choker"],"picked":"Empty Cage"}],"items_purged_floors":[29],"is_endless":false,"potions_floor_spawned":[3,4,5,16,18,24,31,33,35,38,41],"ascension_level":7}}