{"host":"2461dio7vetlq1z3","time":1608524366,"event":{"mods":["2.2 Compatiblity","AchievementEnabler","BaseMod","Better Third Choice","Hermit","Minty Spire (QoL Compilation)","Relic Stats","Spicy Shops","StSLib","Waifu the Spire"],"gold_per_floor":[109,34,34,50,0,0,40,5,31,50,50,50,88,108,108,188,188,213,46,71,71,97,97,138,161,207,257,257,257],"floor_reached":28,"playtime":992,"items_purged":["Strike_B"],"score":455,"play_id":"0a3be8ed-a26f-49b7-939d-90da11de25a0","local_time":"20201221051926","is_ascension_mode":true,"campfire_choices":[{"floor":6,"key":"REST"},{"data":"Static Discharge","floor":12,"key":"SMITH"},{"data":"Demon Form","floor":15,"key":"SMITH"},{"floor":23,"key":"REST"}],"circlet_count":0,"master_deck":["AscendersBane","Strike_B","Strike_B","Strike_B","Defend_B","Defend_B","Defend_B","Defend_B","Zap","Dualcast","Melter","Demon Form+1","Ball Lightning","Enlightenment","Static Discharge+1","Undo","Reinforced Body","Loop","Amplify","Steam Power","Gash","Beam Cell+1","Genetic Algorithm","Steam Power+1"],"relics":["FrozenCore","Bronze Scales","CeramicFish","Toy Ornithopter","Oddly Smooth Stone","Membership Card","Symbiotic Virus","Juzu Bracelet"],"acts_visited":["Exordium","TheCity"],"potions_floor_usage":[13,14,24,24,25],"damage_taken":[{"damage":2,"enemies":"2 Louse","floor":1,"turns":2},{"damage":12,"enemies":"Small Slimes","floor":4,"turns":3},{"damage":40,"enemies":"Gremlin Nob","floor":7,"turns":5},{"damage":1,"enemies":"Cultist","floor":10,"turns":3},{"damage":15,"enemies":"Lagavulin","floor":13,"turns":5},{"damage":0,"enemies":"3 Louse","floor":14,"turns":3},{"damage":26,"enemies":"The Guardian","floor":16,"turns":9},{"damage":2,"enemies":"3 Byrds","floor":18,"turns":3},{"damage":6,"enemies":"Spheric Guardian","floor":20,"turns":4},{"damage":18,"enemies":"Centurion and Healer","floor":22,"turns":12},{"damage":7,"enemies":"Book of Stabbing","floor":24,"turns":6},{"damage":21,"enemies":"Sentry and Sphere","floor":25,"turns":3},{"damage":44,"enemies":"3 Cultists","floor":28,"turns":4}],"seed_played":"698841341905466721","potions_obtained":[{"floor":1,"key":"Regen Potion"},{"floor":11,"key":"Fire Potion"},{"floor":16,"key":"Fire Potion"},{"floor":18,"key":"Weak Potion"},{"floor":20,"key":"SneckoOil"},{"floor":24,"key":"ColorlessPotion"}],"is_trial":false,"path_per_floor":["M","$","?","M","?","R","E","?","T","M","?","R","E","M","R","B",null,"M","$","M","?","M","R","E","M","T","?","M"],"character_chosen":"DEFECT","items_purchased":["Membership Card"],"campfire_rested":2,"item_purchase_floors":[19],"current_hp_per_floor":[69,69,52,40,46,71,31,52,52,51,51,51,55,60,60,34,72,70,70,64,40,22,48,51,35,35,35,0,0],"gold":257,"neow_bonus":"TEN_PERCENT_HP_BONUS","is_daily":false,"chose_seed":false,"campfire_upgraded":2,"win_rate":0.0,"timestamp":1608524366,"path_taken":["M","$","?","M","?","R","E","?","T","M","?","R","E","M","R","BOSS","M","$","?","?","M","R","E","M","T","?","M"],"items_purchased_type":["Relic"],"build_version":"2020-12-13","purchased_purges":1,"victory":false,"max_hp_per_floor":[78,78,78,78,84,84,84,84,84,84,84,84,84,84,84,84,84,84,84,84,89,89,89,89,89,89,89,89,89],"relic_stats":{"counters":[13,62],"Bronze Scales":[205],"CeramicFish":90,"Juzu Bracelet":0,"obtain_stats":[{"Bronze Scales":3,"CeramicFish":7,"Oddly Smooth Stone":13,"Juzu Bracelet":26,"Membership Card":19,"Cracked Core":0,"Symbiotic Virus":24,"Toy Ornithopter":9,"FrozenCore":17},{"Bronze Scales":1,"CeramicFish":3,"Oddly Smooth Stone":5,"Juzu Bracelet":12,"Membership Card":8,"Cracked Core":0,"Symbiotic Virus":11,"Toy Ornithopter":3,"FrozenCore":7},{"Bronze Scales":2,"CeramicFish":10,"Oddly Smooth Stone":18,"Juzu Bracelet":58,"Membership Card":33,"Cracked Core":0,"Symbiotic Virus":55,"Toy Ornithopter":10,"FrozenCore":30}],"Toy Ornithopter":25,"FrozenCore":[15]},"card_choices":[{"not_picked":["Aggregate","Static Discharge"],"picked":"Melter","floor":1},{"not_picked":["Barrage","White Noise"],"picked":"Ball Lightning","floor":4},{"not_picked":["Rebound","Force Field"],"picked":"Static Discharge","floor":7},{"not_picked":["Coolheaded","Redo"],"picked":"Undo","floor":10},{"not_picked":["Ball Lightning","Fusion"],"picked":"Reinforced Body","floor":13},{"not_picked":["Ball Lightning","Turbo"],"picked":"Loop","floor":14},{"not_picked":["Hyperbeam","Machine Learning"],"picked":"Amplify","floor":16},{"not_picked":["Tempest","Doom and Gloom"],"picked":"Steam Power","floor":18},{"not_picked":["Hello World","Leap"],"picked":"Gash","floor":20},{"not_picked":["Barrage","Coolheaded"],"picked":"Beam Cell+1","floor":22},{"not_picked":["Turbo","Coolheaded"],"picked":"Genetic Algorithm","floor":24},{"not_picked":["Lockon","Genetic Algorithm"],"picked":"Steam Power+1","floor":25}],"player_experience":801474,"relics_obtained":[{"floor":7,"key":"CeramicFish"},{"floor":9,"key":"Toy Ornithopter"},{"floor":13,"key":"Oddly Smooth Stone"},{"floor":24,"key":"Symbiotic Virus"},{"floor":26,"key":"Juzu Bracelet"}],"event_choices":[{"damage_healed":0,"gold_gain":0,"player_choice":"RENOUNCE","damage_taken":50,"max_hp_gain":0,"max_hp_loss":0,"event_name":"betterThird:BetterSerpent","floor":5,"gold_loss":50,"cards_obtained":["Enlightenment"]},{"damage_healed":21,"gold_gain":0,"player_choice":"Healed","damage_taken":0,"max_hp_gain":0,"max_hp_loss":0,"event_name":"The Cleric","floor":8,"gold_loss":35},{"damage_healed":0,"gold_gain":0,"player_choice":"Got Potions","damage_taken":0,"max_hp_gain":0,"max_hp_loss":0,"event_name":"Lab","floor":11,"gold_loss":0},{"damage_healed":0,"gold_gain":0,"player_choice":"Shed Blood","damage_taken":29,"max_hp_gain":5,"max_hp_loss":0,"event_name":"Forgotten Altar","floor":21,"gold_loss":0},{"damage_healed":0,"gold_gain":50,"player_choice":"Steal","damage_taken":0,"max_hp_gain":0,"max_hp_loss":0,"event_name":"betterThird:BetterNest","floor":27,"gold_loss":0}],"is_beta":false,"boss_relics":[{"not_picked":["Tiny House","Cursed Key"],"picked":"FrozenCore"}],"items_purged_floors":[2],"is_endless":false,"potions_floor_spawned":[1,16,18,20,24],"killed_by":"3 Cultists","ascension_level":17}}