{"host":"81h68oe4mr04pk3r","time":1608528534,"event":{"mods":["Act Like it!","Aspiration","BaseMod","BetterRewards","Colored Map","Colored Powertips","Conspire","Downfall","Hermit","Hubris","Infinite Spire","Jorbs\u0027s Wanderer Trilogy","Koishi","Lobotomy","LobotomyExtend","Marisa????????","Minty Spire (QoL Compilation)","Quick Restart","Reimu??????","Remilia??????","Replay The Spire","StSLib","The Bug Knight","The Construct","The Cursed","The Disciple","The Servant 0.9.4"],"gold_per_floor":[99,99,99,133,133,33,33,63,73,73,85,85,70,85,95,95,95],"floor_reached":16,"playtime":1457,"items_purged":[],"score":133,"play_id":"44e03ee5-c737-4064-88bb-0db65a8557cd","local_time":"20201220212854","is_ascension_mode":false,"campfire_choices":[{"data":"Koishi:HauntingSlash","floor":1,"key":"SMITH"},{"data":"Koishi:PhilosophyOfTheDespised","floor":5,"key":"SMITH"},{"floor":10,"key":"REST"}],"circlet_count":0,"master_deck":["Koishi:BasicStrike","Koishi:BasicStrike","Koishi:BasicStrike","Koishi:BasicStrike","Koishi:BasicDefend","Koishi:BasicDefend","Koishi:BasicDefend","Koishi:BasicDefend","Koishi:Provoke","Koishi:HauntingSlash+1","Koishi:BloodcurdlingScream","Koishi:PhilosophyOfTheDespised+1","Koishi:RacingHeart","Ghostly","Koishi:PredatoryInstincts+1","Koishi:EmbersOfLove+1","Koishi:JumpScare+1","Koishi:FourthEye+1","Koishi:ParalyzingFear","Doubt","Koishi:JumpScare+1","Koishi:ImGoingToCallYouNow+1","Koishi:DreadfulBlow","Koishi:Jaunt","Koishi:RacingHeart"],"relics":["Koishi:ImaginaryFriend","downfall:HeartsMalice","LetterFromLob","Prayer Wheel","Toxic Egg 2","hubris:Zylophone","hubris:DisguiseKit","Frozen Eye"],"acts_visited":["Exordium"],"potions_floor_usage":[16,16,16],"damage_taken":[{"damage":0,"enemies":"Cultist","floor":2,"turns":1},{"damage":0,"enemies":"2 Louse","floor":3,"turns":1},{"damage":0,"enemies":"3 Sentries","floor":4,"turns":1},{"damage":31,"enemies":"Lagavulin","floor":8,"turns":8},{"damage":5,"enemies":"Jaw Worm","floor":9,"turns":3},{"damage":5,"enemies":"3 Louse","floor":11,"turns":3},{"damage":0,"enemies":"downfall:FleeingMerchant","floor":13,"turns":4},{"damage":40,"enemies":"Exordium Thugs","floor":14,"turns":5},{"damage":15,"enemies":"Large Slime","floor":15,"turns":10},{"damage":32,"enemies":"downfall:Watcher","floor":16,"turns":9}],"seed_played":"-1305812629592922359","potions_obtained":[{"floor":8,"key":"GrandPatriotsElixir:ReiMu"},{"floor":14,"key":"hexamod:EctoCoolerPotion"},{"floor":15,"key":"SneckoOil"}],"is_trial":false,"path_per_floor":["R","M","M","E","R","?","T","E","M","R","M","?","$","M","M","B"],"character_chosen":"KOISHI","items_purchased":[],"campfire_rested":1,"item_purchase_floors":[],"current_hp_per_floor":[60,60,60,60,60,60,60,41,46,60,60,60,60,46,32,0,0],"gold":95,"neow_bonus":"THREE_ENEMY_KILL","is_daily":false,"chose_seed":false,"campfire_upgraded":2,"win_rate":0.0,"timestamp":1608528534,"path_taken":["R","M","?","E","R","?","T","E","M","R","M","?","$","M","M","BOSS"],"items_purchased_type":[],"build_version":"2020-12-13","purchased_purges":0,"victory":false,"max_hp_per_floor":[60,60,60,60,60,60,60,60,60,60,60,60,60,60,60,60,60],"card_choices":[{"not_picked":["Koishi:SubconsciousSweep","Koishi:DanmakuParanoia"],"picked":"Koishi:BloodcurdlingScream","floor":2},{"not_picked":["Koishi:UnconsciousUprising","Koishi:EmbryosDream"],"picked":"Koishi:PhilosophyOfTheDespised","floor":3},{"not_picked":["Koishi:PhantomBarrier","Koishi:UnansweredLove"],"picked":"Koishi:RacingHeart","floor":4},{"not_picked":["Koishi:UnconsciousUrges","Koishi:BramblyRoseGarden"],"picked":"Koishi:PredatoryInstincts+1","floor":8},{"not_picked":["Koishi:PhantomStrike","Koishi:FadingMemory+1"],"picked":"Koishi:EmbersOfLove+1","floor":9},{"not_picked":["Koishi:TremblingHands","Koishi:SubterraneanRose+1"],"picked":"Koishi:JumpScare+1","floor":9},{"not_picked":["Koishi:BramblyRoseGarden","Koishi:PhantomBarrier+1"],"picked":"Koishi:FourthEye+1","floor":11},{"not_picked":["Koishi:HeartfeltFancy+1","Koishi:GeneticsOfTheUnconscious+1"],"picked":"Koishi:ParalyzingFear","floor":11},{"not_picked":["Koishi:ApparitionsStalkTheNight+1","Koishi:Prune","Cleave"],"picked":"Koishi:JumpScare+1","floor":13},{"not_picked":["Koishi:Jaunt","Koishi:DanmakuParanoia+1","Power Through"],"picked":"Koishi:ImGoingToCallYouNow+1","floor":14},{"not_picked":["Koishi:UnansweredLove+1","Koishi:BramblyRoseGarden","hubris:SharpeningStone"],"picked":"Koishi:DreadfulBlow","floor":14},{"not_picked":["Koishi:GeneticsOfTheUnconscious+1","Koishi:Bloodlust+1","Warcry"],"picked":"Koishi:Jaunt","floor":15},{"not_picked":["Koishi:UnansweredLove+1","Koishi:GeneticsOfTheUnconscious+1","Body Slam"],"picked":"Koishi:RacingHeart","floor":15}],"player_experience":134759,"relics_obtained":[{"floor":2,"key":"LetterFromLob"},{"floor":4,"key":"Prayer Wheel"},{"floor":7,"key":"Toxic Egg 2"},{"floor":8,"key":"hubris:Zylophone"}],"event_choices":[{"damage_healed":0,"gold_gain":0,"player_choice":"Argue","damage_taken":0,"max_hp_gain":0,"max_hp_loss":0,"event_name":"conspire:LoneGhost","floor":6,"gold_loss":0}],"is_beta":false,"boss_relics":[],"items_purged_floors":[],"is_endless":false,"potions_floor_spawned":[8,14,15],"killed_by":"downfall:Watcher","ascension_level":0}}