{"host":"q9718omregw4er46","time":1608575301,"event":{"mods":["BaseMod","Bestiary","Colored Powertips","Minty Spire (QoL Compilation)","Quick Restart","Relic Stats"],"gold_per_floor":[116,116,126,1,12,12,38,38,38,38,58,58,75,107,107,184,184,202,219,219,247,261,261,296,296,296,296,296],"floor_reached":27,"playtime":742,"items_purged":["Strike_B"],"score":482,"play_id":"431c5283-39e0-4ba3-84b5-8c400864ed79","local_time":"20201221232821","is_ascension_mode":true,"campfire_choices":[{"data":"Ball Lightning","floor":6,"key":"SMITH"},{"data":"Sweeping Beam","floor":12,"key":"SMITH"},{"data":"Defragment","floor":15,"key":"SMITH"},{"data":"Loop","floor":23,"key":"SMITH"},{"data":"Loop","floor":25,"key":"SMITH"}],"circlet_count":0,"master_deck":["AscendersBane","Strike_B","Strike_B","Defend_B","Defend_B","Defend_B","Defend_B","Zap","Dualcast","Sweeping Beam+1","Ball Lightning","Ball Lightning+1","Defragment+1","Cold Snap","Seek","Loop+1","Glacier","Loop+1","Injury"],"relics":["Cracked Core","NeowsBlessing","StrikeDummy","Meat on the Bone","Cursed Key","Red Mask","Nunchaku","Incense Burner"],"acts_visited":["Exordium","TheCity"],"potions_floor_usage":[14,14,14,16,21,24],"damage_taken":[{"damage":0,"enemies":"Jaw Worm","floor":1,"turns":1},{"damage":0,"enemies":"Cultist","floor":3,"turns":1},{"damage":0,"enemies":"Small Slimes","floor":5,"turns":1},{"damage":25,"enemies":"Lagavulin","floor":7,"turns":5},{"damage":4,"enemies":"2 Fungi Beasts","floor":11,"turns":3},{"damage":8,"enemies":"Blue Slaver","floor":13,"turns":2},{"damage":35,"enemies":"3 Sentries","floor":14,"turns":5},{"damage":14,"enemies":"Hexaghost","floor":16,"turns":9},{"damage":26,"enemies":"3 Byrds","floor":18,"turns":3},{"damage":29,"enemies":"Shell Parasite","floor":19,"turns":4},{"damage":6,"enemies":"Masked Bandits","floor":21,"turns":3},{"damage":5,"enemies":"Centurion and Healer","floor":22,"turns":7},{"damage":14,"enemies":"Book of Stabbing","floor":24,"turns":6},{"damage":56,"enemies":"Slavers","floor":27,"turns":3}],"seed_played":"-3411890904206407212","potions_obtained":[{"floor":1,"key":"AttackPotion"},{"floor":3,"key":"EntropicBrew"},{"floor":13,"key":"Fruit Juice"},{"floor":14,"key":"Dexterity Potion"},{"floor":18,"key":"DistilledChaos"},{"floor":21,"key":"SteroidPotion"}],"is_trial":false,"path_per_floor":["M","?","M","$","M","R","E","?","T","$","M","R","M","E","R","B",null,"M","M","?","?","M","R","E","R","T","E"],"character_chosen":"DEFECT","items_purchased":["Ball Lightning"],"campfire_rested":0,"item_purchase_floors":[4],"current_hp_per_floor":[64,64,64,64,64,64,39,44,44,44,40,40,32,16,16,14,64,50,33,33,39,46,46,44,44,44,0,0],"gold":296,"neow_bonus":"THREE_ENEMY_KILL","is_daily":false,"chose_seed":false,"campfire_upgraded":5,"win_rate":0.0,"timestamp":1608575301,"path_taken":["M","?","M","$","?","R","E","?","T","?","M","R","M","E","R","BOSS","M","?","?","?","M","R","E","R","T","E"],"items_purchased_type":["Card"],"build_version":"2020-12-13","purchased_purges":1,"victory":false,"max_hp_per_floor":[71,71,71,71,71,71,71,76,76,76,76,76,76,81,81,81,81,81,81,81,81,81,81,81,81,81,81,81],"relic_stats":{"Nunchaku":[0],"counters":[14,53],"Cursed Key":1,"obtain_stats":[{"Nunchaku":24,"NeowsBlessing":0,"Red Mask":21,"Incense Burner":26,"Cracked Core":0,"StrikeDummy":7,"Cursed Key":17,"Meat on the Bone":14},{"Nunchaku":13,"NeowsBlessing":0,"Red Mask":11,"Incense Burner":13,"Cracked Core":0,"StrikeDummy":4,"Cursed Key":8,"Meat on the Bone":7},{"Nunchaku":50,"NeowsBlessing":0,"Red Mask":37,"Incense Burner":50,"Cracked Core":0,"StrikeDummy":8,"Cursed Key":27,"Meat on the Bone":18}],"Meat on the Bone":72},"card_choices":[{"not_picked":["Aggregate","Beam Cell"],"picked":"Sweeping Beam","floor":1},{"not_picked":["Stack","Leap"],"picked":"Ball Lightning","floor":3},{"not_picked":["Leap","Loop","Rebound"],"picked":"SKIP","floor":5},{"not_picked":["Heatsinks","Turbo","Hologram"],"picked":"SKIP","floor":7},{"not_picked":["Reprogram","Ball Lightning","Beam Cell"],"picked":"SKIP","floor":11},{"not_picked":["Coolheaded","Consume"],"picked":"Defragment","floor":13},{"not_picked":["Sweeping Beam","Fusion"],"picked":"Cold Snap","floor":14},{"not_picked":["Reboot","All For One"],"picked":"Seek","floor":16},{"not_picked":["Aggregate","Heatsinks"],"picked":"Loop","floor":18},{"not_picked":["Static Discharge","Turbo+1"],"picked":"Glacier","floor":19},{"not_picked":["Steam","Redo+1"],"picked":"Loop","floor":22},{"not_picked":["Skim","Streamline","Conserve Battery+1"],"picked":"SKIP","floor":24}],"player_experience":1084439,"relics_obtained":[{"floor":7,"key":"StrikeDummy"},{"floor":14,"key":"Meat on the Bone"},{"floor":21,"key":"Red Mask"},{"floor":24,"key":"Nunchaku"},{"floor":26,"key":"Incense Burner"}],"event_choices":[{"cards_removed":["Strike_B"],"damage_healed":0,"gold_gain":0,"player_choice":"Purged","damage_taken":0,"max_hp_gain":0,"max_hp_loss":0,"event_name":"Purifier","floor":2,"gold_loss":0},{"damage_healed":0,"gold_gain":0,"player_choice":"Donut","damage_taken":0,"max_hp_gain":5,"max_hp_loss":0,"event_name":"Big Fish","floor":8,"gold_loss":0},{"damage_healed":0,"gold_gain":0,"player_choice":"Ignored","damage_taken":0,"max_hp_gain":0,"max_hp_loss":0,"event_name":"The Mausoleum","floor":20,"gold_loss":0},{"damage_healed":0,"gold_gain":0,"player_choice":"Fought Bandits","damage_taken":0,"max_hp_gain":0,"max_hp_loss":0,"event_name":"Masked Bandits","floor":21,"gold_loss":0}],"is_beta":false,"boss_relics":[{"not_picked":["Philosopher\u0027s Stone","Calling Bell"],"picked":"Cursed Key"}],"items_purged_floors":[4],"is_endless":false,"potions_floor_spawned":[1,3,13,14,18,19,21],"killed_by":"Slavers","ascension_level":20}}