{"host":"mxfuycht0zuikhh3","time":1608554327,"event":{"mods":["Aspiration","BaseMod","Better Third Choice","BetterRewards","Colored Map","Colored Powertips","Conspire","Downfall","Halation","Hubris","Infinite Spire","Mimic Mod","Minty Spire (QoL Compilation)","Permanent Neow","Rare Cards Sparkle","Replay The Spire","Shop Mod","StSLib","SuperFastMode","Swap Starting Deck Mod","The Mystic","yUi"],"gold_per_floor":[99,99,115,133,133,153,153,153,164,164,180,196,196,196,207,309,309,309,324,174,184,184,204,240,252,269,283,294,294,310,322,334,434,434,434,450,450,464,483,500,500,500,517,517,517,328,338,355,371,371],"floor_reached":51,"playtime":3226,"items_purged":[],"score":680,"play_id":"d67d7c1b-77a0-4f53-aec8-d1a0682bd35e","local_time":"20201221133847","is_ascension_mode":false,"campfire_choices":[{"floor":1,"key":"DIG"},{"data":"Guardian:PrismaticBarrier","floor":8,"key":"SMITH"},{"data":"Guardian:TwinSlam","floor":10,"key":"SMITH"},{"data":"Guardian:StasisField","floor":22,"key":"SMITH"}],"circlet_count":0,"master_deck":["Guardian:Strike_Guardian","Guardian:Strike_Guardian","Guardian:Strike_Guardian","Guardian:Strike_Guardian","Guardian:Defend_Guardian","Guardian:Defend_Guardian","Guardian:Defend_Guardian","Guardian:Defend_Guardian","Guardian:CurlUp","Guardian:TwinSlam+1","Guardian:SentryBeam","Guardian:PrismaticBarrier+1","Guardian:Reroute","Guardian:StasisField+1","Immolate","Guardian:CrystalBeam","Guardian:SphericShield","Guardian:Reroute","Guardian:SentryBeam","Guardian:PiercingHide","Guardian:ShieldSpikes","Guardian:BaubleBeam","Guardian:PiercingHide+1","Guardian:SentryBeam+1","Guardian:Incinerate+1","Guardian:WalkerClaw+1","Guardian:Gem_Synthetic","Guardian:Gem_Purple","Guardian:ArmoredProtocol","Guardian:PrimingBeam","Guardian:Gem_Fragmented","Guardian:Gem_Red","Guardian:Gem_Green","Guardian:TimeBomb+1","Guardian:PrismaticBarrier+1","Survey Options","Guardian:Gem_Orange","Parasite","Guardian:TimeBomb+1","Guardian:Reroute+1"],"relics":["Guardian:ModeShifter","Replay:WaspNest","hubris:Spice","halation:PrussianBluePaint","hubris:TinFlute","halation:PapillonHeart","DollysMirror","MerchantsRug"],"acts_visited":["Exordium","TheCity","TheBeyond"],"potions_floor_usage":[16,39,40,47],"damage_taken":[{"damage":8,"enemies":"Small Slimes","floor":3,"turns":4},{"damage":0,"enemies":"infinitespire:Voidling","floor":4,"turns":5},{"damage":3,"enemies":"Jaw Worm","floor":6,"turns":3},{"damage":5,"enemies":"3 Louse","floor":9,"turns":3},{"damage":8,"enemies":"Red Slaver","floor":11,"turns":3},{"damage":6,"enemies":"Exordium Wildlife","floor":12,"turns":4},{"damage":0,"enemies":"Gremlin Gang","floor":15,"turns":3},{"damage":22,"enemies":"downfall:Silent","floor":16,"turns":7},{"damage":9,"enemies":"3 Byrds","floor":19,"turns":1},{"damage":12,"enemies":"Shell Parasite","floor":21,"turns":4},{"damage":9,"enemies":"Chosen and Byrds","floor":23,"turns":5},{"damage":13,"enemies":"conspire:HollyBat","floor":24,"turns":7},{"damage":7,"enemies":"conspire:HollyBat","floor":25,"turns":8},{"damage":3,"enemies":"Centurion and Healer","floor":26,"turns":7},{"damage":8,"enemies":"Sentry and Sphere","floor":27,"turns":4},{"damage":0,"enemies":"3 Cultists","floor":28,"turns":4},{"damage":15,"enemies":"Snecko","floor":30,"turns":5},{"damage":2,"enemies":"Centurion and Healer","floor":31,"turns":6},{"damage":0,"enemies":"Sentry and Sphere","floor":32,"turns":3},{"damage":17,"enemies":"downfall:Defect","floor":33,"turns":9},{"damage":0,"enemies":"Orb Walker","floor":36,"turns":3},{"damage":12,"enemies":"3 Shapes","floor":38,"turns":4},{"damage":12,"enemies":"Jaw Worm Horde","floor":39,"turns":5},{"damage":30,"enemies":"3 Darklings","floor":40,"turns":3},{"damage":12,"enemies":"Sphere and 2 Shapes","floor":43,"turns":3},{"damage":0,"enemies":"downfall:FleeingMerchant","floor":46,"turns":4},{"damage":0,"enemies":"Writhing Mass","floor":47,"turns":5},{"damage":10,"enemies":"Jaw Worm Horde","floor":48,"turns":3},{"damage":5,"enemies":"Transient","floor":49,"turns":5},{"damage":49,"enemies":"downfall:Watcher","floor":50,"turns":9}],"seed_played":"-1867754300033951981","potions_obtained":[{"floor":3,"key":"BlessingOfTheForge"},{"floor":12,"key":"Guardian:AcceleratePotion"},{"floor":15,"key":"AttackPotion"},{"floor":16,"key":"Elixir"},{"floor":29,"key":"Guardian:DefensiveModePotion"},{"floor":30,"key":"sneckomod:MuddlingPotion"},{"floor":33,"key":"infinitespire:BlackPotion"},{"floor":39,"key":"Regen Potion"},{"floor":47,"key":"Fruit Juice"},{"floor":48,"key":"Toxic Potion"}],"is_trial":false,"path_per_floor":["R_BF","?","M","M","?","M","T","R","M","R","M","M","?","?","M","B",null,"R","M","?","M","R","M","MIM","M","M","M","M","?","M","M","M","B",null,"R_BF","M","?","M","M","M","T","?","M","R","?","$","M","M","M","B",null],"character_chosen":"GUARDIAN","items_purchased":["hubris:Spice","DollysMirror","hubris:Spice","Survey Options","Guardian:Gem_Orange","MerchantsRug"],"campfire_rested":0,"item_purchase_floors":[46,46,46,46,46,46],"current_hp_per_floor":[80,80,72,72,77,74,82,82,77,77,69,63,49,43,43,21,101,101,92,111,99,99,90,77,70,67,59,59,59,44,42,42,25,95,95,95,95,83,71,41,41,41,110,110,110,102,107,107,107,107],"gold":371,"neow_bonus":"ONE_RANDOM_RARE_CARD","is_daily":false,"chose_seed":false,"campfire_upgraded":3,"win_rate":0.0,"timestamp":1608554327,"path_taken":["R_BF","?","M","?","?","M","T","R","M","R","M","M","?","?","M","BOSS","R","M","?","M","R","M","MIM","M","M","M","M","?","?","?","M","BOSS","R_BF","M","?","M","M","M","T","?","M","R","?","$","M","M","M","BOSS"],"items_purchased_type":["Relic","Relic","Relic","Card","Card","Relic"],"build_version":"2020-12-13","purchased_purges":0,"victory":true,"max_hp_per_floor":[80,80,80,80,85,85,93,93,93,93,93,93,93,93,93,93,101,101,101,111,103,103,103,103,103,103,103,103,103,103,103,103,103,95,95,95,95,95,87,87,79,75,110,110,110,102,107,107,107,107],"card_choices":[{"not_picked":["Guardian:PolyBeam","Guardian:Suspension"],"picked":"Guardian:SentryBeam","floor":3},{"not_picked":["Guardian:PrimingBeam","Guardian:RollAttack"],"picked":"Guardian:Gem_Blue","floor":4},{"not_picked":["Guardian:EvasiveProtocol","Guardian:VentSteam"],"picked":"Guardian:PrismaticBarrier","floor":6},{"not_picked":["Guardian:GuardianWhirl","Guardian:Recover"],"picked":"Guardian:Reroute","floor":9},{"not_picked":["Guardian:WalkerClaw","Guardian:Incinerate"],"picked":"Guardian:StasisField","floor":11},{"not_picked":["Guardian:SentryBeam","Guardian:ShieldCharger"],"picked":"Guardian:Gem_Cyan","floor":12},{"not_picked":["Guardian:TemporalStrike","Guardian:Gem_Crimson"],"picked":"Guardian:CrystalBeam","floor":15},{"not_picked":["Guardian:StasisStrike","Guardian:ExploitGems"],"picked":"Guardian:SphericShield","floor":16},{"not_picked":["Guardian:Preprogram","Guardian:TimeCapacitor"],"picked":"Guardian:Reroute","floor":19},{"not_picked":["Guardian:Reroute","Guardian:ShieldSpikes+1"],"picked":"hubris:SpiceAddiction","floor":21},{"not_picked":["Guardian:TimeCapacitor","Guardian:VentSteam"],"picked":"Guardian:SentryBeam","floor":23},{"not_picked":["hubris:SpiceAddiction","Guardian:Gem_Crimson"],"picked":"Guardian:PiercingHide","floor":24},{"not_picked":["Guardian:TimeCapacitor+1","Guardian:ShieldCharger+1"],"picked":"Guardian:ShieldSpikes","floor":25},{"not_picked":["Guardian:BronzeOrb+1","Guardian:TemporalShield"],"picked":"Guardian:Gem_Cyan","floor":26},{"not_picked":["Guardian:Gem_Cyan","Guardian:Gem_Green"],"picked":"Guardian:BaubleBeam","floor":27},{"not_picked":["Guardian:Gem_Blue","Guardian:Gem_Cyan"],"picked":"Guardian:PiercingHide+1","floor":28},{"not_picked":["Guardian:Gem_Purple","Guardian:Gem_Green"],"picked":"Guardian:SentryBeam+1","floor":30},{"not_picked":["hubris:SpiceAddiction","Guardian:DonusPower+1"],"picked":"Guardian:Incinerate+1","floor":31},{"not_picked":["Guardian:RefractedBeam","Guardian:PrimingBeam"],"picked":"Guardian:WalkerClaw","floor":32},{"not_picked":["Guardian:ExploitGems","Guardian:FastForward"],"picked":"Guardian:Gem_Orange","floor":33},{"not_picked":["Guardian:Suspension+1","Guardian:Gem_Purple"],"picked":"Guardian:ArmoredProtocol","floor":36},{"not_picked":["Guardian:VentSteam+1","Guardian:MultiBeam"],"picked":"Guardian:PrimingBeam","floor":38},{"not_picked":["Guardian:WalkerClaw","Guardian:VentSteam"],"picked":"hubris:SpiceAddiction","floor":39},{"not_picked":["Guardian:SentryBeam+1","Guardian:ShieldCharger"],"picked":"Guardian:Gem_Fragmented","floor":40},{"not_picked":["Guardian:DecasProtection+1","Guardian:CrystalBeam"],"picked":"hubris:SpiceAddiction","floor":43},{"not_picked":["Guardian:Gem_Red","Guardian:Reroute"],"picked":"Guardian:TimeBomb+1","floor":46},{"not_picked":["Guardian:PrismaticBeam","Guardian:BaubleBeam"],"picked":"Guardian:TimeBomb+1","floor":47},{"not_picked":["Guardian:RollAttack","Guardian:ShieldCharger","Guardian:TimeBomb"],"picked":"SKIP","floor":48},{"not_picked":["Guardian:PiercingHide","Guardian:RollAttack"],"picked":"Guardian:Reroute+1","floor":49}],"player_experience":142253,"relics_obtained":[{"floor":1,"key":"Replay:WaspNest"},{"floor":7,"key":"hubris:Spice"},{"floor":24,"key":"hubris:TinFlute"},{"floor":41,"key":"hubris:Spice"}],"event_choices":[{"damage_healed":0,"gold_gain":0,"player_choice":"Ignored","damage_taken":0,"max_hp_gain":0,"max_hp_loss":0,"event_name":"NoteForYourself","floor":2,"gold_loss":0},{"damage_healed":0,"gold_gain":0,"player_choice":"Donut","damage_taken":0,"max_hp_gain":5,"max_hp_loss":0,"event_name":"Big Fish","floor":5,"gold_loss":0},{"damage_healed":0,"gold_gain":0,"player_choice":"Got Potions","damage_taken":0,"max_hp_gain":0,"max_hp_loss":0,"event_name":"Lab","floor":29,"gold_loss":0},{"damage_healed":0,"gold_gain":0,"player_choice":"Leave","damage_taken":0,"max_hp_gain":0,"max_hp_loss":0,"event_name":"conspire:Investor","floor":37,"gold_loss":0}],"is_beta":false,"boss_relics":[{"not_picked":["Coffee Dripper","Astrolabe"],"picked":"hubris:Spice"},{"not_picked":["hubris:Spice","hubris:Spice"],"picked":"hubris:Spice"}],"items_purged_floors":[],"is_endless":false,"potions_floor_spawned":[3,12,15,16,25,26,30,31,32,33,38,39,47,48],"ascension_level":0}}