{"host":"27cnk69rbdk9vsnt","time":1608561636,"event":{"mods":["BaseMod","CatGirl Mod","Ekko","Energized Spire","JesterMod","Mimic Mod","Minty Spire (QoL Compilation)","Shade Mod","Shop Mod","StSLib","The Spell Scribe","Thieving Mod"],"gold_per_floor":[99,99,99,99,99,99,99,99],"floor_reached":7,"playtime":169,"items_purged":[],"score":37,"play_id":"c40dbd03-3306-4d82-8d89-5d9a9a2c924a","local_time":"20201221154036","is_ascension_mode":false,"campfire_choices":[{"data":"jesterMod:Taunt","floor":6,"key":"SMITH"}],"circlet_count":0,"master_deck":["jesterMod:Strike+1","jesterMod:Strike","jesterMod:Strike","jesterMod:Strike","jesterMod:Sickle","jesterMod:Defend","jesterMod:Defend","jesterMod:Defend","jesterMod:Defend","jesterMod:Dodge+1","jesterMod:Taunt+1","Injury","Parasite","Shame","Regret"],"relics":["Ectoplasm","Golden Idol"],"acts_visited":["Exordium"],"potions_floor_usage":[7,7],"damage_taken":[{"damage":0,"enemies":"2 Louse","floor":1,"turns":4},{"damage":40,"enemies":"3 Sentries","floor":7,"turns":4}],"seed_played":"3661269751435043043","potions_obtained":[{"floor":1,"key":"BlessingOfTheForge"},{"floor":5,"key":"Swift Potion"},{"floor":5,"key":"Swift Potion"}],"is_trial":false,"path_per_floor":["M","?","?","$","?","R","E"],"character_chosen":"THE_JESTER","items_purchased":[],"campfire_rested":0,"item_purchase_floors":[],"current_hp_per_floor":[70,56,56,36,36,36,0,0],"gold":99,"neow_bonus":"BOSS_RELIC","is_daily":false,"chose_seed":false,"campfire_upgraded":1,"win_rate":0.0,"timestamp":1608561636,"path_taken":["M","?","?","?","?","R","E"],"items_purchased_type":[],"build_version":"2020-12-13","purchased_purges":0,"victory":false,"max_hp_per_floor":[70,70,70,70,70,70,70,70],"card_choices":[{"not_picked":["jesterMod:Talion","jesterMod:Flee"],"picked":"jesterMod:Taunt","floor":1}],"player_experience":495369,"relics_obtained":[],"event_choices":[{"damage_healed":0,"gold_gain":0,"player_choice":"Entered Light","damage_taken":14,"max_hp_gain":0,"max_hp_loss":0,"event_name":"Shining Light","floor":2,"gold_loss":0,"cards_upgraded":["jesterMod:Strike","jesterMod:Dodge"]},{"damage_healed":0,"gold_gain":0,"player_choice":"Take Wound","damage_taken":0,"relics_obtained":["Golden Idol"],"max_hp_gain":0,"max_hp_loss":0,"event_name":"Golden Idol","floor":3,"gold_loss":0,"cards_obtained":["Injury"]},{"damage_healed":0,"gold_gain":0,"player_choice":"Got Potions","damage_taken":0,"max_hp_gain":0,"max_hp_loss":0,"event_name":"Lab","floor":5,"gold_loss":0}],"is_beta":false,"boss_relics":[],"items_purged_floors":[],"is_endless":false,"potions_floor_spawned":[1],"killed_by":"3 Sentries","ascension_level":0}}