{"host":"qwttrqaysb380yri","time":1608583263,"event":{"mods":["BaseMod","Custom Start","Minty Spire (QoL Compilation)","Permanent Neow","Puzzle Mod","Relic Stats","StSLib","The Cursed","The Hierophant"],"gold_per_floor":[117,134,36,48,48,80,80,80,80,96,129,141,141,160,160,234,234,250,25,35,35,35,35,69,69,69,69,396,413,430,465,465,537,537,547,547,197,197,216,216,230,264,291,291,291],"floor_reached":44,"playtime":1762,"items_purged":["Strike_B"],"score":911,"play_id":"990f5a96-cb55-4b0d-be71-93b9541e3b5d","local_time":"20201221214103","is_ascension_mode":true,"campfire_choices":[{"floor":7,"key":"REST"},{"data":"Hologram","floor":13,"key":"SMITH"},{"data":"Beam Cell","floor":15,"key":"SMITH"},{"data":"Consume","floor":23,"key":"SMITH"},{"data":"Biased Cognition","floor":25,"key":"SMITH"},{"floor":27,"key":"REST"},{"floor":32,"key":"REST"},{"floor":40,"key":"REST"}],"circlet_count":0,"master_deck":["AscendersBane","Strike_B","Strike_B","Defend_B","Defend_B","Defend_B","Zap","Dualcast","Steam Power","Sweeping Beam","Beam Cell+1","FTL","Sweeping Beam","Compile Driver","BootSequence","Core Surge","Beam Cell","Hologram+1","Chill","Biased Cognition+1","CurseOfTheBell","Turbo+1","Electrodynamics","Consume+1","Darkness+1","Leap","Stack+1","Lockon","Defragment+1","Core Surge","Coolheaded+1","Conserve Battery","Capacitor","Secret Weapon","Steam","Cold Snap"],"relics":["Cracked Core","Darkstone Periapt","Meat on the Bone","Calling Bell","Pen Nib","Blue Candle","Girya","OrangePellets","Gambling Chip","Incense Burner","Old Coin","White Beast Statue","Nuclear Battery","Toolbox","Bronze Scales","Lantern"],"acts_visited":["Exordium","TheCity","TheBeyond"],"potions_floor_usage":[6,11,12,24,31,35,42,44],"damage_taken":[{"damage":7,"enemies":"2 Louse","floor":1,"turns":3},{"damage":2,"enemies":"Jaw Worm","floor":2,"turns":3},{"damage":0,"enemies":"Cultist","floor":4,"turns":2},{"damage":25,"enemies":"Lagavulin","floor":6,"turns":6},{"damage":0,"enemies":"Large Slime","floor":10,"turns":3},{"damage":2,"enemies":"3 Sentries","floor":11,"turns":5},{"damage":0,"enemies":"Blue Slaver","floor":12,"turns":2},{"damage":0,"enemies":"2 Fungi Beasts","floor":14,"turns":2},{"damage":34,"enemies":"Slime Boss","floor":16,"turns":12},{"damage":17,"enemies":"2 Thieves","floor":18,"turns":4},{"damage":0,"enemies":"Chosen","floor":20,"turns":3},{"damage":34,"enemies":"Slavers","floor":24,"turns":4},{"damage":33,"enemies":"Book of Stabbing","floor":28,"turns":4},{"damage":0,"enemies":"Centurion and Healer","floor":29,"turns":3},{"damage":8,"enemies":"Chosen and Byrds","floor":30,"turns":4},{"damage":29,"enemies":"Slavers","floor":31,"turns":5},{"damage":43,"enemies":"Automaton","floor":33,"turns":8},{"damage":21,"enemies":"3 Darklings","floor":35,"turns":5},{"damage":34,"enemies":"Orb Walker","floor":39,"turns":4},{"damage":0,"enemies":"4 Shapes","floor":41,"turns":6},{"damage":45,"enemies":"Nemesis","floor":42,"turns":7},{"damage":27,"enemies":"Giant Head","floor":44,"turns":7}],"seed_played":"8110230870258140118","potions_obtained":[{"floor":4,"key":"EssenceOfSteel"},{"floor":6,"key":"LiquidBronze"},{"floor":10,"key":"DistilledChaos"},{"floor":16,"key":"Fire Potion"},{"floor":18,"key":"FairyPotion"},{"floor":28,"key":"Ancient Potion"},{"floor":29,"key":"Fire Potion"},{"floor":33,"key":"Energy Potion"},{"floor":35,"key":"PowerPotion"},{"floor":39,"key":"Energy Potion"},{"floor":42,"key":"LiquidMemories"}],"is_trial":false,"path_per_floor":["M","M","$","M","?","E","R","?","T","M","E","M","R","M","R","B",null,"M","$","M","?","$","R","E","R","T","R","E","M","M","E","R","B",null,"M","?","$","?","M","R","M","E","T","E"],"character_chosen":"DEFECT","items_purchased":["Sweeping Beam","Fire Potion","OrangePellets","Electrodynamics","Toolbox","Conserve Battery","Capacitor"],"campfire_rested":4,"item_purchase_floors":[3,3,19,19,37,37,37],"current_hp_per_floor":[57,55,55,55,37,12,33,26,26,26,24,36,36,36,36,14,63,46,46,46,24,24,24,26,26,26,50,29,41,45,28,52,21,67,46,46,46,36,14,38,50,17,17,0,0],"gold":291,"neow_bonus":"TRANSFORM_TWO_CARDS","is_daily":false,"chose_seed":false,"campfire_upgraded":4,"win_rate":0.0,"timestamp":1608583263,"path_taken":["M","M","$","M","?","E","R","?","T","M","E","M","R","M","R","BOSS","M","$","M","?","?","R","E","R","T","R","E","M","M","E","R","BOSS","M","?","$","?","M","R","M","E","T","E"],"items_purchased_type":["Card","Potion","Relic","Card","Relic","Card","Card"],"build_version":"2020-12-13","purchased_purges":1,"victory":false,"max_hp_per_floor":[71,71,71,71,71,71,71,71,71,71,71,71,71,71,71,71,77,77,77,77,82,82,82,82,82,82,82,82,82,82,82,82,82,82,82,82,82,82,82,82,82,82,82,82,82],"relic_stats":{"Darkstone Periapt":6,"OrangePellets":[1],"counters":[22,102],"Blue Candle":[6],"Gambling Chip":[37],"Bronze Scales":[12],"Pen Nib":[12],"obtain_stats":[{"Darkstone Periapt":6,"Girya":17,"Lantern":43,"Blue Candle":17,"Pen Nib":17,"Incense Burner":26,"White Beast Statue":31,"Old Coin":28,"Nuclear Battery":34,"Calling Bell":17,"OrangePellets":19,"Gambling Chip":24,"Bronze Scales":42,"Toolbox":37,"Cracked Core":0,"Meat on the Bone":11},{"Darkstone Periapt":4,"Girya":9,"Lantern":21,"Blue Candle":9,"Pen Nib":9,"Incense Burner":12,"White Beast Statue":16,"Old Coin":13,"Nuclear Battery":17,"Calling Bell":9,"OrangePellets":10,"Gambling Chip":12,"Bronze Scales":21,"Toolbox":18,"Cracked Core":0,"Meat on the Bone":6},{"Darkstone Periapt":14,"Girya":38,"Lantern":95,"Blue Candle":38,"Pen Nib":38,"Incense Burner":49,"White Beast Statue":65,"Old Coin":53,"Nuclear Battery":73,"Calling Bell":38,"OrangePellets":42,"Gambling Chip":49,"Bronze Scales":95,"Toolbox":78,"Cracked Core":0,"Meat on the Bone":22}],"Meat on the Bone":132},"card_choices":[{"not_picked":["Skim","Conserve Battery"],"picked":"Beam Cell","floor":1},{"not_picked":["Streamline","Leap"],"picked":"FTL","floor":2},{"not_picked":["Skim","Beam Cell"],"picked":"Compile Driver","floor":4},{"not_picked":["Storm","Redo"],"picked":"BootSequence","floor":6},{"not_picked":["Barrage","Ball Lightning"],"picked":"Core Surge","floor":10},{"not_picked":["Double Energy","Rebound"],"picked":"Beam Cell","floor":11},{"not_picked":["Sweeping Beam","Undo"],"picked":"Hologram","floor":12},{"not_picked":["Hologram","Skim"],"picked":"Chill","floor":14},{"not_picked":["Reboot","Seek"],"picked":"Biased Cognition","floor":16},{"not_picked":["Tempest","Skim+1"],"picked":"Turbo+1","floor":18},{"not_picked":["Streamline","Fusion"],"picked":"Consume","floor":20},{"not_picked":["Consume","Self Repair"],"picked":"Darkness+1","floor":24},{"not_picked":["Cold Snap","Rebound"],"picked":"Leap","floor":28},{"not_picked":["Streamline","Sunder"],"picked":"Stack+1","floor":29},{"not_picked":["Sweeping Beam","Redo"],"picked":"Lockon","floor":30},{"not_picked":["Hologram","Steam"],"picked":"Defragment+1","floor":31},{"not_picked":["Creative AI","Buffer"],"picked":"Core Surge","floor":33},{"not_picked":["Compile Driver+1","Heatsinks"],"picked":"Coolheaded+1","floor":35},{"not_picked":["Panacea","Bandage Up"],"picked":"Secret Weapon","floor":38},{"not_picked":["Sweeping Beam","Lockon"],"picked":"Steam","floor":39},{"not_picked":["Chill","Reprogram+1","Storm"],"picked":"SKIP","floor":41},{"not_picked":["Blizzard","Double Energy"],"picked":"Cold Snap","floor":42}],"player_experience":1924357,"relics_obtained":[{"floor":6,"key":"Darkstone Periapt"},{"floor":11,"key":"Meat on the Bone"},{"floor":17,"key":"Pen Nib"},{"floor":17,"key":"Blue Candle"},{"floor":17,"key":"Girya"},{"floor":24,"key":"Gambling Chip"},{"floor":26,"key":"Incense Burner"},{"floor":28,"key":"Old Coin"},{"floor":31,"key":"White Beast Statue"},{"floor":42,"key":"Bronze Scales"},{"floor":43,"key":"Lantern"}],"event_choices":[{"damage_healed":0,"gold_gain":0,"player_choice":"Fled","damage_taken":18,"max_hp_gain":0,"max_hp_loss":0,"event_name":"Scrap Ooze","floor":5,"gold_loss":0},{"cards_removed":["TheCursedMod:Dregs"],"damage_healed":0,"gold_gain":0,"player_choice":"Card Removal","damage_taken":7,"max_hp_gain":0,"max_hp_loss":0,"event_name":"Golden Wing","floor":8,"gold_loss":0},{"damage_healed":0,"gold_gain":0,"player_choice":"Shed Blood","damage_taken":27,"max_hp_gain":5,"max_hp_loss":0,"event_name":"Forgotten Altar","floor":21,"gold_loss":0},{"damage_healed":0,"gold_gain":0,"player_choice":"Ignored","damage_taken":0,"max_hp_gain":0,"max_hp_loss":0,"event_name":"Tomb of Lord Red Mask","floor":36,"gold_loss":0},{"damage_healed":0,"gold_gain":0,"player_choice":"Memory 3","damage_taken":10,"max_hp_gain":0,"max_hp_loss":0,"event_name":"SensoryStone","floor":38,"gold_loss":0}],"is_beta":false,"boss_relics":[{"not_picked":["Philosopher\u0027s Stone","Busted Crown"],"picked":"Calling Bell"},{"not_picked":["Astrolabe","Tiny House"],"picked":"Nuclear Battery"}],"items_purged_floors":[37],"is_endless":false,"potions_floor_spawned":[4,6,10,16,18,28,29,30,33,35,39,41,42],"killed_by":"Giant Head","ascension_level":15}}