{"host":"6pgtslebjnyv5xmi","time":1608574107,"event":{"mods":["AchievementEnabler","BaseMod","Colored Map","Minty Spire (QoL Compilation)","Rare Cards Sparkle","SuperFastMode","everything is the same but u backflip on backflip"],"gold_per_floor":[119,119,130,305,305,305,151,151,151,151,151,195,195,239,239,358,358,371,371,92,111,130,171,189,189,189,189,204,204,204,204,204,300,300,315,315,325,61,72,97,97,97,97,97,107,107,32,63,63,63],"floor_reached":51,"playtime":2607,"items_purged":["Doubt","Strike_G","Strike_G","Strike_G"],"score":886,"play_id":"2800c66b-9001-4d9b-aadc-7cde546e1418","local_time":"20201222030827","is_ascension_mode":true,"campfire_choices":[{"data":"Well Laid Plans","floor":6.0,"key":"SMITH"},{"data":"Bouncing Flask","floor":8.0,"key":"SMITH"},{"floor":10.0,"key":"RECALL"},{"data":"Survivor","floor":13.0,"key":"SMITH"},{"floor":15,"key":"REST"},{"floor":25,"key":"REST"},{"data":"Bullet Time","floor":27,"key":"SMITH"},{"data":"Wraith Form v2","floor":30,"key":"SMITH"},{"data":"A Thousand Cuts","floor":32,"key":"SMITH"},{"data":"After Image","floor":41,"key":"SMITH"},{"data":"Footwork","floor":44,"key":"SMITH"},{"data":"Panacea","floor":46,"key":"SMITH"},{"data":"Defend_G","floor":49,"key":"SMITH"}],"circlet_count":0,"master_deck":["Defend_G","Defend_G","Defend_G+1","Survivor+1","Neutralize+1","Well Laid Plans+1","Bouncing Flask+1","Bullet Time+1","Backstab+1","Bullet Time+1","A Thousand Cuts+1","Wraith Form v2+1","Crippling Poison+1","Burst+1","Leg Sweep+1","Outmaneuver+1","Blur+1","After Image+1","Panacea+1","Footwork+1","Deadly Poison+1"],"relics":["Ring of the Snake","StrikeDummy","Vajra","Bloody Idol","Akabeko","Letter Opener","SlaversCollar","Membership Card","Meat on the Bone","Incense Burner","Astrolabe","Snake Skull","Pantograph","Ginger","Blood Vial"],"acts_visited":["Exordium","TheCity","TheBeyond"],"potions_floor_usage":[22,23,28,28,33,50,50],"damage_taken":[{"damage":7.0,"enemies":"2 Louse","floor":1.0,"turns":4.0},{"damage":0.0,"enemies":"Small Slimes","floor":3.0,"turns":5.0},{"damage":12.0,"enemies":"Lagavulin","floor":12.0,"turns":5.0},{"damage":7,"enemies":"Gremlin Nob","floor":14,"turns":3},{"damage":9,"enemies":"Hexaghost","floor":16,"turns":8},{"damage":21,"enemies":"Spheric Guardian","floor":18,"turns":5},{"damage":6,"enemies":"2 Thieves","floor":21,"turns":4},{"damage":10,"enemies":"Shelled Parasite and Fungi","floor":22,"turns":5},{"damage":30,"enemies":"Gremlin Leader","floor":23,"turns":5},{"damage":0,"enemies":"Snake Plant","floor":24,"turns":3},{"damage":20,"enemies":"Sentry and Sphere","floor":28,"turns":5},{"damage":25,"enemies":"Champ","floor":33,"turns":10},{"damage":2,"enemies":"3 Darklings","floor":35,"turns":5},{"damage":9,"enemies":"3 Shapes","floor":37,"turns":9},{"damage":1,"enemies":"Transient","floor":39,"turns":5},{"damage":0,"enemies":"Reptomancer","floor":40,"turns":10},{"damage":10,"enemies":"Sphere and 2 Shapes","floor":45,"turns":4},{"damage":0,"enemies":"Giant Head","floor":48,"turns":8},{"damage":60,"enemies":"Donu and Deca","floor":50,"turns":12}],"seed_played":"1476211687761348567","potions_obtained":[{"floor":3.0,"key":"SteroidPotion"},{"floor":14,"key":"GamblersBrew"},{"floor":16,"key":"Strength Potion"},{"floor":21,"key":"SkillPotion"},{"floor":23,"key":"SteroidPotion"},{"floor":24,"key":"LiquidMemories"},{"floor":37,"key":"Ancient Potion"},{"floor":45,"key":"Fire Potion"}],"is_trial":false,"path_per_floor":["M","?","M","?","?","R","$","R","T","R","?","E","R","E","R","B",null,"M","?","$","M","M","E","M","R","T","R","M","?","R","?","R","B",null,"M","?","M","$","M","E","R","?","T","R","M","R","$","E","R","B",null],"character_chosen":"THE_SILENT","items_purchased":["Bouncing Flask","Membership Card","Bullet Time","Snake Skull","After Image","Panacea"],"campfire_rested":2,"item_purchase_floors":[7,20,20,38,38,38],"current_hp_per_floor":[63,60,60,60,60,60,60,60,60,60,43,31,31,24,45,36,70,49,49,49,43,33,3,15,36,36,36,28,51,51,51,51,43,70,70,80,76,76,80,80,80,80,80,80,75,75,75,80,80,32],"gold":63,"neow_bonus":"UPGRADE_CARD","is_daily":false,"chose_seed":false,"campfire_upgraded":10,"win_rate":0.0,"timestamp":1608574107,"path_taken":["M","?","M","?","?","R","$","R","T","R","?","E","R","E","R","BOSS","M","?","$","?","M","E","M","R","T","R","M","?","R","?","R","BOSS","M","?","?","$","M","E","R","?","T","R","M","R","$","E","R","BOSS"],"items_purchased_type":["Card","Relic","Card","Relic","Card","Card"],"build_version":"2020-12-13","purchased_purges":4,"victory":true,"max_hp_per_floor":[70,70,70,70,70,70,70,70,70,70,70,70,70,70,70,70,70,70,70,70,70,70,70,70,70,70,70,70,70,70,70,70,70,70,70,80,80,80,80,80,80,80,80,80,80,80,80,80,80,80],"card_choices":[{"not_picked":["Dagger Spray","Underhanded Strike","Sucker Punch"],"picked":"SKIP","floor":1.0},{"not_picked":["Quick Slash","Dodge and Roll","Deflect"],"picked":"SKIP","floor":3.0},{"not_picked":["Poisoned Stab","Cloak And Dagger","Escape Plan"],"picked":"SKIP","floor":12.0},{"not_picked":["Masterful Stab","Deflect","Dagger Throw"],"picked":"SKIP","floor":14},{"not_picked":["Doppelganger","Die Die Die"],"picked":"Bullet Time","floor":16},{"not_picked":["Prepared+1","Dodge and Roll"],"picked":"Backstab+1","floor":18},{"not_picked":["Choke","Infinite Blades","Blade Dance"],"picked":"SKIP","floor":21},{"not_picked":["Poisoned Stab","Backflip+1"],"picked":"A Thousand Cuts","floor":22},{"not_picked":["Backstab","Outmaneuver"],"picked":"Wraith Form v2","floor":23},{"not_picked":["Accuracy","Blade Dance","Backflip"],"picked":"SKIP","floor":24},{"not_picked":["Expertise","Dagger Throw"],"picked":"Crippling Poison+1","floor":28},{"not_picked":["Doppelganger","Glass Knife"],"picked":"Burst","floor":33},{"not_picked":["Poisoned Stab","Concentrate+1"],"picked":"Blur+1","floor":35},{"not_picked":["Setup+1","Flying Knee+1","Poisoned Stab+1"],"picked":"SKIP","floor":37},{"not_picked":["Leg Sweep","Riddle With Holes"],"picked":"Footwork","floor":39},{"not_picked":["Cloak And Dagger","Sucker Punch+1","Slice+1"],"picked":"SKIP","floor":40},{"not_picked":["Infinite Blades+1","Quick Slash+1"],"picked":"Deadly Poison+1","floor":45},{"not_picked":["Burst","Eviscerate","Bane"],"picked":"SKIP","floor":48}],"player_experience":349689,"relics_obtained":[{"floor":9.0,"key":"Vajra"},{"floor":12.0,"key":"Akabeko"},{"floor":14,"key":"Letter Opener"},{"floor":23,"key":"Meat on the Bone"},{"floor":26,"key":"Incense Burner"},{"floor":40,"key":"Pantograph"},{"floor":43,"key":"Ginger"},{"floor":48,"key":"Blood Vial"}],"event_choices":[{"damage_healed":0.0,"max_hp_gain":0.0,"max_hp_loss":0.0,"gold_gain":0.0,"event_name":"Scrap Ooze","player_choice":"Success","floor":2.0,"gold_loss":0.0,"damage_taken":3.0,"relics_obtained":["StrikeDummy"]},{"damage_healed":0.0,"max_hp_gain":0.0,"max_hp_loss":0.0,"gold_gain":175.0,"event_name":"Liars Game","player_choice":"AGREE","floor":4.0,"gold_loss":0.0,"damage_taken":0.0,"cards_obtained":["Doubt"]},{"damage_healed":0.0,"max_hp_gain":0.0,"max_hp_loss":0.0,"gold_gain":0.0,"cards_transformed":["Defend_G"],"event_name":"Living Wall","player_choice":"Change","floor":5.0,"gold_loss":0.0,"damage_taken":0.0,"cards_obtained":["Well Laid Plans"]},{"damage_healed":0.0,"max_hp_gain":0.0,"max_hp_loss":0.0,"gold_gain":0.0,"event_name":"Golden Idol","player_choice":"Take Damage","floor":11.0,"gold_loss":0.0,"damage_taken":17.0,"relics_obtained":["Golden Idol"]},{"damage_healed":0,"gold_gain":0,"player_choice":"Upgraded","damage_taken":0,"max_hp_gain":0,"max_hp_loss":0,"event_name":"Upgrade Shrine","floor":19,"gold_loss":0,"cards_upgraded":["Bullet Time"]},{"damage_healed":23,"gold_gain":0,"player_choice":"Heal","damage_taken":0,"max_hp_gain":0,"max_hp_loss":0,"event_name":"The Library","floor":29,"gold_loss":0},{"damage_healed":0,"gold_gain":0,"player_choice":"Gave Idol","damage_taken":0,"relics_obtained":["Bloody Idol"],"max_hp_gain":0,"max_hp_loss":0,"event_name":"Forgotten Altar","floor":31,"relics_lost":["Golden Idol"],"gold_loss":0},{"cards_removed":["Storm of Steel"],"damage_healed":0,"gold_gain":0,"player_choice":"Offered Rare","damage_taken":0,"max_hp_gain":10,"max_hp_loss":0,"event_name":"Bonfire Elementals","floor":36,"gold_loss":0},{"damage_healed":0,"gold_gain":0,"player_choice":"Upgraded","damage_taken":0,"max_hp_gain":0,"max_hp_loss":0,"event_name":"Upgrade Shrine","floor":42,"gold_loss":0,"cards_upgraded":["Burst"]}],"is_beta":false,"boss_relics":[{"not_picked":["Snecko Eye","Velvet Choker"],"picked":"SlaversCollar"},{"not_picked":["SacredBark","Sozu"],"picked":"Astrolabe"}],"items_purged_floors":[7,20,38,47],"is_endless":false,"potions_floor_spawned":[3,14,16,21,23,24,37,45],"ascension_level":3}}