{"host":"baymyijz6sxaqj5s","time":1608550250,"event":{"mods":["AchievementEnabler","BaseMod","Colored Map","Colored Powertips","DeckTracker","KOR Keyword Fix","Keyboard Shortcuts","Minty Spire (QoL Compilation)","StSLib","SuperFastMode"],"gold_per_floor":[116,132,132,151,151,151,164,114,114,124,124,49,68,83,83,83,83],"floor_reached":16,"playtime":468,"items_purged":["Strike_R"],"score":94,"play_id":"c35dfc77-c3aa-42bc-9235-167c6028ded8","local_time":"20201221203050","is_ascension_mode":false,"campfire_choices":[{"data":"Entrench","floor":6,"key":"SMITH"},{"floor":11,"key":"REST"},{"floor":15,"key":"REST"}],"circlet_count":0,"master_deck":["Strike_R","Strike_R","Strike_R","Defend_R","Defend_R","Defend_R","Defend_R","Bash","Entrench+1","Heavy Blade","Body Slam","Cleave"],"relics":["Burning Blood","Unceasing Top","Toxic Egg 2"],"acts_visited":["Exordium"],"potions_floor_usage":[10,16,16],"damage_taken":[{"damage":13,"enemies":"Cultist","floor":1,"turns":5},{"damage":4,"enemies":"2 Louse","floor":2,"turns":3},{"damage":14,"enemies":"Small Slimes","floor":4,"turns":5},{"damage":15,"enemies":"Blue Slaver","floor":7,"turns":6},{"damage":34,"enemies":"Exordium Thugs","floor":10,"turns":10},{"damage":19,"enemies":"Lots of Slimes","floor":13,"turns":8},{"damage":1,"enemies":"2 Fungi Beasts","floor":14,"turns":3},{"damage":82,"enemies":"Hexaghost","floor":16,"turns":13}],"seed_played":"-5046721281345478252","potions_obtained":[{"floor":1,"key":"Strength Potion"},{"floor":4,"key":"Swift Potion"},{"floor":13,"key":"AttackPotion"}],"is_trial":false,"path_per_floor":["M","M","T","M","?","R","M","?","T","M","R","$","M","M","R","B"],"character_chosen":"IRONCLAD","items_purchased":[],"campfire_rested":2,"item_purchase_floors":[],"current_hp_per_floor":[81,83,83,75,75,75,66,66,66,38,64,64,51,56,82,0,0],"gold":83,"neow_bonus":"TEN_PERCENT_HP_BONUS","is_daily":false,"chose_seed":false,"campfire_upgraded":1,"win_rate":0.0,"timestamp":1608550250,"path_taken":["M","M","?","M","?","R","M","?","T","M","R","?","?","M","R","BOSS"],"items_purchased_type":[],"build_version":"2020-12-13","purchased_purges":1,"victory":false,"max_hp_per_floor":[88,88,88,88,88,88,88,88,88,88,88,88,88,88,88,88,88],"card_choices":[{"not_picked":["Rampage","True Grit","Warcry"],"picked":"SKIP","floor":1},{"not_picked":["Evolve","Wild Strike","Searing Blow"],"picked":"SKIP","floor":2},{"not_picked":["Whirlwind","Twin Strike"],"picked":"Entrench","floor":4},{"not_picked":["Clothesline","Thunderclap"],"picked":"Heavy Blade","floor":7},{"not_picked":["Seeing Red+1","Dark Embrace"],"picked":"Body Slam","floor":10},{"not_picked":["Twin Strike","Infernal Blade+1"],"picked":"Cleave","floor":13},{"not_picked":["Body Slam","Fire Breathing","Perfected Strike"],"picked":"SKIP","floor":14}],"player_experience":164709,"relics_obtained":[{"floor":3,"key":"Unceasing Top"},{"floor":9,"key":"Toxic Egg 2"}],"event_choices":[{"damage_healed":0,"gold_gain":0,"player_choice":"Ignored","damage_taken":0,"max_hp_gain":0,"max_hp_loss":0,"event_name":"Liars Game","floor":5,"gold_loss":0},{"cards_removed":["Strike_R"],"damage_healed":0,"gold_gain":0,"player_choice":"Card Removal","damage_taken":0,"max_hp_gain":0,"max_hp_loss":0,"event_name":"The Cleric","floor":8,"gold_loss":50}],"is_beta":false,"boss_relics":[],"items_purged_floors":[12],"is_endless":false,"potions_floor_spawned":[1,4,13],"killed_by":"Hexaghost","ascension_level":0}}