{"host":"hfvpa4llnnjpeawn","time":1608513468,"event":{"mods":["2.2 Compatiblity","AchievementEnabler","Act Like it!","Aspiration","Bard","BaseMod","Beaked The Cultist","Better Sensory Stone","Better Skull","Better Third Choice","BetterRewards","CapriCore","Conspire","Downfall","Elementarium","Energized Spire","Hermit","Hubris","Jorbs\u0027s Wanderer Trilogy","Koishi","Lobotomy","LobotomyExtend","Minty Spire (QoL Compilation)","Replay The Spire","Shade Mod","Spicy Shops","StSLib","The Bladedancer","The Factory","The Gatherer","The Jungle","Waifu the Spire","Wandering Minibosses"],"gold_per_floor":[119,186,186,203,253,287,287,304,330,358,358,31,31,51,51,174,174,198,198,198],"floor_reached":19,"playtime":2088,"items_purged":[],"score":201,"play_id":"e5e78f19-6b8a-4510-90dc-ad7d3a66f12b","local_time":"20201220201748","is_ascension_mode":true,"campfire_choices":[{"data":"Whirlwind","floor":7,"key":"SMITH"}],"circlet_count":0,"master_deck":["BigBird","HereticApostle","Strike_R","Strike_R","Strike_R","Strike_R","Defend_R","Defend_R","Defend_R","Defend_R","Bash","QueenBee","Clothesline","Shrug It Off","Whirlwind+1","CrumblingArmor","Impervious","Eclipse","Feel No Pain","Rudolta","Offering","Alriune","Feed","Pommel Strike+1","Elementarium:StickyTar"],"relics":["Burning Blood","CogitoBucket","LetterFromLob","Bag of Preparation","Anchor","hubris:TenFootPole","hubris:OldNail","LaetitiaHeart","Membership Card","beaked:ShinyBauble","Golden Idol","AspirationHeart","energizedSpire:DeadBattery","Lamp_r"],"acts_visited":["Exordium","Exordium"],"potions_floor_usage":[6,6,16,16,16,19],"damage_taken":[{"damage":11,"enemies":"Cultist","floor":1,"turns":4},{"damage":8,"enemies":"conspire:RoseBush","floor":4,"turns":2},{"damage":7,"enemies":"3 Sentries","floor":6,"turns":9},{"damage":0,"enemies":"Jaw Worm","floor":8,"turns":2},{"damage":16,"enemies":"Lagavulin","floor":10,"turns":5},{"damage":0,"enemies":"Blue Slaver","floor":11,"turns":2},{"damage":0,"enemies":"Blue Slaver","floor":11,"turns":1},{"damage":0,"enemies":"Blue Slaver","floor":11,"turns":2},{"damage":2,"enemies":"Blue Slaver","floor":11,"turns":2},{"damage":0,"enemies":"Blue Slaver","floor":14,"turns":4},{"damage":69,"enemies":"Fading Forest","floor":16,"turns":11},{"damage":0,"enemies":"Elementarium:2_ELEMENTALS","floor":18,"turns":1},{"damage":72,"enemies":"Elementarium:MUD_AND_TAR_GOLEMS","floor":19,"turns":7},{"damage":10,"enemies":"Elementarium:MUD_AND_TAR_GOLEMS","floor":19,"turns":3}],"seed_played":"-7253100729146936018","potions_obtained":[{"floor":1,"key":"BloodPotion"},{"floor":3,"key":"sneckomod:MuddlingPotion"},{"floor":3,"key":"SpeedPotion"},{"floor":4,"key":"hexamod:EctoCoolerPotion"},{"floor":8,"key":"Swift Potion"},{"floor":14,"key":"Languid Potion"},{"floor":18,"key":"LifebloodPotion"}],"is_trial":false,"path_per_floor":["M","?","?","M","T","E","R","M","T","E","M","$","?","M","R","B",null,"M","M"],"character_chosen":"IRONCLAD","items_purchased":["Membership Card","beaked:ShinyBauble","Feel No Pain"],"campfire_rested":0,"item_purchase_floors":[12,12,12],"current_hp_per_floor":[75,75,75,73,73,72,72,80,80,72,78,78,74,74,74,10,10,21,0,0],"gold":198,"neow_bonus":"","is_daily":false,"chose_seed":false,"campfire_upgraded":1,"win_rate":0.0,"timestamp":1608513468,"path_taken":["M","?","?","?","?","E","R","M","T","E","M","$","?","M","R","BOSS","M","M"],"items_purchased_type":["Relic","Relic","Card"],"build_version":"2020-12-13","purchased_purges":0,"victory":false,"max_hp_per_floor":[80,80,80,80,80,80,80,80,80,80,80,80,74,84,89,89,89,89,92,92],"card_choices":[{"not_picked":["CherryBlossoms","DreamingCurrent","DespairKnight"],"picked":"Singing Bowl","floor":1},{"not_picked":["CherryBlossoms","Murderer"],"picked":"QueenBee","floor":1},{"not_picked":["Infernal Blade","Defy Death"],"picked":"Clothesline","floor":1},{"not_picked":["CherryBlossoms","MHz"],"picked":"VoidDream","floor":4},{"not_picked":["Hemokinesis","Searing Blow"],"picked":"Shrug It Off","floor":4},{"not_picked":["WallGazer","OldLady","ShyLook"],"picked":"Singing Bowl","floor":6},{"not_picked":["OldLady","ShyLook"],"picked":"WhiteNight","floor":6},{"not_picked":["Intimidate","Abandon"],"picked":"Whirlwind","floor":6},{"not_picked":["MeatLantern","SpiderBud"],"picked":"CrumblingArmor","floor":8},{"not_picked":["Cleave","Flex"],"picked":"Impervious","floor":8},{"not_picked":["Woodsman","UniverseFragment","WallGazer"],"picked":"Singing Bowl","floor":10},{"not_picked":["Cleave","Seeing Red"],"picked":"Eclipse","floor":10},{"not_picked":["Freischutz","Bloodbath","MHz"],"picked":"Singing Bowl","floor":14},{"not_picked":["OldLady","HappyTeddy"],"picked":"Rudolta","floor":14},{"not_picked":["ReplayTheSpireMod:Corrosion Curse","Fire Breathing"],"picked":"Offering","floor":14},{"not_picked":["OldLady","Bloodbath"],"picked":"Alriune","floor":16},{"not_picked":["conspire:Purge","conspire:HitWhereItHurts"],"picked":"Feed","floor":16},{"not_picked":["HeroicMonk","SpiderBud","FairyFestival"],"picked":"Singing Bowl","floor":18},{"not_picked":["BigBadWolf","OldLady"],"picked":"BigBird","floor":18},{"not_picked":["True Grit+1","Armaments"],"picked":"Pommel Strike+1","floor":18}],"player_experience":290559,"relics_obtained":[{"floor":1,"key":"LetterFromLob"},{"floor":5,"key":"Bag of Preparation"},{"floor":6,"key":"Anchor"},{"floor":9,"key":"hubris:TenFootPole"},{"floor":10,"key":"hubris:OldNail"}],"event_choices":[{"damage_healed":0,"gold_gain":67,"player_choice":"Gained Gold","damage_taken":0,"max_hp_gain":0,"max_hp_loss":0,"event_name":"Golden Wing","floor":2,"gold_loss":0},{"damage_healed":0,"gold_gain":0,"player_choice":"Got Potions","damage_taken":0,"max_hp_gain":0,"max_hp_loss":0,"event_name":"Lab","floor":3,"gold_loss":0},{"damage_healed":0,"gold_gain":0,"player_choice":"Lose Max HP","damage_taken":0,"relics_obtained":["Golden Idol"],"max_hp_gain":0,"max_hp_loss":6,"event_name":"Golden Idol","floor":13,"gold_loss":0},{"damage_healed":0,"gold_gain":0,"player_choice":"Donut","damage_taken":0,"max_hp_gain":5,"max_hp_loss":0,"event_name":"Big Fish","floor":15,"gold_loss":0}],"is_beta":false,"boss_relics":[{"not_picked":["SacredBark","energizedSpire:TabascoSauce"],"picked":"energizedSpire:DeadBattery"}],"items_purged_floors":[],"is_endless":false,"potions_floor_spawned":[1,4,8,11,11,14,18],"killed_by":"Elementarium:MUD_AND_TAR_GOLEMS","ascension_level":3}}