{"host":"81h68oe4mr04pk3r","time":1608527061,"event":{"mods":["Act Like it!","Aspiration","BaseMod","BetterRewards","Colored Map","Colored Powertips","Conspire","Downfall","Hermit","Hubris","Infinite Spire","Jorbs\u0027s Wanderer Trilogy","Koishi","Lobotomy","LobotomyExtend","Marisa????????","Minty Spire (QoL Compilation)","Quick Restart","Reimu??????","Remilia??????","Replay The Spire","StSLib","The Bug Knight","The Construct","The Cursed","The Disciple","The Servant 0.9.4"],"gold_per_floor":[99,116,116,116,134,134,134,146,178,178,56,66,66,66,78,178,178,178,209,220,220,233,233,233,245,57,57,67,17,17,17,17,29,49,153,153,153,153,153],"floor_reached":38,"playtime":2303,"items_purged":["Injury"],"score":485,"play_id":"9d6cb179-b469-41f1-82f7-663c148d7178","local_time":"20201220210421","is_ascension_mode":false,"campfire_choices":[{"floor":1,"key":"RECALL"},{"floor":4,"key":"REST"},{"floor":10,"key":"REST"},{"data":"Koishi:FourthEye","floor":18,"key":"SMITH"},{"data":"Koishi:RoseHell","floor":27,"key":"PURGE"},{"floor":37,"key":"DIG"}],"circlet_count":0,"master_deck":["Koishi:BasicStrike","Koishi:BasicStrike","Koishi:BasicStrike","Koishi:BasicStrike","Koishi:BasicDefend","Koishi:BasicDefend","Koishi:BasicDefend","Koishi:BasicDefend","Koishi:Provoke","Koishi:HauntingSlash","Koishi:PhantomBarrier","Koishi:EmbryosDream","Koishi:RacingHeart+1","Koishi:UnconsciousUrges+1","Koishi:BloodcurdlingScream+1","Koishi:DreadfulBlow+1","Koishi:YoukaiPolygraph+1","Koishi:YoukaiPolygraph+1","Koishi:TraumaticStroke+1","Koishi:FourthEye+1","Koishi:DanmakuParanoia","Koishi:Catatonia+1","Koishi:JumpScare+1","Koishi:Prune+1","Koishi:TremblingHands+1","Koishi:BloodcurdlingScream+1","Koishi:PredatoryInstincts","Koishi:Catatonia+1","Koishi:MindStellarRelief"],"relics":["Replay:Bronze Core","Molten Egg 2","downfall:BrokenWingStatue","Kunai","infinitespire:ShieldingShard","InspiredRelic","construct:WeddingRing","Replay:Multitool","MawBank","Nloth\u0027s Gift","LetterFromLob","SacredBark","Juzu Bracelet","Frozen Eye"],"acts_visited":["Exordium","TheCity","TheBeyond"],"potions_floor_usage":[16,25,35,35,35],"damage_taken":[{"damage":36,"enemies":"Jaw Worm","floor":2,"turns":17},{"damage":0,"enemies":"2 Louse","floor":5,"turns":3},{"damage":15,"enemies":"conspire:RoseBush","floor":8,"turns":10},{"damage":12,"enemies":"Gremlin Nob","floor":9,"turns":8},{"damage":0,"enemies":"downfall:FleeingMerchant","floor":11,"turns":5},{"damage":2,"enemies":"Exordium Thugs","floor":12,"turns":4},{"damage":10,"enemies":"3 Louse","floor":15,"turns":3},{"damage":43,"enemies":"downfall:Defect","floor":16,"turns":8},{"damage":0,"enemies":"conspire:Head Lice","floor":19,"turns":6},{"damage":10,"enemies":"conspire:FuzzyDice","floor":20,"turns":5},{"damage":8,"enemies":"conspire:HollyBat","floor":22,"turns":7},{"damage":0,"enemies":"Gremlin Leader","floor":25,"turns":1},{"damage":0,"enemies":"downfall:FleeingMerchant","floor":26,"turns":4},{"damage":12,"enemies":"Centurion and Healer","floor":28,"turns":6},{"damage":21,"enemies":"Shelled Parasite and Fungi","floor":33,"turns":5},{"damage":9,"enemies":"Snecko","floor":34,"turns":6},{"damage":0,"enemies":"downfall:Watcher","floor":35,"turns":7},{"damage":61,"enemies":"Nightmare","floor":38,"turns":9}],"seed_played":"4384748944516664786","potions_obtained":[{"floor":2,"key":"SmokeBomb"},{"floor":12,"key":"SneckoOil"},{"floor":15,"key":"Explosive Potion"},{"floor":16,"key":"ZuzhouPotion:ReiMu"},{"floor":33,"key":"GrandPatriotsElixir:ReiMu"}],"is_trial":false,"path_per_floor":["R","M","?","R","M","?","T","M","E","R","$","M","M","T","M","B",null,"R","E","M","?","M","R","T","E","$","R","M","?","PTL","PTL","?","M","M","B",null,"R","NM"],"character_chosen":"KOISHI","items_purchased":["Koishi:DreadfulBlow+1","Koishi:YoukaiPolygraph+1","Koishi:TremblingHands+1","Koishi:BloodcurdlingScream+1"],"campfire_rested":2,"item_purchase_floors":[11,11,26,26],"current_hp_per_floor":[60,31,31,49,50,50,50,39,35,53,53,53,53,53,44,8,60,60,60,51,51,48,60,60,60,60,60,58,60,60,60,60,45,53,60,60,60,0,0],"gold":153,"neow_bonus":"BOSS_RELIC","is_daily":false,"chose_seed":false,"campfire_upgraded":1,"win_rate":0.0,"timestamp":1608527061,"path_taken":["R","M","?","R","M","?","T","?","E","R","$","M","M","?","M","BOSS","R","E","M","?","M","R","T","E","?","R","M","?","PTL","PTL","?","M","M","BOSS","R","NM"],"items_purchased_type":["Card","Card","Card","Card"],"build_version":"2020-12-13","purchased_purges":1,"victory":false,"max_hp_per_floor":[60,60,60,60,60,60,60,60,60,60,60,60,60,60,60,60,60,60,60,60,60,60,60,60,60,60,60,60,60,60,60,60,60,60,60,60,60,60,60],"card_choices":[{"not_picked":["Koishi:SubterraneanRose","Koishi:Vanish"],"picked":"Koishi:PhantomBarrier","floor":2},{"not_picked":["Koishi:SubconsciousSweep+1","Koishi:UnansweredLove"],"picked":"Koishi:EmbryosDream","floor":5},{"not_picked":["Koishi:MassHysteria","Koishi:PhantomStrike+1"],"picked":"Koishi:RacingHeart+1","floor":8},{"not_picked":["Koishi:Untouchable","Koishi:GeneticsOfTheUnconscious"],"picked":"Koishi:UnconsciousUrges","floor":9},{"not_picked":["Koishi:SpiritedAway+1","Koishi:CatchAndRose"],"picked":"Koishi:BloodcurdlingScream+1","floor":11},{"not_picked":["Koishi:Jaunt+1","Koishi:UnansweredLove"],"picked":"Koishi:TraumaticStroke+1","floor":12},{"not_picked":["Koishi:HeartfeltFancy","Koishi:FleetingPhantom"],"picked":"Koishi:FourthEye","floor":15},{"not_picked":["Koishi:RuptureMind+1","Koishi:Heartbroken"],"picked":"Koishi:RoseHell","floor":16},{"not_picked":["Koishi:PhantomStrike+1","Koishi:SubconsciousSweep+1"],"picked":"Koishi:DanmakuParanoia","floor":19},{"not_picked":["Koishi:SubterraneanRose","Koishi:Untouchable+1"],"picked":"Koishi:Catatonia+1","floor":20},{"not_picked":["Koishi:EmbersOfLove","Koishi:UnansweredLove"],"picked":"Koishi:JumpScare+1","floor":22},{"not_picked":["Koishi:Whimsy+1","Koishi:FleetingPhantom"],"picked":"Koishi:Prune+1","floor":26},{"not_picked":["Koishi:VengefulSpirit","Koishi:Possession","Koishi:ConditionedTeleport"],"picked":"SKIP","floor":28},{"not_picked":["Koishi:ReflexRadar","Koishi:PhilosophyOfTheDespised+1"],"picked":"Koishi:PredatoryInstincts","floor":33},{"not_picked":["Koishi:RacingHeart+1","Koishi:PredatoryInstincts"],"picked":"Koishi:Catatonia+1","floor":34},{"not_picked":["Koishi:FadingMemory","Koishi:GrowingPain+1"],"picked":"Koishi:MindStellarRelief","floor":35}],"player_experience":134759,"relics_obtained":[{"floor":2,"key":"LetterFromLob"},{"floor":7,"key":"Kunai"},{"floor":9,"key":"infinitespire:ShieldingShard"},{"floor":19,"key":"Replay:Multitool"},{"floor":24,"key":"MawBank"},{"floor":33,"key":"LetterFromLob"},{"floor":37,"key":"Juzu Bracelet"}],"event_choices":[{"damage_healed":0,"gold_gain":0,"player_choice":"Leave","damage_taken":0,"max_hp_gain":0,"max_hp_loss":0,"event_name":"FaceTrader","floor":21,"gold_loss":0}],"is_beta":false,"boss_relics":[{"not_picked":["conspire:RoyalGoblet","Runic Pyramid"],"picked":"construct:WeddingRing"},{"not_picked":["Kintsugi","hubris:CrackedHourglass"],"picked":"SacredBark"}],"items_purged_floors":[26],"is_endless":false,"potions_floor_spawned":[2,12,15,16,19,25,33],"killed_by":"Nightmare","ascension_level":0}}