{"host":"dndimm0zu2cyprm4","time":1608548894,"event":{"mods":["BaseMod","BetterRewards","Colored Map","Downfall","Marisa£®ÏF”Í°°ƒß¿Ì…≥£©","Minty Spire (QoL Compilation)","Remilia£®¿Ÿ√◊¿Ú—«£©","Replay The Spire","Shop Mod","StSLib","The Construct","The Cursed","The Runesmith","The Servant 0.9.4"],"gold_per_floor":[115,64,64,64,83,83,117,135,135,135,135,153,163,176,176,271,271,281,489,499,513,613,640,656,656,656,656,672,672,687,465,465,565,565,575,575,590,590,604,604,633,633,687,699,730,730,216,216,216,216],"floor_reached":51,"playtime":2604,"items_purged":["Delirium","Normality"],"score":827,"play_id":"019bf6fe-d27a-4a74-a9ba-21d657357ff0","local_time":"20201221190814","is_ascension_mode":false,"campfire_choices":[{"data":"TheCursedMod:SoulCrush","floor":6,"key":"SMITH"},{"data":"TheCursedMod:CircleOfFlame","floor":10,"key":"SMITH"},{"data":"TheCursedMod:CircleOfCorruption","floor":15,"key":"SMITH"},{"data":"TheCursedMod:CircleOfAbyss","floor":25,"key":"SMITH"},{"data":"TheCursedMod:LuckyCharm","floor":27,"key":"SMITH"},{"data":"TheCursedMod:CleanUpWorkshop","floor":29,"key":"SMITH"},{"data":"TheCursedMod:WearCloak","floor":32,"key":"SMITH"},{"floor":40,"key":"RECALL"},{"floor":42,"key":"REST"},{"data":"TheCursedMod:Defend_TheCursed","floor":49,"key":"SMITH"}],"circlet_count":0,"master_deck":["TheCursedMod:Strike_TheCursed+1","TheCursedMod:Defend_TheCursed","TheCursedMod:Defend_TheCursed+1","TheCursedMod:CursedWand+1","TheCursedMod:CleanUpWorkshop+1","TheCursedMod:Dregs","TheCursedMod:AbyssShockwave+1","TheCursedMod:SoulCrush+1","TheCursedMod:CircleOfCorruption+1","TheCursedMod:CircleOfFlame+1","TheCursedMod:FuryStrike+1","TheCursedMod:WearCloak+1","TheCursedMod:CircleOfAbyss+1","Shame","Guardian:Aged","TheCursedMod:LuckyCharm+1","Decay","Parasite","Writhe","Writhe"],"relics":["TheCursedMod:BlackMagic101","NeowsBlessing","Iron Hammer","AntiCross","Replay:Grab Bag","Busted Crown","Cursed Key","Kintsugi","TheCursedMod:FourLeafCloverCharm","Whetstone","Bottled Tornado","TheCursedMod:PinkPellets","ReplayTheSpireMod:DimensionalGlitch","Ring of Hypnosis","Ring of Misfortune","Bronze Scales","Pet Ghost","Gremlin Horn","Ancient Tea Set","Kunai"],"acts_visited":["Exordium","TheCity","TheBeyond"],"potions_floor_usage":[16,16,20,35,38,45,45,50,50],"damage_taken":[{"damage":0,"enemies":"Cultist","floor":1,"turns":1},{"damage":0,"enemies":"Jaw Worm","floor":5,"turns":1},{"damage":0,"enemies":"Lagavulin","floor":7,"turns":1},{"damage":0,"enemies":"2 Louse","floor":8,"turns":1},{"damage":6,"enemies":"Red Slaver","floor":12,"turns":2},{"damage":0,"enemies":"Exordium Wildlife","floor":13,"turns":2},{"damage":0,"enemies":"2 Fungi Beasts","floor":14,"turns":2},{"damage":0,"enemies":"Fading Forest","floor":16,"turns":11},{"damage":4,"enemies":"Shell Parasite","floor":18,"turns":3},{"damage":0,"enemies":"2 Thieves","floor":20,"turns":3},{"damage":6,"enemies":"Centurion and Healer","floor":21,"turns":4},{"damage":0,"enemies":"Book of Stabbing","floor":23,"turns":4},{"damage":0,"enemies":"Snake Plant","floor":24,"turns":2},{"damage":0,"enemies":"Snecko","floor":28,"turns":3},{"damage":1,"enemies":"Cultist and Chosen","floor":30,"turns":5},{"damage":10,"enemies":"Champ","floor":33,"turns":8},{"damage":11,"enemies":"3 Shapes","floor":35,"turns":2},{"damage":0,"enemies":"3 Darklings","floor":37,"turns":3},{"damage":0,"enemies":"Writhing Mass","floor":39,"turns":4},{"damage":5,"enemies":"Reptomancer","floor":41,"turns":4},{"damage":0,"enemies":"Sphere and 2 Shapes","floor":44,"turns":3},{"damage":0,"enemies":"R_Hoarder","floor":45,"turns":9},{"damage":0,"enemies":"Replay:Hell Engine","floor":50,"turns":9}],"seed_played":"7628057119141701","potions_obtained":[{"floor":1,"key":"Block Potion"},{"floor":5,"key":"Ancient Potion"},{"floor":12,"key":"Fire Potion"},{"floor":23,"key":"CultistPotion"},{"floor":28,"key":"Ancient Potion"},{"floor":33,"key":"ColorlessPotion"},{"floor":37,"key":"Dexterity Potion"},{"floor":38,"key":"ColorlessPotion"},{"floor":38,"key":"Fruit Juice"},{"floor":38,"key":"EssenceOfSteel"},{"floor":41,"key":"Fire Potion"},{"floor":45,"key":"Elixir"}],"is_trial":false,"path_per_floor":["M","$","?","?","M","R","E","M","T","R","?","M","M","M","R","B",null,"M","?","M","M","?","E","M","R","T","R","M","R","M","$","R","B",null,"M","?","M","?","M","R","E","R","T","M","E","?","$","?","R","B",null],"character_chosen":"THE_CURSED","items_purchased":["TheCursedMod:AbyssShockwave+1","TheCursedMod:PinkPellets","Ancient Tea Set","Kunai"],"campfire_rested":1,"item_purchase_floors":[2,31,47,47],"current_hp_per_floor":[75,75,75,75,75,75,75,75,75,75,75,69,69,69,69,69,75,71,71,71,65,65,65,65,65,65,65,65,65,64,64,64,54,75,64,64,64,69,69,69,64,80,80,80,80,80,80,80,80,80],"gold":216,"neow_bonus":"THREE_ENEMY_KILL","is_daily":false,"chose_seed":false,"campfire_upgraded":8,"win_rate":0.0,"timestamp":1608548894,"path_taken":["M","?","?","?","M","R","E","M","T","R","?","?","M","M","R","BOSS","M","?","M","M","?","E","M","R","T","R","M","R","?","?","R","BOSS","M","?","M","?","?","R","E","R","T","M","E","?","$","?","R","BOSS"],"items_purchased_type":["Card","Relic","Relic","Relic"],"build_version":"2020-12-13","purchased_purges":2,"victory":true,"max_hp_per_floor":[75,75,75,75,75,75,75,75,75,75,75,75,75,75,75,75,75,75,75,75,75,75,75,75,75,75,75,75,75,75,75,75,75,75,75,75,75,80,80,80,80,80,80,80,80,80,80,80,80,80],"card_choices":[{"not_picked":["TheCursedMod:Wield","TheCursedMod:TacticalStrike","TheCursedMod:VitalStrike"],"picked":"SKIP","floor":1},{"not_picked":["TheCursedMod:CursedStaff","TheCursedMod:Stretching"],"picked":"TheCursedMod:SoulCrush","floor":5},{"not_picked":["TheCursedMod:VitalStrike","TheCursedMod:Stigma"],"picked":"TheCursedMod:CircleOfCorruption","floor":7},{"not_picked":["TheCursedMod:AntiAging","TheCursedMod:WearCloak"],"picked":"TheCursedMod:CircleOfFlame","floor":8},{"not_picked":["TheCursedMod:Stretching","TheCursedMod:CursedShiv"],"picked":"TheCursedMod:WearCloak","floor":12},{"not_picked":["TheCursedMod:SaltUponWound","TheCursedMod:CursedAmulet","TheCursedMod:Hemoplague"],"picked":"SKIP","floor":13},{"not_picked":["TheCursedMod:AbyssShockwave","TheCursedMod:SurpriseAttack","TheCursedMod:Wield"],"picked":"SKIP","floor":14},{"not_picked":["TheCursedMod:NeowsMight","TheCursedMod:ParallelWorld"],"picked":"TheCursedMod:CircleOfAbyss","floor":16},{"not_picked":["TheCursedMod:WearCloak"],"picked":"SKIP","floor":18},{"not_picked":[],"picked":"TheCursedMod:LuckyCharm","floor":20},{"not_picked":["TheCursedMod:LuckyCharm"],"picked":"SKIP","floor":21},{"not_picked":["TheCursedMod:TroublousMinions"],"picked":"SKIP","floor":23},{"not_picked":["TheCursedMod:SpitefulStrike+1"],"picked":"SKIP","floor":24},{"not_picked":["TheCursedMod:SurpriseAttack"],"picked":"SKIP","floor":28},{"not_picked":["TheCursedMod:Stigma"],"picked":"SKIP","floor":30},{"not_picked":["TheCursedMod:Obscuration+1"],"picked":"SKIP","floor":35},{"not_picked":["TheCursedMod:SpitefulPray+1"],"picked":"SKIP","floor":37},{"not_picked":["TheCursedMod:SoulCrush+1"],"picked":"SKIP","floor":39},{"not_picked":["TheCursedMod:WearCloak"],"picked":"SKIP","floor":41},{"not_picked":["TheCursedMod:Obscuration"],"picked":"SKIP","floor":44},{"not_picked":["TheCursedMod:StunningStrike"],"picked":"SKIP","floor":45}],"player_experience":102455,"relics_obtained":[{"floor":7,"key":"Iron Hammer"},{"floor":9,"key":"AntiCross"},{"floor":23,"key":"Whetstone"},{"floor":26,"key":"Bottled Tornado"},{"floor":36,"key":"Ring of Hypnosis"},{"floor":36,"key":"Ring of Misfortune"},{"floor":41,"key":"Bronze Scales"},{"floor":43,"key":"Pet Ghost"},{"floor":45,"key":"Gremlin Horn"}],"event_choices":[{"damage_healed":0,"gold_gain":0,"player_choice":"Grow","damage_taken":0,"max_hp_gain":0,"max_hp_loss":0,"event_name":"Living Wall","floor":4,"gold_loss":0,"cards_upgraded":["TheCursedMod:CursedWand"]},{"damage_healed":0,"gold_gain":0,"cards_transformed":["TheCursedMod:Strike_TheCursed"],"player_choice":"Transformed","damage_taken":0,"max_hp_gain":0,"max_hp_loss":0,"event_name":"Transmorgrifier","floor":11,"gold_loss":0,"cards_obtained":["TheCursedMod:FuryStrike"]},{"damage_healed":0,"gold_gain":100,"player_choice":"Pray","damage_taken":0,"max_hp_gain":0,"max_hp_loss":0,"event_name":"Golden Shrine","floor":22,"gold_loss":0},{"damage_healed":0,"gold_gain":0,"player_choice":"Got Potions","damage_taken":0,"max_hp_gain":0,"max_hp_loss":0,"event_name":"Lab","floor":38,"gold_loss":0},{"damage_healed":20,"gold_gain":0,"player_choice":"Writhe","damage_taken":0,"max_hp_gain":0,"max_hp_loss":0,"event_name":"Winding Halls","floor":46,"gold_loss":0,"cards_obtained":["Writhe"]},{"damage_healed":0,"gold_gain":0,"player_choice":"0 cards matched","damage_taken":0,"max_hp_gain":0,"max_hp_loss":0,"event_name":"Match and Keep!","floor":48,"gold_loss":0,"cards_obtained":[]}],"is_beta":false,"boss_relics":[{"not_picked":["Empty Cage","Black Star"],"picked":"Replay:Grab Bag"},{"not_picked":["Velvet Choker","Fusion Hammer"],"picked":"Busted Crown"},{"not_picked":["Runic Dome","SlaversCollar"],"picked":"Cursed Key"},{"not_picked":["Tiny House","Runic Pyramid"],"picked":"Kintsugi"},{"not_picked":["TheCursedMod:BlackMagicAdvanced","Astrolabe"],"picked":"TheCursedMod:FourLeafCloverCharm"},{"not_picked":["Painkiller Herb","Replay:Ancient Bell"],"picked":"ReplayTheSpireMod:DimensionalGlitch"}],"items_purged_floors":[31,47],"is_endless":false,"potions_floor_spawned":[1,5,12,14,23,28,33,37,41,45],"ascension_level":0}}