{"host":"sxnl403xm2xmiyj1","time":1608521857,"event":{"mods":["AchievementEnabler","BaseMod","Colored Map","Keyboard Shortcuts","Minty Spire (QoL Compilation)","Quick Restart","StSLib","SuperFastMode"],"gold_per_floor":[109,127,146,146,160,160,185,2,29,29,43,74,74,92,92,92,92],"floor_reached":16,"playtime":387,"items_purged":["Pain"],"score":213,"play_id":"9c4b36e2-c89a-4d0f-94b8-4bc22be0c3db","local_time":"20201221123737","is_ascension_mode":true,"campfire_choices":[{"data":"Fusion","floor":6.0,"key":"SMITH"},{"data":"Bandage Up","floor":10.0,"key":"SMITH"},{"data":"Hologram","floor":15.0,"key":"SMITH"}],"circlet_count":0,"master_deck":["AscendersBane","Strike_B","Strike_B","Strike_B","Strike_B","Defend_B","Defend_B","Defend_B+1","Defend_B+1","Zap","Dualcast","Streamline","Hologram","Hologram","Fusion+1","Core Surge","Bandage Up+1","Skim","Coolheaded","Hologram+1"],"relics":["Cracked Core","PreservedInsect","WarpedTongs","War Paint","Vajra","Bag of Marbles"],"acts_visited":["Exordium"],"potions_floor_usage":[16],"damage_taken":[{"damage":9.0,"enemies":"Jaw Worm","floor":1.0,"turns":3.0},{"damage":0.0,"enemies":"Cultist","floor":2.0,"turns":3.0},{"damage":7.0,"enemies":"Small Slimes","floor":3.0,"turns":3.0},{"damage":3.0,"enemies":"2 Fungi Beasts","floor":5.0,"turns":3.0},{"damage":19.0,"enemies":"3 Sentries","floor":7.0,"turns":6.0},{"damage":15.0,"enemies":"Exordium Thugs","floor":11.0,"turns":4.0},{"damage":6.0,"enemies":"Gremlin Nob","floor":12.0,"turns":3.0},{"damage":0.0,"enemies":"Blue Slaver","floor":14.0,"turns":2.0},{"damage":17,"enemies":"Slime Boss","floor":16,"turns":8}],"seed_played":"-6649777078369178069","potions_obtained":[{"floor":2.0,"key":"LiquidMemories"},{"floor":5.0,"key":"Block Potion"},{"floor":12.0,"key":"Dexterity Potion"}],"is_trial":false,"path_per_floor":["M","M","M","?","M","R","E","$","T","R","M","E","?","M","R","B"],"character_chosen":"DEFECT","items_purchased":["Bandage Up"],"campfire_rested":0,"item_purchase_floors":[8],"current_hp_per_floor":[55,55,48,48,45,45,26,26,26,26,17,17,22,22,22,11,11],"gold":92,"neow_bonus":"RANDOM_COMMON_RELIC","is_daily":false,"chose_seed":false,"campfire_upgraded":3,"win_rate":0.0,"timestamp":1608521857,"path_taken":["M","M","M","?","M","R","E","$","T","R","?","E","?","M","R","BOSS"],"items_purchased_type":["Card"],"build_version":"2020-12-13","purchased_purges":1,"victory":false,"max_hp_per_floor":[71,71,71,71,71,71,71,71,71,71,71,71,76,76,76,76,76],"card_choices":[{"not_picked":["Rebound","Barrage"],"picked":"Streamline","floor":1.0},{"not_picked":["Cold Snap","Ball Lightning"],"picked":"Hologram","floor":2.0},{"not_picked":["Turbo","Capacitor"],"picked":"Hologram","floor":3.0},{"not_picked":["Aggregate","Redo"],"picked":"Fusion","floor":5.0},{"not_picked":["FTL","Hologram"],"picked":"Core Surge","floor":7.0},{"not_picked":["Sweeping Beam","Streamline"],"picked":"Skim","floor":11.0},{"not_picked":["Sweeping Beam","Amplify"],"picked":"Coolheaded","floor":12.0},{"not_picked":["Skim","Chill"],"picked":"Hologram","floor":14.0}],"player_experience":108179,"relics_obtained":[{"floor":7.0,"key":"War Paint"},{"floor":9.0,"key":"Vajra"},{"floor":12.0,"key":"Bag of Marbles"}],"event_choices":[{"damage_healed":0.0,"max_hp_gain":0.0,"max_hp_loss":0.0,"gold_gain":0.0,"event_name":"Accursed Blacksmith","player_choice":"Rummage","floor":4.0,"gold_loss":0.0,"damage_taken":0.0,"relics_obtained":["WarpedTongs"],"cards_obtained":["Pain"]},{"damage_healed":0.0,"max_hp_gain":5.0,"max_hp_loss":0.0,"gold_gain":0.0,"event_name":"Big Fish","player_choice":"Donut","floor":13.0,"gold_loss":0.0,"damage_taken":0.0}],"is_beta":false,"boss_relics":[],"items_purged_floors":[8],"is_endless":false,"potions_floor_spawned":[2,5,12],"killed_by":"Slime Boss","ascension_level":18}}