{"host":"pcbz64t4k17ey4z1","time":1608582421,"event":{"mods":["2.2 Compatiblity","AchievementEnabler","Act Like it!","Aspiration","BaseMod","Beaked The Cultist","Better Match","BetterRewards","Card Forge","Colored Map","Colored Powertips","Conspire","Disable Question Mark Monsters","Fireblade Mod","Friendly Minions","GifTheSpireLib","Glutton Mod","Googly Eyes","Hermit","Hubris","Infinite Spire","Koishi","Marisa????????","Minty Spire (QoL Compilation)","Permanent Neow","Potionbrewer","Quick Restart","Random Character Button","Rare Cards Sparkle","Relic Filter","Replay The Spire","Shade Mod","Shop Mod","Small Relic Pack","StSLib","Stuff the Spire","SuperFastMode","The Animator","The Cursed","The Druid","The Gatherer","The Hierophant","The IronCluck","The Runesmith","Waifu the Spire","Wandering Minibosses","vexMod"],"gold_per_floor":[115,135,153,163,179,205,205,234,234,264,364,364,107,120,120,192,192,207,218,218,218,233,290,331,331,331,331,363,413,413,443,443,545,545,595,595,610,690,690],"floor_reached":38,"playtime":3897,"items_purged":[],"score":1812,"play_id":"0ca83d59-30a5-419c-9687-db4f9c15823f","local_time":"20201221202701","is_ascension_mode":true,"campfire_choices":[{"data":"Replay:Cycle","floor":7,"key":"SMITH"},{"data":"ThirdEye","floor":11,"key":"SMITH"},{"data":"Bandage Up","floor":15,"key":"SMITH"},{"floor":25,"key":"RECALL"},{"data":"Nirvana","floor":27,"key":"SMITH"},{"data":"CutThroughFate","floor":30,"key":"SMITH"},{"data":"TalkToTheHand","floor":32,"key":"SMITH"}],"circlet_count":0,"master_deck":["AscendersBane","Defend_P+1","Defend_P+1","Eruption+1","Vigilance+1","JustLucky+1","JustLucky+1","Devotion+1","Good Instincts+1","Replay:ManipulateFuture+1","StuffTheSpire:PlasmaPulse+1","Weave+1","Nirvana+1","Trip+1","FlurryOfBlows+1","Adaptation+1","Wireheading","Replay:Cycle+1","CutThroughFate+1","Nirvana+1","ThirdEye+1","FollowUp+1","Steam+1","Bandage Up+1","Wish+1","Devotion+1","JustLucky","TalkToTheHand+1"],"relics":["PureWater","Hammer of Thor","Seething Fire","Anvil of the Gods","PreservedInsect","infinitespire:Beetle Shell","DollysMirror","Unceasing Top","StuffTheSpire:Experiment12","Toolbox","Happy Flower","FossilizedHelix","vexMod:InvisibilityCloak","conspire:GlowingRock","MealTicket","Singing Bowl","hubris:MobiusCoin","StuffTheSpire:GrapeVine","vexMod:BigBerry","wanderingMiniBosses:ThiefScarf","Chameleon Ring","StuffTheSpire:MayFlowers","Gremlin Food","hubris:FunFungus","aspiration:RandomNobGenerator","Torii","hubris:Teleporter"],"acts_visited":["Exordium","TheCity","TheBeyond"],"potions_floor_usage":[5,6,16,19,22,22,22,33],"damage_taken":[{"damage":0,"enemies":"2 Louse","floor":1,"turns":3},{"damage":0,"enemies":"Jaw Worm","floor":2,"turns":1},{"damage":0,"enemies":"Cultist","floor":3,"turns":2},{"damage":0,"enemies":"Red Slaver","floor":4,"turns":1},{"damage":4,"enemies":"Gremlin Gang","floor":5,"turns":2},{"damage":0,"enemies":"3 Sentries","floor":6,"turns":4},{"damage":0,"enemies":"Lagavulin","floor":8,"turns":3},{"damage":0,"enemies":"3 Sentries","floor":10,"turns":2},{"damage":0,"enemies":"2 Fungi Beasts","floor":14,"turns":1},{"damage":0,"enemies":"The Guardian","floor":16,"turns":4},{"damage":14,"enemies":"3 Byrds","floor":18,"turns":4},{"damage":11,"enemies":"Shell Parasite","floor":19,"turns":3},{"damage":0,"enemies":"Snecko","floor":22,"turns":7},{"damage":0,"enemies":"Gremlin Leader","floor":23,"turns":4},{"damage":14,"enemies":"Snake Plant","floor":24,"turns":4},{"damage":20,"enemies":"Nightmare","floor":28,"turns":7},{"damage":16,"enemies":"Cultist and Chosen","floor":29,"turns":8},{"damage":0,"enemies":"Book of Stabbing","floor":31,"turns":3},{"damage":4,"enemies":"hubris:MusketHawk","floor":33,"turns":5},{"damage":54,"enemies":"3 Shapes","floor":35,"turns":4},{"damage":0,"enemies":"3 Darklings","floor":37,"turns":2},{"damage":117,"enemies":"Sphere and 2 Shapes","floor":38,"turns":7}],"seed_played":"-8186811046460780078","potions_obtained":[{"floor":2,"key":"FearPotion"},{"floor":3,"key":"ColorlessPotion"},{"floor":5,"key":"BlessingOfTheForge"},{"floor":10,"key":"Strength Potion"},{"floor":18,"key":"potionbrewer:DiscountPotion"},{"floor":22,"key":"SteroidPotion"},{"floor":24,"key":"SteroidPotion"},{"floor":29,"key":"potionbrewer:NoxiousPotion"},{"floor":33,"key":"SteroidPotion"}],"is_trial":false,"path_per_floor":["M","M","M","M","M","E","R","E","T","E","R","?","$","M","R","B",null,"M","M","?","AVR","M","E","M","R","T","R","NM","M","R","E","R","B",null,"M","?","M","M"],"character_chosen":"WATCHER","items_purchased":["PreservedInsect","infinitespire:Beetle Shell","JustLucky+1","DollysMirror","Devotion","Good Instincts","Replay:ManipulateFuture","StuffTheSpire:Experiment12","Toolbox","Happy Flower","StuffTheSpire:PlasmaPulse","Weave","Nirvana+1","Trip","FlurryOfBlows","Adaptation+1","vexMod:InvisibilityCloak","potionbrewer:CleansingPotion","StuffTheSpire:GrapeVine","Bandage Up"],"campfire_rested":0,"item_purchase_floors":[0,0,0,0,0,0,0,0,0,0,0,0,0,0,0,0,0,0,13,13],"current_hp_per_floor":[61,61,61,61,57,57,57,57,57,59,59,59,70,72,72,72,102,90,87,87,87,95,103,95,95,95,95,88,86,86,92,92,104,113,64,64,72,0,0],"gold":690,"neow_bonus":"","is_daily":false,"chose_seed":false,"campfire_upgraded":6,"win_rate":0.0,"timestamp":1608582421,"path_taken":["M","M","M","M","M","E","R","E","T","E","R","?","$","M","R","BOSS","M","M","?","AVR","?","E","M","R","T","R","NM","M","R","E","R","BOSS","M","?","M","M"],"items_purchased_type":["Relic","Relic","Card","Relic","Card","Card","Card","Relic","Relic","Relic","Card","Card","Card","Card","Card","Card","Relic","Potion","Relic","Card"],"build_version":"2020-12-13","purchased_purges":0,"victory":false,"max_hp_per_floor":[68,68,68,68,68,68,68,68,68,70,70,70,70,72,72,72,102,104,106,106,106,108,110,110,110,110,110,112,114,114,114,114,116,116,118,118,120,120,120],"card_choices":[{"not_picked":["Crescendo","FlyingSleeves"],"picked":"Wireheading","floor":1},{"not_picked":["EmptyBody","BowlingBash"],"picked":"Replay:Cycle","floor":2},{"not_picked":["Evaluate","Crescendo","InnerPeace"],"picked":"SKIP","floor":3},{"not_picked":["EmptyFist","EmptyMind"],"picked":"CutThroughFate","floor":4},{"not_picked":["ForeignInfluence","Replay:BluntJabs"],"picked":"Nirvana","floor":5},{"not_picked":["Replay:Vibes","Tantrum"],"picked":"ThirdEye","floor":6},{"not_picked":["PathToVictory","CutThroughFate"],"picked":"FollowUp","floor":8},{"not_picked":["Evaluate","Prostrate","PathToVictory"],"picked":"Singing Bowl","floor":10},{"not_picked":["BattleHymn","ClearTheMind","LikeWater"],"picked":"Singing Bowl","floor":14},{"not_picked":["Ragnarok","Scrawl"],"picked":"Wish","floor":16},{"not_picked":["Replay:BluntJabs","EmptyBody","BowlingBash"],"picked":"Singing Bowl","floor":18},{"not_picked":["SashWhip","Nirvana","Protect+1"],"picked":"Singing Bowl","floor":19},{"not_picked":["Conclude+1","Crescendo","Replay:BluntJabs"],"picked":"Singing Bowl","floor":22},{"not_picked":["Replay:DivineShield+1","Crescendo","Wallop"],"picked":"Singing Bowl","floor":23},{"not_picked":["Perseverance","WheelKick"],"picked":"JustLucky","floor":24},{"not_picked":["BattleHymn","DeceiveReality+1","Replay:Vibes"],"picked":"Singing Bowl","floor":28},{"not_picked":["PathToVictory","Study","CarveReality"],"picked":"Singing Bowl","floor":29},{"not_picked":["Replay:AllIn","LikeWater"],"picked":"TalkToTheHand","floor":31},{"not_picked":["Omniscience","Blasphemy","Replay:LoomingThreat"],"picked":"Singing Bowl","floor":33},{"not_picked":["ClearTheMind+1","Protect","Fasting2"],"picked":"Singing Bowl","floor":35},{"not_picked":["Prostrate","Replay:BluntJabs+1","Wallop"],"picked":"Singing Bowl","floor":37}],"player_experience":3753745,"relics_obtained":[{"floor":6,"key":"MealTicket"},{"floor":8,"key":"Singing Bowl"},{"floor":10,"key":"hubris:MobiusCoin"},{"floor":19,"key":"wanderingMiniBosses:ThiefScarf"},{"floor":26,"key":"StuffTheSpire:MayFlowers"},{"floor":28,"key":"Gremlin Food"},{"floor":31,"key":"hubris:FunFungus"}],"event_choices":[{"damage_healed":0,"gold_gain":0,"player_choice":"Copied","damage_taken":0,"max_hp_gain":0,"max_hp_loss":0,"event_name":"Duplicator","floor":20,"gold_loss":0,"cards_obtained":["Devotion"]},{"damage_healed":0,"gold_gain":0,"player_choice":"3","damage_taken":0,"max_hp_gain":0,"max_hp_loss":0,"event_name":"betterMatch:BetterMatch","floor":36,"gold_loss":0,"cards_obtained":[]}],"is_beta":false,"boss_relics":[{"not_picked":["aspiration:SecretTechniqueScroll","hubris:ScarierMask"],"picked":"vexMod:BigBerry"},{"not_picked":["conspire:SpecialSausage","Snecko Heart"],"picked":"aspiration:RandomNobGenerator"}],"items_purged_floors":[],"is_endless":false,"potions_floor_spawned":[2,3,5,10,14,18,22,24,29,31,33],"killed_by":"Sphere and 2 Shapes","ascension_level":20}}