{"host":"87fdiiwflhrwsj8a","time":1608592427,"event":{"mods":["Aspiration","BaseMod","Better Match","Better Third Choice","BetterRewards","Colored Map","Downfall","GifTheSpireLib","Infinite Spire","Minty Spire (QoL Compilation)","Relic Sorter","Replay The Spire","Robot Space Explorer","StSLib","Stuff the Spire","The Cursed"],"gold_per_floor":[119,119,132,207,222,222,222,222],"floor_reached":7,"playtime":193,"items_purged":[],"score":82,"play_id":"23ee7dee-91e8-4418-9290-b9520db1cdf3","local_time":"20201221181347","is_ascension_mode":true,"campfire_choices":[{"floor":6,"key":"REST"}],"circlet_count":0,"master_deck":["AscendersBane","Strike_R","Strike_R","Strike_R","Strike_R","Strike_R","Defend_R","Defend_R","Defend_R","Defend_R","Bash","TheCursedMod:Dregs","infinitespire:Collect","Swift Strike","RobotSpaceExplorer:Scan","Exhume","StuffTheSpire:Slingshot","Flex","Battle Trance"],"relics":["ReplayTheSpireMod:SealedPack","Golden Idol"],"acts_visited":["Exordium"],"potions_floor_usage":[],"damage_taken":[{"damage":1,"enemies":"Cultist","floor":1,"turns":4},{"damage":4,"enemies":"Jaw Worm","floor":3,"turns":3},{"damage":15,"enemies":"2 Louse","floor":5,"turns":2},{"damage":52,"enemies":"Gremlin Nob","floor":7,"turns":3}],"seed_played":"-2843011547188210060","potions_obtained":[{"floor":3,"key":"EssenceOfSteel"}],"is_trial":false,"path_per_floor":["M","?","M","?","M","R","E"],"character_chosen":"IRONCLAD","items_purchased":[],"campfire_rested":1,"item_purchase_floors":[],"current_hp_per_floor":[67,41,37,26,11,33,0,0],"gold":222,"neow_bonus":"BOSS_RELIC","is_daily":false,"chose_seed":false,"campfire_upgraded":0,"win_rate":0.0,"timestamp":1608592427,"path_taken":["M","?","M","?","M","R","E"],"items_purchased_type":[],"build_version":"2020-12-13","purchased_purges":0,"victory":false,"max_hp_per_floor":[75,75,75,75,75,75,75,75],"card_choices":[{"not_picked":["infinitespire:NeuralNetwork","ReplayTheSpireMod:Haul"],"picked":"infinitespire:Collect","floor":0},{"not_picked":["StuffTheSpire:PlasmaPunch","Replay:BasicMightCard"],"picked":"Swift Strike","floor":0},{"not_picked":["Slimebound:CorrosiveSpit","Bash"],"picked":"RobotSpaceExplorer:Scan","floor":0},{"not_picked":["Eclipse","Demonic Infusion"],"picked":"Exhume","floor":0},{"not_picked":["Armaments","StuffTheSpire:Incineration"],"picked":"StuffTheSpire:Slingshot","floor":1},{"not_picked":["StuffTheSpire:RockThrow","Combust"],"picked":"Flex","floor":3},{"not_picked":["Havoc","StuffTheSpire:RockThrow"],"picked":"Battle Trance","floor":5}],"player_experience":2616712,"relics_obtained":[],"event_choices":[{"damage_healed":0,"gold_gain":0,"player_choice":"Take Damage","damage_taken":26,"relics_obtained":["Golden Idol"],"max_hp_gain":0,"max_hp_loss":0,"event_name":"Golden Idol","floor":2,"gold_loss":0},{"damage_healed":0,"gold_gain":75,"player_choice":"Gold","damage_taken":11,"max_hp_gain":0,"max_hp_loss":0,"event_name":"betterThird:BetterGoop","floor":4,"gold_loss":0}],"is_beta":false,"boss_relics":[],"items_purged_floors":[],"is_endless":false,"potions_floor_spawned":[3],"killed_by":"Gremlin Nob","ascension_level":20}}