{"host":"90zqt1bguv21qa18","time":1608528308,"event":{"mods":["2.2 Compatiblity","A Magickal Journey","AchievementEnabler","Act Like it!","Aspiration","Bartender","BaseMod","Beaked The Cultist","Better Note","Colored Map","Conspire","Current Relic Mod","Dota2Spire","Downfall","Duelist Mod","Energized Spire","Fiend Mod","FutureSeer","Gensokyo","Glutton Mod","GungeonMod","Halation","Hallownest","Hero for Fun","Hubris","Ironclad Rager","JesterMod","Jorbs\u0027s Wanderer Trilogy","LagranYue(???·?)","Lobotomy","Luminous","Mad Scientist","Magitek Elite","Marisa????????","Melee Mod","Mimic Mod","Minty Spire (QoL Compilation)","Pale of the Ancients","Rare Cards Sparkle","Reimu??????","Relic Sorter","Remilia??????","Replay The Spire","Robot Space Explorer","Shade Mod","Shop Mod","Small Relic Pack","StSLib","The Animator","The Blue Laboratory","The Bug Knight","The Exalted","The Forsaken","The Jungle","The Marked","The Mystic","The Necromancer","The Valiant","The Wild Card","The Witch","vexMod"],"gold_per_floor":[112,124,124,134,19,45,45,45,45,45,20,35,165,194,194,299,299,310,33,33,70,89,89,106,106,106],"floor_reached":25,"playtime":3099,"items_purged":[],"score":234,"play_id":"e40602f5-cf84-459f-977c-d28d5bdf23d1","local_time":"20201220232508","is_ascension_mode":false,"campfire_choices":[{"data":"theWildCard:TheArcanaUnleashed","floor":7,"key":"SMITH"},{"floor":10,"key":"REST"},{"floor":15,"key":"RECALL"},{"floor":23,"key":"REST"}],"circlet_count":0,"master_deck":["theWildCard:BasicStrike","theWildCard:BasicStrike","theWildCard:BasicStrike","theWildCard:BasicStrike","theWildCard:BasicDefend","theWildCard:BasicDefend","theWildCard:BasicDefend","theWildCard:BasicDefend","theWildCard:CallToAdventure","theWildCard:Arsene","theWildCard:ArcanaArtistry","theWildCard:Providence","theWildCard:Odin","Hallucinations","theWildCard:Alice","theWildCard:TheArcanaUnleashed+1","theWildCard:Sakuya","theWildCard:MaskChange","theWildCard:Ruination","theWildCard:ArcaneArts","theWildCard:Safeguard","theWildCard:Michael","theWildCard:Safeguard","theWildCard:UnendingRitual"],"relics":["theWildCard:VelvetContract","DemoMod:JetPack","LagranYue:RandomDrawCardRelic","Ring of Fury","DemoMod:GnawedKey","Bromod:ArcaneGuardian","Ancient Tea Set","Black Star","Bromod:ArcaneTempo"],"acts_visited":["Hallownest:Greenpath","TheCity"],"potions_floor_usage":[12,14,16,21,22,25],"damage_taken":[{"damage":0,"enemies":"Hallownest:2_MossCreeps","floor":1,"turns":4},{"damage":6,"enemies":"Hallownest:monsterHuskWarrior","floor":2,"turns":2},{"damage":0,"enemies":"2_ Uuma","floor":4,"turns":6},{"damage":5,"enemies":"Hallownest:eliteCrystalGuardian","floor":6,"turns":5},{"damage":0,"enemies":"Hallownest:monsterMossCharger","floor":12,"turns":3},{"damage":0,"enemies":"Hallownest:eliteVengeflyKing","floor":14,"turns":8},{"damage":22,"enemies":"Hallownest:BossBrokenVessel","floor":16,"turns":13},{"damage":23,"enemies":"3 Byrds","floor":18,"turns":5},{"damage":6,"enemies":"Chosen","floor":21,"turns":10},{"damage":9,"enemies":"Chosen","floor":22,"turns":3},{"damage":17,"enemies":"3 Cultists","floor":24,"turns":7},{"damage":34,"enemies":"Cultist and Chosen","floor":25,"turns":6}],"seed_played":"-7115381192697771307","potions_obtained":[{"floor":4,"key":"sneckomod:MuddlingPotion"},{"floor":6,"key":"sneckomod:MuddlingPotion"},{"floor":14,"key":"SkillPotion"},{"floor":18,"key":"blueLaboratory:BottleOfRum"},{"floor":22,"key":"blueLaboratory:Moonshine"}],"is_trial":false,"path_per_floor":["M","M","?","M","$","E","R","?","T","R","?","M","?","E","R","B",null,"M","$","?","MIM","M","R","M","M"],"character_chosen":"THE_WILD_CARD","items_purchased":["DemoMod:GnawedKey","PowerPotion","Bromod:ArcaneTempo","theWildCard:Safeguard"],"campfire_rested":2,"item_purchase_floors":[5,19,19,19],"current_hp_per_floor":[60,55,55,56,56,52,52,43,43,60,60,60,60,60,60,40,60,38,38,38,37,29,47,33,0,0],"gold":106,"neow_bonus":"THREE_CARDS","is_daily":false,"chose_seed":false,"campfire_upgraded":1,"win_rate":0.0,"timestamp":1608528308,"path_taken":["M","M","?","M","$","E","R","?","T","R","?","M","?","E","R","BOSS","M","$","?","?","M","R","?","M"],"items_purchased_type":["Relic","Potion","Relic","Card"],"build_version":"2020-12-13","purchased_purges":0,"victory":false,"max_hp_per_floor":[60,60,60,60,60,60,60,60,60,60,60,60,60,60,60,60,60,60,60,60,60,60,60,60,60,60],"card_choices":[{"not_picked":["theWildCard:Proficiency","theWildCard:BladeOfGenerations"],"picked":"theWildCard:ArcanaArtistry","floor":0},{"not_picked":["theWildCard:Proficiency","theWildCard:Patience"],"picked":"theWildCard:Providence","floor":1},{"not_picked":["theWildCard:Metatron","theWildCard:SacrificialStroke"],"picked":"theWildCard:Odin","floor":2},{"not_picked":["theWildCard:SacrificialStroke","theWildCard:StalwartBlade"],"picked":"theWildCard:Alice","floor":4},{"not_picked":["theWildCard:SacrificialStroke","theWildCard:SeveringSlash"],"picked":"theWildCard:TheArcanaUnleashed","floor":6},{"not_picked":["theWildCard:MagicalMight","theWildCard:UnendingRitual"],"picked":"theWildCard:Sakuya","floor":12},{"not_picked":["theWildCard:BladeOfGenerations","theWildCard:SacrificialStroke"],"picked":"theWildCard:MaskChange","floor":14},{"not_picked":["theWildCard:TheUniverse","theWildCard:TheArcanaUnleashed"],"picked":"theWildCard:Ruination","floor":16},{"not_picked":["theWildCard:SacrificialStroke","theWildCard:Alice+1"],"picked":"theWildCard:ArcaneArts","floor":18},{"not_picked":["theWildCard:StingingStrike","theWildCard:Abstinence"],"picked":"theWildCard:Michael","floor":21},{"not_picked":["theWildCard:StingingStrike","theWildCard:BladeOfGenerations"],"picked":"theWildCard:Safeguard","floor":22},{"not_picked":["theWildCard:Thanatos","theWildCard:StalwartBlade"],"picked":"theWildCard:UnendingRitual","floor":24}],"player_experience":588678,"relics_obtained":[{"floor":3,"key":"Ring of Fury"},{"floor":6,"key":"Bromod:ArcaneGuardian"},{"floor":14,"key":"Ancient Tea Set"},{"floor":21,"key":"DemoMod:JetPack"}],"event_choices":[],"is_beta":false,"boss_relics":[{"not_picked":["halation:MonkeysPaw","aspiration:FutureDiary"],"picked":"Black Star"}],"items_purged_floors":[],"is_endless":false,"potions_floor_spawned":[4,6,14,18,22],"killed_by":"Cultist and Chosen","ascension_level":0}}