{"host":"n7mxhpjy89lltbhc","time":1608565234,"event":{"mods":["2.2 Compatiblity","Act Like it!","Bard","BaseMod","Better Match","Better Sensory Stone","Better Synergies","Better Third Choice","Better Vampires","BetterRewards","Challenge The Spire","Colored Map","Colored Powertips","Downfall","Hubris","Infinite Spire","Jedi Mod","Marisa????????","Marked Mod","Minty Spire (QoL Compilation)","Permanent Neow","Rare Cards Sparkle","Relic Sorter","Relic Stats","Replay The Spire","Shop Mod","Spicy Shops","StSLib","Strawberry Spire","The Blue Laboratory","The Disciple","The Servant 0.9.4","Uncapped","Waifu the Spire"],"gold_per_floor":[99,110,126,126,141,19,44,44,126,160,185,485,485,45,65,165,165,90,106,134,134,59,91,167,177,194,223,235,235,246,246,258,357,357,357,382,307,339,353,385,385,366,291,320,343,361,43,43,60,60,60,87,14,14,14],"floor_reached":56,"playtime":3302,"items_purged":["Writhe","Slimebound:Icky","Slimebound:Icky","hexamod:Strike","Decay","hexamod:ApocalypticArmor"],"score":2135,"play_id":"b7743560-f053-4670-8ccf-31fd76f07a57","local_time":"25631221224034","is_ascension_mode":true,"campfire_choices":[{"data":"hexamod:Sear","floor":1,"key":"SMITH"},{"data":"hexamod:RainOfEmbers","floor":8,"key":"SMITH"},{"floor":18,"key":"RECALL"},{"data":"ReplayTheSpireMod:Echoes of Time","floor":22,"key":"SMITH"},{"data":"Pot Of Greed","floor":35,"key":"SMITH"},{"floor":43,"key":"REST"},{"data":"Pot Of Greed","floor":54,"key":"SMITH"}],"circlet_count":0,"master_deck":["hexamod:Strike+1","hexamod:Strike+1","hexamod:Strike+1","hexamod:Defend","hexamod:Defend","hexamod:Defend","hexamod:Defend","hexamod:Sear+1","hexamod:Float","hexamod:ThermalTransfer+1","hexamod:SpectersWail","hexamod:GhostShield","hexamod:RainOfEmbers+1","hexamod:SpectersWail+1","hexamod:GhostLash","hexamod:TimeOfNeed","Pot Of Greed+1","Pot Of Greed","Pot Of Greed+1","hexamod:WildfireWeapon","hexamod:ThirdSeal","hexamod:HauntingEcho","hexamod:StepThrough","hexamod:SwordOfDarkness","hexamod:TimeWarp","hexamod:ChargedBarrage","hexamod:ExtraCrispy","ReplayTheSpireMod:Echoes of Time+1","hexamod:TurnItUp","Pot Of Greed","hexamod:Hexaguard","hexamod:BurningTouch","hexamod:FlamesFromBeyond","hexamod:TimeWarp","hexamod:PowerFromBeyond","hexamod:GhostflameInferno","hexamod:GiftsFromTheDead","hexamod:FirstSeal","hexamod:ParanormalForm+1","hexamod:UnlimitedPower","hexamod:HeatCrush+1","Pot Of Greed","hexamod:HexaLevel","hexamod:Haunt","hexamod:Haunt+1"],"relics":["hexamod:SpiritBrand","hubris:Reverence","Tiny Chest","Singing Bowl","Grinning Jar","Vajra","hexamod:TheBrokenSeal","Membership Card","hubris:TerracottaHorce","downfall:HeartBlessingGreen","Smiling Mask","downfall:HeartBlessingRed","strawberrySpire:TinySteamboat","infinitespire:Bottled Soul","jedi:cryingmask","hubris:Towel","ReplayTheSpireMod:Ninjato","Replay:Bronze Core","hexamod:InflammatoryLetter","strawberrySpire:KineticCharger","hexamod:Sixitude","Ice Cream","downfall:HeartBlessingBlue","hubris:SphereOfDissonance","hexamod:BolsterEngine","hexamod:RecyclingMachine","jedi:kaleidoscope","Oddly Smooth Stone","Chemical X"],"acts_visited":["Exordium","TheCity","TheBeyond","TheEnding"],"potions_floor_usage":[16,20,33,38,38,42,50],"damage_taken":[{"damage":18,"enemies":"Small Slimes","floor":2,"turns":4},{"damage":7,"enemies":"Jaw Worm","floor":3,"turns":5},{"damage":20,"enemies":"infinitespire:Voidling","floor":5,"turns":4},{"damage":0,"enemies":"downfall:FleeingMerchant","floor":6,"turns":4},{"damage":20,"enemies":"Replay:BlueRogue","floor":10,"turns":7},{"damage":14,"enemies":"Exordium Thugs","floor":11,"turns":4},{"damage":0,"enemies":"downfall:FleeingMerchant","floor":14,"turns":4},{"damage":0,"enemies":"Exordium Wildlife","floor":15,"turns":3},{"damage":0,"enemies":"downfall:Watcher","floor":16,"turns":5},{"damage":0,"enemies":"3 Byrds","floor":19,"turns":4},{"damage":2,"enemies":"Slavers","floor":20,"turns":4},{"damage":17,"enemies":"strawberrySpire:AncientClocktower","floor":23,"turns":5},{"damage":0,"enemies":"Spheric Guardian","floor":25,"turns":2},{"damage":0,"enemies":"Chosen and Byrds","floor":26,"turns":4},{"damage":11,"enemies":"Slavers","floor":27,"turns":4},{"damage":0,"enemies":"Cultist and Chosen","floor":28,"turns":4},{"damage":6,"enemies":"Centurion and Healer","floor":30,"turns":3},{"damage":10,"enemies":"Snake Plant","floor":32,"turns":3},{"damage":30,"enemies":"downfall:Silent","floor":33,"turns":6},{"damage":0,"enemies":"Giant Head","floor":36,"turns":4},{"damage":61,"enemies":"Nemesis","floor":38,"turns":9},{"damage":0,"enemies":"Orb Walker","floor":39,"turns":2},{"damage":45,"enemies":"Nightmare","floor":40,"turns":7},{"damage":0,"enemies":"downfall:FleeingMerchant","floor":42,"turns":4},{"damage":7,"enemies":"Giant Head","floor":44,"turns":5},{"damage":9,"enemies":"3 Shapes","floor":46,"turns":3},{"damage":9,"enemies":"Sphere and 2 Shapes","floor":49,"turns":3},{"damage":0,"enemies":"downfall:Ironclad","floor":50,"turns":3},{"damage":50,"enemies":"downfall:CharBossMerchant","floor":52,"turns":5},{"damage":0,"enemies":"downfall:NeowBoss","floor":55,"turns":13}],"seed_played":"-6340789439355363796","potions_obtained":[{"floor":6,"key":"Strength Potion"},{"floor":10,"key":"blueLaboratory:ForbiddenFruitJuice"},{"floor":11,"key":"DuplicationPotion"},{"floor":19,"key":"Block Potion"},{"floor":26,"key":"blueLaboratory:TrueEctoplasm"},{"floor":28,"key":"Adrenaline Potion"},{"floor":39,"key":"blueLaboratory:RecallPotion"},{"floor":46,"key":"jedi:StrikingPotion"}],"is_trial":false,"path_per_floor":["R","M","M","?","M","$","T","R","T","E","M","?","T","$","M","B",null,"R","M","E","?","R","E","T","M","M","E","M","?","M","T","M","B",null,"R","E","?","E","M","NM","T","$","R","E","T","M","$","?","M","B",null,"E","$","R","B",null],"character_chosen":"THE_SPIRIT","items_purchased":["hexamod:SpectersWail+1","Membership Card","hexamod:ThirdSeal","hexamod:HauntingEcho","hexamod:StepThrough","hexamod:Sixitude","Ice Cream","hexamod:RecyclingMachine","jedi:kaleidoscope","hexamod:Haunt","Chemical X"],"campfire_rested":1,"item_purchase_floors":[6,14,14,14,14,42,42,47,47,47,53],"current_hp_per_floor":[70,52,45,45,32,32,32,32,32,19,16,16,16,84,84,86,86,86,88,92,70,70,55,55,57,59,48,54,54,52,52,46,18,92,92,96,96,46,48,12,12,18,71,77,77,70,70,162,164,164,166,129,129,129,136],"gold":14,"neow_bonus":"THREE_RARE_CARDS","is_daily":false,"chose_seed":false,"campfire_upgraded":5,"win_rate":0.0,"timestamp":1608565234,"path_taken":["R","M","M","?","M","$","T","R","?","E","?","?","?","?","M","BOSS","R","M","E","?","R","E","T","M","M","E","M","?","M","?","M","BOSS","R","E","?","E","M","NM","T","$","R","E","?","M","$","?","M","BOSS","E","$","R","BOSS"],"items_purchased_type":["Card","Relic","Card","Card","Card","Relic","Relic","Relic","Relic","Card","Relic"],"build_version":"2020-12-13","purchased_purges":6,"victory":true,"max_hp_per_floor":[70,70,70,70,70,70,70,70,70,70,74,74,74,84,84,86,86,86,88,94,94,94,96,96,98,100,100,106,106,110,110,114,116,116,116,120,120,124,126,128,128,134,144,150,150,152,152,162,166,166,166,172,172,172,172],"relic_stats":{"Singing Bowl":72,"counters":[30,137],"Tiny Chest":2,"Chemical X":[11],"Smiling Mask":63,"obtain_stats":[{"Ice Cream":42,"Singing Bowl":9,"Vajra":13,"downfall:HeartBlessingGreen":18,"strawberrySpire:TinySteamboat":23,"Smiling Mask":20,"hubris:TerracottaHorce":17,"infinitespire:Bottled Soul":24,"downfall:HeartBlessingBlue":43,"Replay:Bronze Core":34,"Tiny Chest":7,"jedi:cryingmask":27,"hexamod:RecyclingMachine":47,"Chemical X":53,"hexamod:SpiritBrand":0,"ReplayTheSpireMod:Ninjato":31,"downfall:HeartBlessingRed":22,"hexamod:TheBrokenSeal":14,"hexamod:Sixitude":42,"hubris:SphereOfDissonance":44,"Oddly Smooth Stone":52,"hexamod:InflammatoryLetter":38,"hubris:Towel":29,"jedi:kaleidoscope":47,"strawberrySpire:KineticCharger":40,"Membership Card":14,"Grinning Jar":10,"hexamod:BolsterEngine":45,"hubris:Reverence":36},{"Ice Cream":24,"Singing Bowl":4,"Vajra":6,"downfall:HeartBlessingGreen":9,"strawberrySpire:TinySteamboat":12,"Smiling Mask":11,"hubris:TerracottaHorce":9,"infinitespire:Bottled Soul":12,"downfall:HeartBlessingBlue":24,"Replay:Bronze Core":19,"Tiny Chest":4,"jedi:cryingmask":15,"hexamod:RecyclingMachine":26,"Chemical X":29,"hexamod:SpiritBrand":0,"ReplayTheSpireMod:Ninjato":17,"downfall:HeartBlessingRed":11,"hexamod:TheBrokenSeal":7,"hexamod:Sixitude":24,"hubris:SphereOfDissonance":25,"Oddly Smooth Stone":29,"hexamod:InflammatoryLetter":21,"hubris:Towel":16,"jedi:kaleidoscope":26,"strawberrySpire:KineticCharger":23,"Membership Card":7,"Grinning Jar":5,"hexamod:BolsterEngine":25,"hubris:Reverence":20},{"Ice Cream":105,"Singing Bowl":17,"Vajra":28,"downfall:HeartBlessingGreen":40,"strawberrySpire:TinySteamboat":53,"Smiling Mask":48,"hubris:TerracottaHorce":40,"infinitespire:Bottled Soul":53,"downfall:HeartBlessingBlue":105,"Replay:Bronze Core":79,"Tiny Chest":17,"jedi:cryingmask":63,"hexamod:RecyclingMachine":113,"Chemical X":124,"hexamod:SpiritBrand":0,"ReplayTheSpireMod:Ninjato":70,"downfall:HeartBlessingRed":48,"hexamod:TheBrokenSeal":32,"hexamod:Sixitude":105,"hubris:SphereOfDissonance":110,"Oddly Smooth Stone":124,"hexamod:InflammatoryLetter":92,"hubris:Towel":67,"jedi:kaleidoscope":113,"strawberrySpire:KineticCharger":101,"Membership Card":32,"Grinning Jar":24,"hexamod:BolsterEngine":110,"hubris:Reverence":83}]},"card_choices":[{"not_picked":["hexamod:TimeOfNeed","hexamod:ApocalypticArmor"],"picked":"hexamod:FifthSeal","floor":0},{"not_picked":["hexamod:SecondSeal","hexamod:FirstSeal"],"picked":"hexamod:SixthSeal","floor":2},{"not_picked":["hexamod:HeatCrush","hexamod:SpectersWail"],"picked":"hexamod:ThermalTransfer","floor":2},{"not_picked":["hexamod:FourthSeal","hexamod:SecondSeal"],"picked":"hexamod:ThirdSeal","floor":3},{"not_picked":["hexamod:HeatCrush","hexamod:SecondSeal"],"picked":"hexamod:SpectersWail","floor":3},{"not_picked":["hexamod:SwordOfDarkness","hexamod:FastForward"],"picked":"hexamod:GhostShield","floor":5},{"not_picked":["hexamod:ThirdSeal","hexamod:SixthSeal"],"picked":"hexamod:FourthSeal","floor":5},{"not_picked":["hexamod:StepThrough","hexamod:EtherealExpedition"],"picked":"hexamod:SecondSeal","floor":5},{"not_picked":["hexamod:ThirdSeal","hexamod:SixthSeal"],"picked":"hexamod:FirstSeal","floor":6},{"not_picked":["hexamod:Firestarter","hexamod:ThermalTransfer"],"picked":"hexamod:RainOfEmbers","floor":6},{"not_picked":["hexamod:HeatMetal","hexamod:FastForward"],"picked":"hexamod:GhostLash","floor":10},{"not_picked":["hexamod:BacktrackSmack","hexamod:DynamicBlow"],"picked":"hexamod:TimeOfNeed","floor":10},{"not_picked":["hexamod:ThirdSeal","hexamod:FourthSeal","hexamod:FirstSeal"],"picked":"Singing Bowl","floor":11},{"not_picked":["hexamod:BacktrackSmack","hexamod:RainOfEmbers","hexamod:Incineration"],"picked":"Singing Bowl","floor":11},{"not_picked":["hexamod:TurnItUp","hexamod:DynamicBlow"],"picked":"hexamod:WildfireWeapon","floor":14},{"not_picked":["hexamod:ShieldOfDarkness","hexamod:FastForward"],"picked":"hexamod:SwordOfDarkness","floor":15},{"not_picked":["hexamod:CrushingStance","hexamod:UnleashSpirits"],"picked":"hexamod:TimeWarp","floor":16},{"not_picked":["hexamod:VolcanoVisage","hexamod:GiftsFromTheDead"],"picked":"hexamod:ApocalypticArmor","floor":16},{"not_picked":["hexamod:FifthSeal","hexamod:VolcanoVisage","hexamod:ParanormalForm"],"picked":"Singing Bowl","floor":16},{"not_picked":["hexamod:RetreatToShadows","hexamod:CatchUp","hexamod:SkipABeat"],"picked":"Singing Bowl","floor":19},{"not_picked":["hexamod:SecondSeal","hexamod:ShieldOfDarkness"],"picked":"hexamod:ChargedBarrage","floor":19},{"not_picked":["hexamod:Firestarter","hexamod:GhostLash"],"picked":"hexamod:ExtraCrispy","floor":19},{"not_picked":["hexamod:RecurringNightmare","hexamod:InspiringFlames","hexamod:Firestarter"],"picked":"Singing Bowl","floor":20},{"not_picked":["hexamod:Rewind+1","hexamod:HeatMetal+1","hexamod:ThermalTransfer"],"picked":"Singing Bowl","floor":20},{"not_picked":["hexamod:GhostLash","hexamod:ApocalypseNow","hexamod:NecessarySacrifice"],"picked":"Singing Bowl","floor":20},{"not_picked":["ReplayTheSpireMod:Black Plague","ReplayTheSpireMod:Haul"],"picked":"ReplayTheSpireMod:Echoes of Time","floor":21},{"not_picked":["hexamod:ThermalTransfer","hexamod:EtherealExpedition","hexamod:NightmareGuise"],"picked":"Singing Bowl","floor":23},{"not_picked":["hexamod:RainOfEmbers","hexamod:RadiantFlame"],"picked":"hexamod:TurnItUp","floor":23},{"not_picked":["hexamod:ThirdSeal","hexamod:HeatCrush"],"picked":"hexamod:Hexaguard","floor":23},{"not_picked":["hexamod:InspiringFlames","hexamod:SecondSeal","hexamod:GhostOfSpireFuture"],"picked":"Singing Bowl","floor":25},{"not_picked":["hexamod:HauntingEcho","hexamod:AdvancingGuard"],"picked":"hexamod:BurningTouch","floor":26},{"not_picked":["hexamod:EtherealExpedition","hexamod:DynamicBlow"],"picked":"hexamod:FlamesFromBeyond","floor":26},{"not_picked":["hexamod:SuperheatedStrike+1","hexamod:HeatMetal","hexamod:SpectersWail"],"picked":"Singing Bowl","floor":26},{"not_picked":["hexamod:FastForward+1","hexamod:BacktrackSmack"],"picked":"hexamod:TimeWarp","floor":27},{"not_picked":["hexamod:InspiringFlames","hexamod:ThermalTransfer","hexamod:GhostOfSpirePresent"],"picked":"Singing Bowl","floor":28},{"not_picked":["hexamod:SpectersWail","hexamod:ShieldOfDarkness","hexamod:CatchUp"],"picked":"Singing Bowl","floor":28},{"not_picked":["hexamod:SpectralSpark","hexamod:SoulSteal","hexamod:SwordOfDarkness+1"],"picked":"Singing Bowl","floor":28},{"not_picked":["hexamod:DynamicBlow","hexamod:ShieldOfDarkness"],"picked":"hexamod:TimeWarp","floor":30},{"not_picked":["hexamod:RainOfEmbers+1","hexamod:BurningTouch","hexamod:Hexaguard"],"picked":"Singing Bowl","floor":30},{"not_picked":["hexamod:ShieldOfDarkness","hexamod:SwordOfDarkness","hexamod:BurningTouch+1"],"picked":"Singing Bowl","floor":30},{"not_picked":["hexamod:Hexaguard","hexamod:Incineration"],"picked":"hexamod:PowerFromBeyond","floor":32},{"not_picked":["hexamod:GhostOfSpireFuture","hexamod:GhostflameBarrier","hexamod:HeatShield"],"picked":"Singing Bowl","floor":32},{"not_picked":["hexamod:SwordOfDarkness","hexamod:RainOfEmbers","hexamod:InspiringFlames"],"picked":"Singing Bowl","floor":32},{"not_picked":["hexamod:TurnItUp","hexamod:ApocalypseNow"],"picked":"hexamod:GhostflameInferno","floor":33},{"not_picked":["hexamod:WildfireWeapon","hexamod:EmpoweringStance","hexamod:CrushingStance"],"picked":"Singing Bowl","floor":33},{"not_picked":["hexamod:GhostflameInferno","hexamod:TurnItUp"],"picked":"hexamod:GiftsFromTheDead","floor":33},{"not_picked":["hexamod:SoulSteal+1","hexamod:FourthSeal","hexamod:NightmareGuise+1"],"picked":"Singing Bowl","floor":36},{"not_picked":["hexamod:Firestarter","hexamod:ApocalypticArmor","hexamod:RecurringNightmare"],"picked":"Singing Bowl","floor":36},{"not_picked":["hexamod:SpectersWail+1","hexamod:NightmareStrike"],"picked":"hexamod:FirstSeal","floor":36},{"not_picked":["hexamod:VolcanoVisage+1","hexamod:CrushingStance+1"],"picked":"hexamod:ParanormalForm+1","floor":37},{"not_picked":["hexamod:NightmareStrike+1","hexamod:Incineration"],"picked":"hexamod:UnlimitedPower","floor":38},{"not_picked":["hexamod:ParanormalForm","hexamod:ChargedBarrage","hexamod:PhantomCloak+1"],"picked":"Singing Bowl","floor":38},{"not_picked":["hexamod:NightmareStrike","hexamod:ShieldOfDarkness+1","hexamod:SpectersWail+1"],"picked":"Singing Bowl","floor":38},{"not_picked":["hexamod:Firestarter+1","hexamod:SkipABeat","hexamod:GhostShield+1"],"picked":"Singing Bowl","floor":39},{"not_picked":["hexamod:SpectersWail","hexamod:FifthSeal","hexamod:InspiringFlames"],"picked":"Singing Bowl","floor":40},{"not_picked":["hexamod:SpectralSpark+1","hexamod:GhostOfSpireFuture+1"],"picked":"hexamod:HeatCrush+1","floor":40},{"not_picked":["hexamod:Hexaguard+1","hexamod:UnleashSpirits"],"picked":"hexamod:HexaLevel","floor":40},{"not_picked":["hexamod:GhostflameBarrier+1","hexamod:GhostOfSpireFuture+1","hexamod:SoulSteal+1"],"picked":"Singing Bowl","floor":42},{"not_picked":["hexamod:AdvancingGuard","hexamod:NightmareGuise+1","hexamod:SpectralAdrenaline+1"],"picked":"Singing Bowl","floor":42},{"not_picked":["hexamod:ThermalTransfer+1","hexamod:BacktrackSmack","hexamod:GhostLash"],"picked":"Singing Bowl","floor":42},{"not_picked":["hexamod:NecessarySacrifice","hexamod:SecondSeal","hexamod:ShieldOfDarkness+1"],"picked":"Singing Bowl","floor":44},{"not_picked":["hexamod:GhostShield+1","hexamod:Again","hexamod:NightmareStrike"],"picked":"Singing Bowl","floor":44},{"not_picked":["hexamod:InspiringFlames","hexamod:PhantomCloak","hexamod:CatchUp"],"picked":"Singing Bowl","floor":44},{"not_picked":["hexamod:HauntingEcho+1","hexamod:NightmareGuise","hexamod:SuperheatedStrike+1"],"picked":"Singing Bowl","floor":46},{"not_picked":["hexamod:HexaLevel","hexamod:FastForward+1"],"picked":"hexamod:Haunt+1","floor":49},{"not_picked":["hexamod:GhostLash","hexamod:NightmareStrike","hexamod:RainOfEmbers"],"picked":"Singing Bowl","floor":49},{"not_picked":["hexamod:SwordOfDarkness","hexamod:GhostLash","hexamod:RecurringNightmare"],"picked":"Singing Bowl","floor":49},{"not_picked":["hexamod:Firestarter+1","hexamod:CrushingStance","hexamod:HauntingEcho"],"picked":"Singing Bowl","floor":52},{"not_picked":["hexamod:NightmareGuise","hexamod:GhostLash+1","hexamod:SwordOfDarkness"],"picked":"Singing Bowl","floor":52},{"not_picked":["hexamod:FastForward","hexamod:PhantomFireball+1","hexamod:GhostflameBarrier"],"picked":"Singing Bowl","floor":52}],"player_experience":980305,"relics_obtained":[{"floor":7,"key":"Tiny Chest"},{"floor":9,"key":"Singing Bowl"},{"floor":10,"key":"Grinning Jar"},{"floor":13,"key":"Vajra"},{"floor":20,"key":"Smiling Mask"},{"floor":23,"key":"strawberrySpire:TinySteamboat"},{"floor":24,"key":"infinitespire:Bottled Soul"},{"floor":27,"key":"jedi:cryingmask"},{"floor":31,"key":"ReplayTheSpireMod:Ninjato"},{"floor":36,"key":"hubris:Reverence"},{"floor":38,"key":"hexamod:InflammatoryLetter"},{"floor":40,"key":"strawberrySpire:KineticCharger"},{"floor":44,"key":"hubris:SphereOfDissonance"},{"floor":45,"key":"hexamod:BolsterEngine"},{"floor":52,"key":"Oddly Smooth Stone"}],"event_choices":[{"damage_healed":0,"gold_gain":0,"player_choice":"2","damage_taken":0,"max_hp_gain":0,"max_hp_loss":0,"event_name":"betterMatch:BetterMatch","floor":37,"gold_loss":0,"cards_obtained":["betterMatch:RareCard"]},{"cards_removed":["hexamod:TimeWarp"],"damage_healed":82,"gold_gain":0,"player_choice":"Offered Rare","damage_taken":0,"max_hp_gain":10,"max_hp_loss":0,"event_name":"Bonfire Elementals","floor":48,"gold_loss":0}],"is_beta":false,"boss_relics":[{"not_picked":["Honey Jar","Painkiller Herb"],"picked":"hubris:TerracottaHorce"},{"not_picked":["ReplayTheSpireMod:SealedPack","Philosopher\u0027s Stone"],"picked":"Replay:Bronze Core"}],"items_purged_floors":[6,14,14,42,47,47],"is_endless":false,"potions_floor_spawned":[11,15,19,26,28,32,39,46,49],"ascension_level":7}}