{"host":"3j2m8n0ywf988fwb","time":1608521406,"event":{"mods":["2.2 Compatiblity","Act Like it!","Aspiration","BaseMod","Beaked The Cultist","Better Altar","Better Match","Better Note","Better Sensory Stone","Better Skull","Better Third Choice","CCEM","Colored Map","Colored Powertips","Conspire","Energized Spire","GifTheSpireLib","Googly Eyes","Halation","Hallownest","Highlight Path","Hubris","Infinite Spire","Jedi Mod","Marisa????????","Marked Mod","Mimic Mod","Minty Spire (QoL Compilation)","Random Character Button","Relic Stats","Replay The Spire","Robot Space Explorer","Shop Mod","Somnambulant","StSLib","Stuff the Spire","The Bug Knight","The Hierophant","The Marked","The Runesmith","TheFirefly","Unceasing Turn Reminder","everything is the same but u backflip on backflip"],"gold_per_floor":[112,212,231,248,248,248,28,38,38,49,67,45,45,69,69,219,219,264,264,13,55,80,80,122,122,149,180,213,213,245,245,245,306,306],"floor_reached":33,"playtime":1325,"items_purged":["theMarked:Strike","Amnesia","Pain"],"score":257,"play_id":"1c3bae2d-c1b6-4164-b4c1-689ac0142fdd","local_time":"20201220213006","is_ascension_mode":false,"campfire_choices":[{"data":"theMarked:Reabsorb","floor":6,"key":"SMITH"},{"data":"theMarked:Improvise","floor":15,"key":"SMITH"},{"data":"theMarked:Defy","floor":23,"key":"SMITH"}],"circlet_count":0,"master_deck":["theMarked:Strike","theMarked:Strike","theMarked:Strike","theMarked:Defend","theMarked:Defend","theMarked:Defend","theMarked:Defend","theMarked:SoldierOfQuellstein+1","theMarked:Reabsorb+1","theMarked:SwordAndMagic","theMarked:TwofoldDefense+1","theMarked:EmpowerWeapon","theMarked:Improvise+1","theMarked:Defy+1","CurseOfTheBell","theMarked:Electrify","theMarked:Challenge","theMarked:ShockingTouch"],"relics":["theMarked:ArtifactOfAir","StuffTheSpire:Experiment12","ReplayTheSpireMod:Ring of Challenge","Ring of Panic","Replay:Wax Seal","Calling Bell","Replay:Bandana","Garlic","hubris:FunFungus","ClockworkSouvenir","ReplayTheSpireMod:CursedCoin","Akabeko","Pear","CCEMRelics:Barrel"],"acts_visited":["Exordium","TheCity"],"potions_floor_usage":[11,24],"damage_taken":[{"damage":1,"enemies":"Jaw Worm","floor":1,"turns":3},{"damage":1,"enemies":"Cultist","floor":3,"turns":3},{"damage":0,"enemies":"2 Louse","floor":4,"turns":2},{"damage":1,"enemies":"Red Slaver","floor":8,"turns":3},{"damage":4,"enemies":"Exordium Thugs","floor":10,"turns":4},{"damage":0,"enemies":"Blue Slaver","floor":11,"turns":3},{"damage":61,"enemies":"Fading Forest","floor":16,"turns":11},{"damage":0,"enemies":"Chosen","floor":18,"turns":5},{"damage":5,"enemies":"2 Thieves","floor":21,"turns":4},{"damage":68,"enemies":"Slavers","floor":24,"turns":9},{"damage":0,"enemies":"Snecko","floor":27,"turns":4},{"damage":0,"enemies":"Centurion and Healer","floor":28,"turns":2},{"damage":0,"enemies":"Cultist and Chosen","floor":30,"turns":3},{"damage":47,"enemies":"Champ","floor":33,"turns":7}],"seed_played":"2598681406985392741","potions_obtained":[{"floor":1,"key":"conspire:TimeTravelPotion"},{"floor":5,"key":"Fruit Juice"},{"floor":5,"key":"infinitespire:BlackPotion"},{"floor":16,"key":"BlessingOfTheForge"},{"floor":24,"key":"SpeedPotion"},{"floor":28,"key":"jedi:wingpotion"},{"floor":30,"key":"Dexterity Potion"}],"is_trial":false,"path_per_floor":["M","?","M","M","?","R","$","M","T","M","M","$","?","T","R","B",null,"M","?","$","M","$","R","E","?","T","M","M","?","M","?","R_BF","B"],"character_chosen":"THE_DEFAULT","items_purchased":["StuffTheSpire:Experiment12","theMarked:Improvise","ClockworkSouvenir","ReplayTheSpireMod:CursedCoin"],"campfire_rested":0,"item_purchase_floors":[7,12,20,22],"current_hp_per_floor":[69,69,68,68,68,68,68,67,67,63,63,63,63,63,63,12,70,70,70,70,65,65,65,8,18,18,19,20,20,20,20,44,0,0],"gold":306,"neow_bonus":"UPGRADE_CARD","is_daily":false,"chose_seed":false,"campfire_upgraded":3,"win_rate":0.0,"timestamp":1608521406,"path_taken":["M","?","M","?","?","R","$","M","T","?","M","?","?","?","R","BOSS","M","?","$","M","?","R","E","?","T","M","?","?","M","?","R_BF","BOSS"],"items_purchased_type":["Relic","Card","Relic","Relic"],"build_version":"2020-12-13","purchased_purges":3,"victory":false,"max_hp_per_floor":[70,70,70,70,70,70,70,70,70,70,70,70,70,70,70,70,70,70,70,70,70,70,70,70,80,80,80,80,80,80,80,80,80,80],"relic_stats":{"counters":[14,63],"obtain_stats":[{"CCEMRelics:Barrel":26,"Pear":25,"ReplayTheSpireMod:CursedCoin":22,"Akabeko":24,"ClockworkSouvenir":20,"Calling Bell":17,"theMarked:ArtifactOfAir":0,"StuffTheSpire:Experiment12":7,"Replay:Bandana":17,"hubris:FunFungus":17,"Garlic":17,"ReplayTheSpireMod:Ring of Challenge":13,"Ring of Panic":13,"Replay:Wax Seal":14},{"CCEMRelics:Barrel":10,"Pear":10,"ReplayTheSpireMod:CursedCoin":9,"Akabeko":10,"ClockworkSouvenir":8,"Calling Bell":7,"theMarked:ArtifactOfAir":0,"StuffTheSpire:Experiment12":3,"Replay:Bandana":7,"hubris:FunFungus":7,"Garlic":7,"ReplayTheSpireMod:Ring of Challenge":6,"Ring of Panic":6,"Replay:Wax Seal":6},{"CCEMRelics:Barrel":47,"Pear":47,"ReplayTheSpireMod:CursedCoin":38,"Akabeko":47,"ClockworkSouvenir":34,"Calling Bell":29,"theMarked:ArtifactOfAir":0,"StuffTheSpire:Experiment12":8,"Replay:Bandana":29,"hubris:FunFungus":29,"Garlic":29,"ReplayTheSpireMod:Ring of Challenge":18,"Ring of Panic":18,"Replay:Wax Seal":18}]},"card_choices":[{"not_picked":["theMarked:SelfDefenseTraining","theMarked:Opportunist"],"picked":"theMarked:Reabsorb","floor":1},{"not_picked":["theMarked:HeritageOfTheMarked","theMarked:HeightenedSenses"],"picked":"theMarked:SwordAndMagic","floor":3},{"not_picked":["theMarked:CreepingChasm","theMarked:ElectricStrings"],"picked":"theMarked:TwofoldDefense","floor":4},{"not_picked":["theMarked:RepellingDischarge","theMarked:Electrocute"],"picked":"theMarked:EmpowerWeapon","floor":8},{"not_picked":["theMarked:ResourceFulStrike","theMarked:Static","theMarked:DeterminationOfTheMarked"],"picked":"SKIP","floor":10},{"not_picked":["theMarked:Frustration","theMarked:Generate","theMarked:WardOff"],"picked":"SKIP","floor":11},{"not_picked":["theMarked:TurnInvisible","theMarked:FavorableWinds"],"picked":"theMarked:Defy","floor":16},{"not_picked":["theMarked:PowerFlow","theMarked:BanishingStrike","theMarked:SelfDefenseTraining"],"picked":"SKIP","floor":18},{"not_picked":["theMarked:TwofoldDefense","theMarked:RepellingDischarge"],"picked":"theMarked:Electrify","floor":21},{"not_picked":["theMarked:BanishingWave","theMarked:Static"],"picked":"theMarked:Challenge","floor":24},{"not_picked":["theMarked:Electrocute","theMarked:HeightenedSenses+1","theMarked:ResourceFulStrike"],"picked":"SKIP","floor":27},{"not_picked":["theMarked:HeritageOfTheMarked+1","theMarked:SelfDefenseTraining+1","theMarked:ResourceFulStrike+1"],"picked":"SKIP","floor":28},{"not_picked":["theMarked:Convert","theMarked:RepellingDischarge","theMarked:ResourceFulStrike"],"picked":"SKIP","floor":30}],"player_experience":997950,"relics_obtained":[{"floor":13,"key":"ReplayTheSpireMod:Ring of Challenge"},{"floor":13,"key":"Ring of Panic"},{"floor":14,"key":"Replay:Wax Seal"},{"floor":17,"key":"Replay:Bandana"},{"floor":17,"key":"Garlic"},{"floor":17,"key":"hubris:FunFungus"},{"floor":24,"key":"Akabeko"},{"floor":26,"key":"CCEMRelics:Barrel"}],"event_choices":[{"damage_healed":0,"gold_gain":100,"player_choice":"Pray","damage_taken":0,"max_hp_gain":0,"max_hp_loss":0,"event_name":"Golden Shrine","floor":2,"gold_loss":0},{"damage_healed":0,"gold_gain":0,"player_choice":"Got Potions","damage_taken":0,"max_hp_gain":0,"max_hp_loss":0,"event_name":"Lab","floor":5,"gold_loss":0},{"damage_healed":0,"gold_gain":0,"player_choice":"Gave Potion","damage_taken":0,"relics_obtained":["Pear"],"max_hp_gain":0,"max_hp_loss":0,"event_name":"WeMeetAgain","floor":25,"gold_loss":0},{"damage_healed":0,"gold_gain":0,"player_choice":"Ignored","damage_taken":0,"max_hp_gain":0,"max_hp_loss":0,"event_name":"betterNote:BetterNote","floor":29,"gold_loss":0,"cards_obtained":["conspire:SpireCoStock"]},{"damage_healed":0,"gold_gain":0,"cards_transformed":["theMarked:Strike"],"player_choice":"Transformed","damage_taken":0,"max_hp_gain":0,"max_hp_loss":0,"event_name":"Transmorgrifier","floor":31,"gold_loss":0,"cards_obtained":["theMarked:ShockingTouch"]}],"is_beta":false,"boss_relics":[{"not_picked":["aspiration:SilentSkillbook","Runesmith:UraniumAnvil"],"picked":"Calling Bell"}],"items_purged_floors":[7,20,22],"is_endless":false,"potions_floor_spawned":[1,8,10,16,18,24,28,30],"killed_by":"Champ","ascension_level":0}}