{"host":"d8hh7rr4yzitjeuj","time":1608543451,"event":{"mods":["2.2 Compatiblity","AchievementEnabler","BaseMod","CapriCore","Colored Map","Colored Powertips","Highlight Path","Keyboard Shortcuts","Marisa£¨Ùöéë¡¡Øª×âÞÞ£©","Minty Spire (QoL Compilation)","Permanent Neow","Quick Restart","StSLib","SuperFastMode"],"gold_per_floor":[111,111,91,102,152,152,227,227,299,315,342,54,71,83,83,196,196,229,240,267,295,325,373,373,407,434,482,263,263,301,342,342,468,468,485,550,57,1106,374,431,473,505,581,626,626,685,735,798,798,798],"floor_reached":51,"playtime":1687,"items_purged":["Defend_MRS","Strike_MRS","Strike_MRS"],"score":1314,"play_id":"b0524a18-f0d7-4648-b1ca-7206eaf54eb2","local_time":"20201221183731","is_ascension_mode":true,"campfire_choices":[{"data":"FinalSpark","floor":6.0,"key":"SMITH"},{"data":"Madness","floor":8.0,"key":"SMITH"},{"data":"FinalSpark","floor":15.0,"key":"SMITH"},{"floor":24.0,"key":"REST"},{"data":"WitchOfGreed","floor":29.0,"key":"SMITH"},{"data":"GalacticHalo","floor":32.0,"key":"SMITH"},{"data":"FinalSpark","floor":45,"key":"SMITH"},{"floor":49,"key":"REST"}],"circlet_count":0,"master_deck":["Strike_MRS","Strike_MRS","Defend_MRS","Defend_MRS","Defend_MRS","MasterSpark","UpSweep","Madness+1","Singularity","FinalSpark+1","EnergyRecoil","Acceleration","FinalSpark+1","GalacticHalo+1","UltimateShortwave","FinalSpark+1","GalacticHalo+1","Normality","Normality","Panacea"],"relics":["MiniHakkero","SsserpentHead","Pocketwatch","Centennial Puzzle","HandmadeGrimoire","MawBank","TheAbacus","Snecko Eye","Unceasing Top","Oddly Smooth Stone","MealTicket","Thread and Needle","Bag of Preparation","SacredBark","Medical Kit","Blue Candle","Pen Nib","HandDrill","Question Card","Happy Flower","Bronze Scales","BreadOfAWashokuLover","Blood Vial"],"acts_visited":["Exordium","TheCity","TheBeyond"],"potions_floor_usage":[50,50,50,50,50,50],"damage_taken":[{"damage":3.0,"enemies":"2 Louse","floor":1.0,"turns":3.0},{"damage":6.0,"enemies":"Cultist","floor":4.0,"turns":4.0},{"damage":0.0,"enemies":"Small Slimes","floor":10.0,"turns":2.0},{"damage":13.0,"enemies":"3 Sentries","floor":11.0,"turns":3.0},{"damage":0.0,"enemies":"Blue Slaver","floor":13.0,"turns":1.0},{"damage":12.0,"enemies":"Gremlin Gang","floor":14.0,"turns":2.0},{"damage":0.0,"enemies":"Slime Boss","floor":16.0,"turns":6.0},{"damage":0.0,"enemies":"Shell Parasite","floor":18.0,"turns":2.0},{"damage":0.0,"enemies":"Spheric Guardian","floor":19.0,"turns":3.0},{"damage":5.0,"enemies":"Centurion and Healer","floor":20.0,"turns":3.0},{"damage":0.0,"enemies":"Snecko","floor":21.0,"turns":2.0},{"damage":19.0,"enemies":"Snake Plant","floor":22.0,"turns":2.0},{"damage":25.0,"enemies":"Gremlin Leader","floor":23.0,"turns":4.0},{"damage":0.0,"enemies":"Slavers","floor":25.0,"turns":1.0},{"damage":5.0,"enemies":"Gremlin Leader","floor":27.0,"turns":3.0},{"damage":8.0,"enemies":"Chosen and Byrds","floor":30.0,"turns":2.0},{"damage":0.0,"enemies":"Snecko","floor":31.0,"turns":2.0},{"damage":23.0,"enemies":"Champ","floor":33.0,"turns":5.0},{"damage":12.0,"enemies":"Orb Walker","floor":35.0,"turns":4.0},{"damage":0.0,"enemies":"3 Shapes","floor":36.0,"turns":1.0},{"damage":2.0,"enemies":"Giant Head","floor":40.0,"turns":4.0},{"damage":2.0,"enemies":"Transient","floor":41.0,"turns":5.0},{"damage":13.0,"enemies":"Nemesis","floor":42.0,"turns":3.0},{"damage":2,"enemies":"3 Darklings","floor":44,"turns":2},{"damage":2,"enemies":"Giant Head","floor":46,"turns":4},{"damage":24,"enemies":"Maw","floor":48,"turns":3},{"damage":3,"enemies":"Donu and Deca","floor":50,"turns":3}],"seed_played":"-6579877414242160806","potions_obtained":[{"floor":4.0,"key":"SteroidPotion"},{"floor":10.0,"key":"Energy Potion"},{"floor":13.0,"key":"SpeedPotion"},{"floor":16.0,"key":"Swift Potion"},{"floor":23.0,"key":"Weak Potion"},{"floor":25.0,"key":"AttackPotion"},{"floor":30.0,"key":"DuplicationPotion"},{"floor":31.0,"key":"EntropicBrew"},{"floor":33.0,"key":"CultistPotion"},{"floor":40.0,"key":"Strength Potion"},{"floor":41.0,"key":"BlessingOfTheForge"},{"floor":46,"key":"EntropicBrew"}],"is_trial":false,"path_per_floor":["M","?","$","M","?","R","T","R","T","M","E","$","M","M","R","B",null,"M","M","M","M","M","E","R","E","T","E","$","R","M","M","R","B",null,"M","M","$","?","$","E","M","E","T","M","R","E","?","M","R","B",null],"character_chosen":"MARISA","items_purchased":["FinalSpark","FinalSpark","TheAbacus","Bag of Preparation","Medical Kit","Blue Candle","Pen Nib","HandDrill","Question Card","Panacea"],"campfire_rested":2,"item_purchase_floors":[3,12,12,28,37,37,39,39,39,39],"current_hp_per_floor":[65,65,65,59,56,56,56,56,56,56,43,43,43,31,31,31,64,64,64,59,59,40,15,37,37,37,32,47,47,39,39,39,28,63,51,51,66,66,75,73,71,58,58,57,57,57,57,37,59,60],"gold":798,"neow_bonus":"RANDOM_COLORLESS","is_daily":false,"chose_seed":false,"campfire_upgraded":6,"win_rate":0.0,"timestamp":1608543451,"path_taken":["M","?","?","M","?","R","?","R","T","M","E","$","M","M","R","BOSS","M","M","M","M","M","E","R","E","T","E","$","R","M","M","R","BOSS","M","?","$","?","?","E","M","E","T","M","R","E","?","?","R","BOSS"],"items_purchased_type":["Card","Card","Relic","Relic","Relic","Relic","Relic","Relic","Relic","Card"],"build_version":"2020-12-13","purchased_purges":3,"victory":true,"max_hp_per_floor":[75,75,75,75,75,75,75,75,75,75,75,75,75,75,75,75,75,75,75,75,75,75,75,75,75,75,75,75,75,75,75,75,75,75,75,75,75,75,75,75,75,75,75,75,75,75,75,75,75,75],"card_choices":[{"not_picked":["Panacea","Bandage Up"],"picked":"Madness","floor":0.0},{"not_picked":["NonDirectionalLaser","OrrerysSun"],"picked":"Singularity","floor":1.0},{"not_picked":["Singularity","ShootingEcho"],"picked":"EnergyRecoil","floor":4.0},{"not_picked":["AsteroidBelt","MysteriousBeam"],"picked":"Acceleration","floor":10.0},{"not_picked":["GravityBeat","EarthLightRay"],"picked":"WitchOfGreed","floor":11.0},{"not_picked":["PowerUp","GrandCross","Occultation"],"picked":"SKIP","floor":13.0},{"not_picked":["Singularity","NonDirectionalLaser"],"picked":"GalacticHalo","floor":14.0},{"not_picked":["TreasureHunter","SatelliteIllusion"],"picked":"UltimateShortwave","floor":16.0},{"not_picked":["WitchOfGreed","6A","SporeBomb"],"picked":"SKIP","floor":18.0},{"not_picked":["NonDirectionalLaser+1","GrandCross","MilkyWay"],"picked":"SKIP","floor":19.0},{"not_picked":["GasGiant","PropBag","WitchOfGreed"],"picked":"SKIP","floor":20.0},{"not_picked":["ShootingEcho","PowerUp","AsteroidBelt+1"],"picked":"SKIP","floor":21.0},{"not_picked":["MysteriousBeam","IllusionStar","DC"],"picked":"SKIP","floor":22.0},{"not_picked":["LuminesStrike","Singularity","AbsoluteMagnitude"],"picked":"SKIP","floor":23.0},{"not_picked":["6A","NonDirectionalLaser+1","MilkyWay"],"picked":"SKIP","floor":25.0},{"not_picked":["PowerUp","EnergyRecoil","GravityBeat"],"picked":"SKIP","floor":27.0},{"not_picked":["DeepEcoloBomb","StarBarrage+1","DC"],"picked":"SKIP","floor":30.0},{"not_picked":["NonDirectionalLaser","DoubleSpark","WitchOfGreed"],"picked":"SKIP","floor":31.0},{"not_picked":["BigCrunch","CasketOfStar"],"picked":"FinalSpark","floor":33.0},{"not_picked":["IllusionStar","AlicesGift+1"],"picked":"GalacticHalo+1","floor":35.0},{"not_picked":["Acceleration+1","OortCloud+1","DoubleSpark"],"picked":"SKIP","floor":36.0},{"not_picked":["BlazingStar","Singularity+1","ShootTheMoon","PowerUp"],"picked":"SKIP","floor":40.0},{"not_picked":["UnstableBomb","Robbery+1","MilkyWay","FairyDestructionRay"],"picked":"SKIP","floor":41.0},{"not_picked":["GravityBeat+1","MysteriousBeam+1","MillisecondPulsars","SporeBomb"],"picked":"SKIP","floor":42.0},{"not_picked":["ManaConvection","SuperPerseids","SporeBomb+1","MysteriousBeam"],"picked":"SKIP","floor":44},{"not_picked":["ManaConvection+1","MysteriousBeam+1","WitchLeyline+1","GrandCross+1"],"picked":"SKIP","floor":46},{"not_picked":["GravityBeat+1","OortCloud","6A+1","FairyDestructionRay+1"],"picked":"SKIP","floor":48}],"player_experience":1424057,"relics_obtained":[{"floor":7.0,"key":"Centennial Puzzle"},{"floor":9.0,"key":"HandmadeGrimoire"},{"floor":11.0,"key":"MawBank"},{"floor":23.0,"key":"Unceasing Top"},{"floor":25.0,"key":"Oddly Smooth Stone"},{"floor":26.0,"key":"MealTicket"},{"floor":27.0,"key":"Thread and Needle"},{"floor":40.0,"key":"Happy Flower"},{"floor":42.0,"key":"Bronze Scales"},{"floor":43.0,"key":"BreadOfAWashokuLover"},{"floor":46,"key":"Blood Vial"}],"event_choices":[{"damage_healed":0.0,"max_hp_gain":0.0,"max_hp_loss":0.0,"gold_gain":0.0,"event_name":"FaceTrader","player_choice":"Trade","floor":2.0,"gold_loss":0.0,"damage_taken":0.0,"relics_obtained":["SsserpentHead"]},{"damage_healed":0.0,"max_hp_gain":0.0,"max_hp_loss":0.0,"gold_gain":0.0,"event_name":"Scrap Ooze","player_choice":"Success","floor":5.0,"gold_loss":0.0,"damage_taken":3.0,"relics_obtained":["Pocketwatch"]},{"damage_healed":0.0,"max_hp_gain":0.0,"max_hp_loss":0.0,"gold_gain":999.0,"event_name":"MindBloom","player_choice":"Gold","floor":38.0,"gold_loss":0.0,"damage_taken":0.0,"cards_obtained":["Normality","Normality"]},{"cards_removed":["WitchOfGreed"],"damage_healed":0,"gold_gain":0,"player_choice":"Removed Power","damage_taken":0,"max_hp_gain":0,"max_hp_loss":0,"event_name":"Falling","floor":47,"gold_loss":0}],"is_beta":false,"boss_relics":[{"not_picked":["Ectoplasm","Sozu"],"picked":"Snecko Eye"},{"not_picked":["Cursed Key","Coffee Dripper"],"picked":"SacredBark"}],"items_purged_floors":[28,37,39],"is_endless":false,"potions_floor_spawned":[4,10,13,18,20,23,25,31,33,35,41,46],"ascension_level":7}}