{"host":"f1miojwxaupu79sp","time":1608590746,"event":{"mods":["BaseMod","Better Vampires","Minty Spire (QoL Compilation)","Shop Mod"],"gold_per_floor":[116,89,100,100,114,114,132,132,158,176,187,112,112,139,139,212,212,225,225,225,56,72,106,106,31,54,66,66,66,92,110,110,186,186,206,221,221,221,241,241,241,35,35,35,61,61,79,96,96,96,96],"floor_reached":50,"playtime":5321,"items_purged":["Strike_G","Strike_G","Defend_G"],"score":845,"play_id":"e7134c4d-a34c-40cd-9a85-886338687de5","local_time":"20201221174546","is_ascension_mode":true,"campfire_choices":[{"data":"Calculated Gamble","floor":6,"key":"SMITH"},{"floor":8,"key":"REST"},{"floor":15,"key":"REST"},{"data":"Doppelganger","floor":24,"key":"SMITH"},{"floor":29,"key":"REST"},{"floor":32,"key":"REST"},{"data":"Envenom","floor":40,"key":"SMITH"},{"data":"Footwork","floor":46,"key":"SMITH"},{"floor":49,"key":"REST"}],"circlet_count":0,"master_deck":["AscendersBane","Defend_G","Defend_G","Defend_G+1","Survivor","Neutralize","Backstab+1","Calculated Gamble+1","Dash","Slice","Doppelganger+1","Noxious Fumes","After Image","Prepared","Dodge and Roll","Blade Dance","Poisoned Stab","Concentrate+1","PiercingWail+1","Deflect","Deadly Poison+1","Crippling Poison","Dash","Envenom+1","PiercingWail+1","Secret Technique","Footwork+1","Blur+1","Bouncing Flask"],"relics":["Ring of the Snake","Incense Burner","Anchor","Dream Catcher","WristBlade","Matryoshka","Shuriken","Happy Flower","Meat on the Bone","Black Star","Blood Vial","Molten Egg 2","Pear","Orichalcum"],"acts_visited":["Exordium","TheCity","TheBeyond"],"potions_floor_usage":[11,23,28,33,45,50],"damage_taken":[{"damage":7,"enemies":"Jaw Worm","floor":1,"turns":7},{"damage":2,"enemies":"Small Slimes","floor":3,"turns":5},{"damage":0,"enemies":"2 Louse","floor":5,"turns":3},{"damage":4,"enemies":"Blue Slaver","floor":7,"turns":5},{"damage":0,"enemies":"3 Louse","floor":10,"turns":3},{"damage":0,"enemies":"Large Slime","floor":11,"turns":4},{"damage":13,"enemies":"Gremlin Nob","floor":14,"turns":5},{"damage":50,"enemies":"Hexaghost","floor":16,"turns":17},{"damage":4,"enemies":"3 Byrds","floor":18,"turns":7},{"damage":0,"enemies":"Shell Parasite","floor":22,"turns":4},{"damage":15,"enemies":"Book of Stabbing","floor":23,"turns":7},{"damage":7,"enemies":"Cultist and Chosen","floor":27,"turns":6},{"damage":0,"enemies":"Snake Plant","floor":28,"turns":3},{"damage":22,"enemies":"Gremlin Leader","floor":30,"turns":8},{"damage":6,"enemies":"Centurion and Healer","floor":31,"turns":5},{"damage":40,"enemies":"Collector","floor":33,"turns":9},{"damage":7,"enemies":"3 Darklings","floor":35,"turns":8},{"damage":0,"enemies":"Orb Walker","floor":36,"turns":5},{"damage":2,"enemies":"Sphere and 2 Shapes","floor":39,"turns":8},{"damage":29,"enemies":"Nemesis","floor":45,"turns":11},{"damage":14,"enemies":"Writhing Mass","floor":47,"turns":10},{"damage":0,"enemies":"3 Darklings","floor":48,"turns":7},{"damage":72,"enemies":"Time Eater","floor":50,"turns":12}],"seed_played":"-4915910737938197632","potions_obtained":[{"floor":1,"key":"FairyPotion"},{"floor":5,"key":"Swift Potion"},{"floor":7,"key":"BlessingOfTheForge"},{"floor":16,"key":"BlessingOfTheForge"},{"floor":27,"key":"SmokeBomb"},{"floor":31,"key":"AttackPotion"},{"floor":36,"key":"ColorlessPotion"},{"floor":48,"key":"GamblersBrew"}],"is_trial":false,"path_per_floor":["M","?","M","?","M","R","M","R","T","M","M","$","?","E","R","B",null,"M","?","?","$","M","E","R","?","T","M","M","R","E","M","R","B",null,"M","M","?","?","M","R","?","$","T","$","E","R","M","M","R","B"],"character_chosen":"THE_SILENT","items_purchased":["Blade Dance","Poisoned Stab","Footwork"],"campfire_rested":5,"item_purchase_floors":[21,21,42],"current_hp_per_floor":[38,38,36,22,22,22,18,39,39,39,39,39,39,26,47,21,58,54,54,54,54,54,39,39,39,39,32,32,53,31,37,58,30,60,53,53,53,53,51,51,51,51,51,51,46,46,46,48,70,0,0],"gold":96,"neow_bonus":"ONE_RARE_RELIC","is_daily":false,"chose_seed":false,"campfire_upgraded":4,"win_rate":0.0,"timestamp":1608590746,"path_taken":["M","?","M","?","M","R","M","R","T","M","M","$","?","E","R","BOSS","M","?","?","$","M","E","R","?","T","M","M","R","E","M","R","BOSS","M","M","?","?","M","R","?","$","T","$","E","R","M","M","R","BOSS"],"items_purchased_type":["Card","Card","Card"],"build_version":"2020-12-13","purchased_purges":3,"victory":false,"max_hp_per_floor":[70,70,70,70,70,70,70,70,70,70,70,70,70,70,70,70,70,70,70,70,70,70,70,70,70,70,70,70,70,70,70,70,70,70,70,70,70,66,66,66,66,66,66,66,76,76,76,76,76,76,76],"card_choices":[{"not_picked":["Setup","Slice"],"picked":"Backstab","floor":1},{"not_picked":["Finisher","Endless Agony","Choke"],"picked":"SKIP","floor":3},{"not_picked":["Deflect","Sucker Punch"],"picked":"Calculated Gamble","floor":5},{"not_picked":["Backflip","Terror"],"picked":"Dash","floor":7},{"not_picked":["Dagger Throw","PiercingWail"],"picked":"Slice","floor":10},{"not_picked":["Dagger Throw","Riddle With Holes","Bane"],"picked":"SKIP","floor":11},{"not_picked":["Predator","PiercingWail"],"picked":"Doppelganger","floor":14},{"not_picked":["Dodge and Roll","Deadly Poison"],"picked":"Noxious Fumes","floor":15},{"not_picked":["Unload","Malaise"],"picked":"After Image","floor":16},{"not_picked":["PiercingWail","Backflip"],"picked":"Prepared","floor":18},{"not_picked":["Caltrops+1","Poisoned Stab","PiercingWail"],"picked":"SKIP","floor":22},{"not_picked":["Sucker Punch","Backstab"],"picked":"Concentrate+1","floor":23},{"not_picked":["Quick Slash","Poisoned Stab"],"picked":"PiercingWail+1","floor":27},{"not_picked":["Poisoned Stab","Underhanded Strike"],"picked":"Deflect","floor":29},{"not_picked":["Infinite Blades","Calculated Gamble"],"picked":"Deadly Poison+1","floor":30},{"not_picked":["Calculated Gamble","Outmaneuver"],"picked":"Crippling Poison","floor":31},{"not_picked":["Glass Knife","Poisoned Stab"],"picked":"Dash","floor":32},{"not_picked":["Grand Finale","Unload"],"picked":"Envenom","floor":33},{"not_picked":["Infinite Blades+1","Setup+1","Deadly Poison"],"picked":"SKIP","floor":35},{"not_picked":["Blade Dance+1","Calculated Gamble"],"picked":"PiercingWail+1","floor":36},{"not_picked":["Dagger Throw+1","Concentrate+1","Accuracy"],"picked":"SKIP","floor":39},{"not_picked":["Discovery","Jack Of All Trades"],"picked":"Secret Technique","floor":41},{"not_picked":["Escape Plan","Distraction","Dodge and Roll+1"],"picked":"SKIP","floor":45},{"not_picked":["Dodge and Roll","Infinite Blades"],"picked":"Blur+1","floor":47},{"not_picked":["Sucker Punch+1","Eviscerate+1","Acrobatics+1"],"picked":"SKIP","floor":48},{"not_picked":["Dagger Spray+1","Underhanded Strike+1"],"picked":"Bouncing Flask","floor":49}],"player_experience":675388,"relics_obtained":[{"floor":9,"key":"Anchor"},{"floor":14,"key":"Dream Catcher"},{"floor":23,"key":"Matryoshka"},{"floor":26,"key":"Shuriken"},{"floor":26,"key":"Happy Flower"},{"floor":30,"key":"Meat on the Bone"},{"floor":43,"key":"Blood Vial"},{"floor":43,"key":"Molten Egg 2"},{"floor":45,"key":"Pear"},{"floor":45,"key":"Orichalcum"}],"event_choices":[{"damage_healed":0,"gold_gain":0,"player_choice":"Left Gold","damage_taken":0,"max_hp_gain":0,"max_hp_loss":0,"event_name":"World of Goop","floor":2,"gold_loss":27},{"damage_healed":0,"gold_gain":0,"player_choice":"Entered Light","damage_taken":14,"max_hp_gain":0,"max_hp_loss":0,"event_name":"Shining Light","floor":4,"gold_loss":0,"cards_upgraded":["Defend_G","Backstab"]},{"cards_removed":["Strike_G"],"damage_healed":0,"gold_gain":0,"player_choice":"Forget","damage_taken":0,"max_hp_gain":0,"max_hp_loss":0,"event_name":"Living Wall","floor":13,"gold_loss":0},{"damage_healed":0,"gold_gain":0,"cards_transformed":["Strike_G","Strike_G"],"player_choice":"Became Test Subject","damage_taken":0,"max_hp_gain":0,"max_hp_loss":0,"event_name":"Drug Dealer","floor":19,"gold_loss":0,"cards_obtained":["Well Laid Plans","Dodge and Roll"]},{"damage_healed":0,"gold_gain":0,"player_choice":"Ignored","damage_taken":0,"max_hp_gain":0,"max_hp_loss":0,"event_name":"Cursed Tome","floor":20,"gold_loss":0},{"cards_removed":["Defend_G"],"damage_healed":0,"gold_gain":0,"player_choice":"Gave Gold","damage_taken":0,"max_hp_gain":0,"max_hp_loss":0,"event_name":"Beggar","floor":25,"gold_loss":75},{"cards_removed":["Well Laid Plans"],"damage_healed":0,"gold_gain":0,"player_choice":"Removed Power","damage_taken":0,"max_hp_gain":0,"max_hp_loss":0,"event_name":"Falling","floor":37,"gold_loss":0},{"damage_healed":0,"gold_gain":0,"player_choice":"Max HP","damage_taken":0,"max_hp_gain":0,"max_hp_loss":4,"event_name":"Winding Halls","floor":38,"gold_loss":0},{"damage_healed":0,"gold_gain":0,"player_choice":"Memory 1","damage_taken":0,"max_hp_gain":0,"max_hp_loss":0,"event_name":"SensoryStone","floor":41,"gold_loss":0}],"is_beta":false,"boss_relics":[{"not_picked":["Snecko Eye","Philosopher\u0027s Stone"],"picked":"WristBlade"},{"not_picked":["Coffee Dripper","Runic Pyramid"],"picked":"Black Star"}],"items_purged_floors":[12,21,42],"is_endless":false,"potions_floor_spawned":[1,5,7,10,16,27,31,36,48],"killed_by":"Time Eater","ascension_level":13}}