{"host":"baymyijz6sxaqj5s","time":1608544300,"event":{"mods":["AchievementEnabler","BaseMod","Colored Map","Colored Powertips","DeckTracker","KOR Keyword Fix","Keyboard Shortcuts","Minty Spire (QoL Compilation)","StSLib","SuperFastMode"],"gold_per_floor":[109,120,135,135,153,153,173,191,191,219,237,11,11,28,28,126,176,186,285,285,296,310,138,138,152,152,167,11,29,29,48,48,48,48],"floor_reached":33,"playtime":799,"items_purged":["Strike_R","Strike_R"],"score":255,"play_id":"9b45a455-f5b0-44e4-bb54-f2d99dc2556c","local_time":"20201221185140","is_ascension_mode":false,"campfire_choices":[{"data":"Heavy Blade","floor":6,"key":"SMITH"},{"data":"Inflame","floor":13,"key":"SMITH"},{"floor":15,"key":"REST"},{"floor":30,"key":"REST"},{"floor":32,"key":"REST"}],"circlet_count":0,"master_deck":["Strike_R+1","Strike_R","Defend_R","Defend_R+1","Defend_R+1","Defend_R","Bash","Heavy Blade+1","Anger","Sword Boomerang","Inflame+1","Cleave","Armaments","Twin Strike","Spot Weakness","Regret","Body Slam+1","Bloodletting"],"relics":["Burning Blood","Mercury Hourglass","Dream Catcher","War Paint","Tiny House","Bottled Lightning","Bronze Scales"],"acts_visited":["Exordium","TheCity"],"potions_floor_usage":[10,11,16,18,22,22,25,33,33],"damage_taken":[{"damage":7,"enemies":"Small Slimes","floor":1,"turns":3},{"damage":3,"enemies":"Cultist","floor":2,"turns":5},{"damage":1,"enemies":"Jaw Worm","floor":3,"turns":3},{"damage":11,"enemies":"Blue Slaver","floor":5,"turns":4},{"damage":9,"enemies":"Red Slaver","floor":7,"turns":5},{"damage":10,"enemies":"Looter","floor":8,"turns":3},{"damage":11,"enemies":"Gremlin Nob","floor":10,"turns":3},{"damage":5,"enemies":"Lots of Slimes","floor":11,"turns":2},{"damage":1,"enemies":"Exordium Thugs","floor":14,"turns":3},{"damage":68,"enemies":"The Guardian","floor":16,"turns":8},{"damage":12,"enemies":"3 Byrds","floor":18,"turns":4},{"damage":7,"enemies":"Chosen","floor":21,"turns":4},{"damage":4,"enemies":"3 Cultists","floor":22,"turns":3},{"damage":18,"enemies":"Centurion and Healer","floor":25,"turns":6},{"damage":14,"enemies":"Chosen and Byrds","floor":27,"turns":4},{"damage":37,"enemies":"Shelled Parasite and Fungi","floor":29,"turns":4},{"damage":15,"enemies":"Centurion and Healer","floor":31,"turns":4},{"damage":88,"enemies":"Automaton","floor":33,"turns":6}],"seed_played":"4510526940949072099","potions_obtained":[{"floor":1,"key":"Strength Potion"},{"floor":5,"key":"GamblersBrew"},{"floor":7,"key":"Explosive Potion"},{"floor":14,"key":"SneckoOil"},{"floor":17,"key":"DuplicationPotion"},{"floor":21,"key":"Swift Potion"},{"floor":22,"key":"Energy Potion"},{"floor":25,"key":"Ancient Potion"},{"floor":29,"key":"Strength Potion"}],"is_trial":false,"path_per_floor":["M","M","M","?","M","R","M","M","T","E","M","$","R","M","R","B",null,"M","?","?","M","M","$","?","M","T","M","$","M","R","M","R","B"],"character_chosen":"IRONCLAD","items_purchased":["War Paint","Spot Weakness","Bronze Scales"],"campfire_rested":3,"item_purchase_floors":[12,23,28],"current_hp_per_floor":[87,88,88,88,83,83,80,76,76,71,72,72,72,77,88,26,93,87,87,87,86,88,88,88,76,76,68,68,37,64,55,82,0,0],"gold":48,"neow_bonus":"TEN_PERCENT_HP_BONUS","is_daily":false,"chose_seed":false,"campfire_upgraded":2,"win_rate":0.0,"timestamp":1608544300,"path_taken":["M","M","M","?","M","R","?","?","T","E","M","$","R","M","R","BOSS","M","?","?","?","M","$","?","M","T","M","$","M","R","M","R","BOSS"],"items_purchased_type":["Relic","Card","Relic"],"build_version":"2020-12-13","purchased_purges":2,"victory":false,"max_hp_per_floor":[88,88,88,88,88,88,88,88,88,88,88,88,88,88,88,88,93,93,93,93,93,93,93,93,93,93,93,93,93,93,93,93,93,93],"card_choices":[{"not_picked":["Rampage","Clothesline","Iron Wave"],"picked":"SKIP","floor":1},{"not_picked":["Clash","Perfected Strike"],"picked":"Heavy Blade","floor":2},{"not_picked":["Flex","Heavy Blade","Iron Wave"],"picked":"SKIP","floor":3},{"not_picked":["Flex","Berserk"],"picked":"Sword Boomerang","floor":5},{"not_picked":["Sentinel","Whirlwind","Feel No Pain"],"picked":"SKIP","floor":7},{"not_picked":["Pommel Strike","Iron Wave","Sentinel"],"picked":"SKIP","floor":8},{"not_picked":["Sentinel","Bludgeon"],"picked":"Inflame","floor":10},{"not_picked":["Anger","Heavy Blade"],"picked":"Cleave","floor":11},{"not_picked":["Dark Embrace","Battle Trance"],"picked":"Armaments","floor":14},{"not_picked":["Feel No Pain","Sword Boomerang","Rampage+1"],"picked":"SKIP","floor":18},{"not_picked":["Iron Wave","Perfected Strike"],"picked":"Twin Strike","floor":21},{"not_picked":["Bloodletting","Flex+1","Wild Strike+1"],"picked":"SKIP","floor":22},{"not_picked":["Flex","Fiend Fire","Perfected Strike+1"],"picked":"SKIP","floor":25},{"not_picked":["Rupture+1","Thunderclap"],"picked":"Body Slam+1","floor":27},{"not_picked":["Evolve","Clothesline","Fiend Fire"],"picked":"SKIP","floor":29},{"not_picked":["Searing Blow","Body Slam+1","Anger+1"],"picked":"SKIP","floor":31},{"not_picked":["Heavy Blade","Armaments+1"],"picked":"Bloodletting","floor":32}],"player_experience":161409,"relics_obtained":[{"floor":9,"key":"Mercury Hourglass"},{"floor":10,"key":"Dream Catcher"},{"floor":26,"key":"Bottled Lightning"}],"event_choices":[{"damage_healed":0,"gold_gain":0,"cards_transformed":["Strike_R"],"player_choice":"Transformed","damage_taken":0,"max_hp_gain":0,"max_hp_loss":0,"event_name":"Transmorgrifier","floor":4,"gold_loss":0,"cards_obtained":["Anger"]},{"damage_healed":0,"gold_gain":99,"player_choice":"Stole From Cult","damage_taken":0,"max_hp_gain":0,"max_hp_loss":0,"event_name":"Nest","floor":19,"gold_loss":0},{"damage_healed":0,"gold_gain":0,"player_choice":"Ignored","damage_taken":0,"max_hp_gain":0,"max_hp_loss":0,"event_name":"Duplicator","floor":20,"gold_loss":0},{"damage_healed":0,"gold_gain":0,"player_choice":"1 cards matched","damage_taken":0,"max_hp_gain":0,"max_hp_loss":0,"event_name":"Match and Keep!","floor":24,"gold_loss":0,"cards_obtained":["Regret"]}],"is_beta":false,"boss_relics":[{"not_picked":["Coffee Dripper","Runic Pyramid"],"picked":"Tiny House"}],"items_purged_floors":[12,23],"is_endless":false,"potions_floor_spawned":[1,5,7,14,21,22,25,29],"killed_by":"Automaton","ascension_level":0}}