{"host":"87fdiiwflhrwsj8a","time":1608585436,"event":{"mods":["Aspiration","BaseMod","Better Match","Better Third Choice","BetterRewards","Colored Map","Downfall","GifTheSpireLib","Infinite Spire","Minty Spire (QoL Compilation)","Relic Sorter","Replay The Spire","Robot Space Explorer","StSLib","Stuff the Spire","The Cursed"],"gold_per_floor":[111,125,125,125,144,144,173,188,239,239,251,251,210,245,245,322,322,341,341,341,341,358,358,389,437,491,491,63,76,76,93,93,180,180,192,192,192,203,203,244,244,283,307,318,318,353,353,373,373,483,487,487],"floor_reached":51,"playtime":2617,"items_purged":["ReplayTheSpireMod:Splinters"],"score":2325,"play_id":"c6ea85c4-090d-41cf-a983-960df8f4a428","local_time":"20201221161716","is_ascension_mode":true,"campfire_choices":[{"data":"Seeing Red","floor":6.0,"key":"SMITH"},{"floor":15,"key":"DIG"},{"floor":23,"key":"DIG"},{"floor":30,"key":"DIG"},{"floor":32,"key":"DIG"},{"floor":41,"key":"DIG"},{"floor":49,"key":"DIG"}],"circlet_count":0,"master_deck":["AscendersBane","Strike_R","Strike_R","Strike_R","Strike_R","Strike_R","Defend_R","Defend_R","Defend_R","Defend_R","Bash","Seeing Red+1","StuffTheSpire:Slingshot","Heavy Blade","Sword Boomerang","Twin Strike","Replay:Undeath\u0027s Touch","Thunderclap","Demon Form","Uppercut","Sword Boomerang","infinitespire:FutureSight","Pummel","Flex+1","Offering","ReplayTheSpireMod:Faulty Equipment","Pain","Perfected Strike","StuffTheSpire:CopiaOfFamine","CommonCold","Rage","Pommel Strike","Demon Form","Flex+1","Shame","Enlightenment","Rupture","Flex+1","Pummel","Twin Strike","StuffTheSpire:Slingshot","Flex+1","Disarm","StuffTheSpire:TitanForm","Pommel Strike","Limit Break"],"relics":["Black Blood","StuffTheSpire:Gunfinga","Prayer Wheel","Ice Cream","infinitespire:Joker Card","StuffTheSpire:HeavyRock","Lee\u0027s Waffle","ClockworkSouvenir","Medical Kit","Gremlin Horn","Champion Belt","Gremlin Food","Spirit Poop","Shovel","Divine Protection","Turnip","Replay:Ancient Bell","Anchor","infinitespire:Bottled Soul","FossilizedHelix","infinitespire:Midas Blood","Boot","Toy Ornithopter","War Paint","StuffTheSpire:Wildfire","Replay:Baseball","Another Sword","Torii","StuffTheSpire:GrapeVine","Self Forming Clay","ReplayTheSpireMod:Spearhead","Replay:Mystery Machine","Vajra","Bag of Marbles","aspiration:Lifesprig"],"acts_visited":["Exordium","TheCity","TheBeyond"],"potions_floor_usage":[24,46],"damage_taken":[{"damage":0.0,"enemies":"Cultist","floor":1.0,"turns":3.0},{"damage":2.0,"enemies":"2 Louse","floor":2.0,"turns":2.0},{"damage":4.0,"enemies":"Jaw Worm","floor":5.0,"turns":2.0},{"damage":24.0,"enemies":"3 Sentries","floor":7.0,"turns":6.0},{"damage":6,"enemies":"Exordium Thugs","floor":8,"turns":3},{"damage":5,"enemies":"Blue Slaver","floor":11,"turns":3},{"damage":8,"enemies":"Gremlin Nob","floor":14,"turns":3},{"damage":0,"enemies":"Fading Forest","floor":16,"turns":10},{"damage":15,"enemies":"Shell Parasite","floor":18,"turns":4},{"damage":0,"enemies":"2 Thieves","floor":22,"turns":2},{"damage":18,"enemies":"Chosen and Byrds","floor":24,"turns":3},{"damage":7,"enemies":"Nightmare","floor":25,"turns":6},{"damage":3,"enemies":"Centurion and Healer","floor":29,"turns":5},{"damage":0,"enemies":"Sentry and Sphere","floor":31,"turns":3},{"damage":7,"enemies":"Collector","floor":33,"turns":4},{"damage":0,"enemies":"3 Darklings","floor":35,"turns":3},{"damage":0,"enemies":"Orb Walker","floor":38,"turns":2},{"damage":16,"enemies":"Giant Head","floor":40,"turns":5},{"damage":4,"enemies":"Nightmare","floor":42,"turns":6},{"damage":0,"enemies":"3 Darklings","floor":44,"turns":3},{"damage":6,"enemies":"Nemesis","floor":46,"turns":5},{"damage":47,"enemies":"Transient","floor":48,"turns":6},{"damage":78,"enemies":"infinitespire:MassOfShapes","floor":50,"turns":6},{"damage":21,"enemies":"Replay:Hell Engine","floor":51,"turns":3}],"seed_played":"-3538144666180680431","potions_obtained":[{"floor":1.0,"key":"SpeedPotion"},{"floor":7.0,"key":"FairyPotion"},{"floor":11,"key":"champ:CounterPotion"},{"floor":16,"key":"BloodPotion"},{"floor":25,"key":"Weak Potion"},{"floor":42,"key":"Swift Potion"},{"floor":50,"key":"Weak Potion"}],"is_trial":false,"path_per_floor":["M","M","?","$","M","R","E","M","T","?","M","AVR","$","E","R_BF","B",null,"M","?","?","?","M","R","M","NM","T","?","$","M","R","M","R_BF","B",null,"M","?","AVR","M","?","E","R","NM","T","M","T","E","$","M","R","B","B"],"character_chosen":"IRONCLAD","items_purchased":["StuffTheSpire:Gunfinga","StuffTheSpire:HeavyRock","Seeing Red","Lee\u0027s Waffle","ClockworkSouvenir","Medical Kit","Gremlin Horn","Pummel","StuffTheSpire:Wildfire","Enlightenment"],"campfire_rested":0,"item_purchase_floors":[0,0,0,0,0,0,0,13,28,28],"current_hp_per_floor":[82,82,82,82,82,82,64,64,64,64,65,65,65,63,63,69,79,70,70,45,45,51,51,55,54,54,54,54,57,57,63,63,62,77,82,82,82,82,82,78,78,82,82,82,82,82,82,47,47,16,0,0],"gold":487,"neow_bonus":"","is_daily":false,"chose_seed":false,"campfire_upgraded":1,"win_rate":0.0,"timestamp":1608585436,"path_taken":["M","?","?","$","?","R","E","M","T","?","M","AVR","?","E","R_BF","BOSS","M","?","?","?","?","R","M","NM","T","?","$","M","R","M","R_BF","BOSS","M","?","AVR","M","?","E","R","NM","T","?","?","E","$","M","R","BOSS","BOSS"],"items_purchased_type":["Relic","Relic","Card","Relic","Relic","Relic","Relic","Card","Relic","Card"],"build_version":"2020-12-13","purchased_purges":1,"victory":false,"max_hp_per_floor":[82,82,82,82,82,82,82,82,82,82,82,82,82,82,82,82,82,82,82,82,82,82,82,82,82,82,82,82,82,82,82,82,82,82,82,82,82,82,82,82,82,82,82,82,82,82,82,82,82,82,82,82],"card_choices":[{"not_picked":["Shrug It Off","Infernal Blade"],"picked":"StuffTheSpire:Slingshot","floor":1.0},{"not_picked":["Anger","ReplayTheSpireMod:Corrosion Curse","StuffTheSpire:RagingBull"],"picked":"SKIP","floor":1.0},{"not_picked":["Fire Breathing","Body Slam"],"picked":"Heavy Blade","floor":2.0},{"not_picked":["Burning Pact","Dark Embrace","ReplayTheSpireMod:Corrosion Curse"],"picked":"SKIP","floor":2.0},{"not_picked":["Body Slam","Replay:Many Hands"],"picked":"Sword Boomerang","floor":5.0},{"not_picked":["Clash","StuffTheSpire:RockThrow"],"picked":"Twin Strike","floor":5.0},{"not_picked":["ReplayTheSpireMod:Strike From Hell","Dropkick"],"picked":"Replay:Undeath\u0027s Touch","floor":7.0},{"not_picked":["Infernal Blade","Burning Pact"],"picked":"Thunderclap","floor":8},{"not_picked":["Clash","Run Through"],"picked":"Demon Form","floor":8},{"not_picked":["ReplayTheSpireMod:Limb From Limb","Havoc"],"picked":"Uppercut","floor":11},{"not_picked":["StuffTheSpire:RagingBull","StuffTheSpire:Incineration"],"picked":"Sword Boomerang","floor":11},{"not_picked":["Carnage","Brutality"],"picked":"Flex","floor":14},{"not_picked":["Bludgeon","Corruption"],"picked":"Offering","floor":16},{"not_picked":["StuffTheSpire:WarCurse","ReplayTheSpireMod:Splinters"],"picked":"ReplayTheSpireMod:Faulty Equipment","floor":17},{"not_picked":["Normality","ReplayTheSpireMod:Restless Dread"],"picked":"Pain","floor":17},{"not_picked":["StuffTheSpire:CuriosityCurse","CurseOfTheBell"],"picked":"ReplayTheSpireMod:Splinters","floor":17},{"not_picked":["Flame Barrier","Massacre"],"picked":"Perfected Strike","floor":18},{"not_picked":["StuffTheSpire:Incineration","Rampage+1","Searing Blow"],"picked":"SKIP","floor":18},{"not_picked":["Iron Wave","Headbutt"],"picked":"Rage","floor":22},{"not_picked":["Shockwave","Headbutt"],"picked":"Pommel Strike","floor":22},{"not_picked":["Rampage","Massacre"],"picked":"Demon Form","floor":24},{"not_picked":["Wild Strike","ReplayTheSpireMod:Strike From Hell"],"picked":"Flex","floor":24},{"not_picked":["Eclipse","Defy Death","Infernal Blade"],"picked":"SKIP","floor":25},{"not_picked":["Clothesline+1","Heavy Blade"],"picked":"Rupture","floor":29},{"not_picked":["Clash","Run Through"],"picked":"Flex+1","floor":29},{"not_picked":["Wild Strike","Sentinel"],"picked":"Pummel","floor":31},{"not_picked":["Feel No Pain","Wild Strike"],"picked":"Twin Strike","floor":31},{"not_picked":["Abandon+1","Havoc","Warcry"],"picked":"SKIP","floor":35},{"not_picked":["Clash","StuffTheSpire:RockThrow","Whirlwind"],"picked":"SKIP","floor":35},{"not_picked":["ReplayTheSpireMod:Stacked","Clothesline"],"picked":"StuffTheSpire:Slingshot","floor":38},{"not_picked":["True Grit","Armaments","ReplayTheSpireMod:LeadingStrike"],"picked":"SKIP","floor":38},{"not_picked":["Dropkick","Bludgeon"],"picked":"Flex+1","floor":40},{"not_picked":["StuffTheSpire:BloodClot+1","Body Slam","Cleave"],"picked":"SKIP","floor":42},{"not_picked":["Blood for Blood","Body Slam"],"picked":"Disarm","floor":44},{"not_picked":["Havoc","StuffTheSpire:RockThrow","True Grit"],"picked":"SKIP","floor":44},{"not_picked":["Pommel Strike+1","Intimidate+1","Defy Death"],"picked":"SKIP","floor":46},{"not_picked":["Replay:Undeath\u0027s Touch+1","Dropkick"],"picked":"StuffTheSpire:TitanForm","floor":48},{"not_picked":["Anger","Cleave"],"picked":"Pommel Strike","floor":48},{"not_picked":["Demon Form","Double Tap"],"picked":"Limit Break","floor":50}],"player_experience":2608332,"relics_obtained":[{"floor":7.0,"key":"Champion Belt"},{"floor":9,"key":"Gremlin Food"},{"floor":14,"key":"Divine Protection"},{"floor":15,"key":"Turnip"},{"floor":23,"key":"Boot"},{"floor":25,"key":"Toy Ornithopter"},{"floor":26,"key":"War Paint"},{"floor":30,"key":"Replay:Baseball"},{"floor":32,"key":"Another Sword"},{"floor":40,"key":"StuffTheSpire:GrapeVine"},{"floor":41,"key":"Self Forming Clay"},{"floor":42,"key":"ReplayTheSpireMod:Spearhead"},{"floor":43,"key":"Replay:Mystery Machine"},{"floor":45,"key":"Vajra"},{"floor":46,"key":"Bag of Marbles"},{"floor":49,"key":"aspiration:Lifesprig"}],"event_choices":[{"damage_healed":0.0,"max_hp_gain":0.0,"max_hp_loss":0.0,"gold_gain":0.0,"event_name":"Wheel of Change","player_choice":"Cursed","floor":3.0,"gold_loss":0.0,"damage_taken":0.0,"cards_obtained":["Decay"]},{"cards_removed":["Decay"],"damage_healed":0,"gold_gain":0,"player_choice":"Offered Curse","damage_taken":0,"relics_obtained":["Spirit Poop"],"max_hp_gain":0,"max_hp_loss":0,"event_name":"Bonfire Elementals","floor":10,"gold_loss":0},{"damage_healed":0,"gold_gain":0,"player_choice":"Got Potions","damage_taken":0,"max_hp_gain":0,"max_hp_loss":0,"event_name":"Lab","floor":39,"gold_loss":0}],"is_beta":false,"boss_relics":[{"not_picked":["Philosopher\u0027s Stone","ReplayTheSpireMod:DimensionalGlitch"],"picked":"Replay:Ancient Bell"},{"not_picked":["Replay:Wax Seal","Red Skull"],"picked":"Anchor"},{"not_picked":["infinitespire:BottledMercury","Mirror"],"picked":"infinitespire:Bottled Soul"},{"not_picked":["Replay:Multitool","Mango"],"picked":"FossilizedHelix"},{"not_picked":["Pandora\u0027s Box","Replay:Grab Bag"],"picked":"Black Blood"}],"items_purged_floors":[37],"is_endless":true,"potions_floor_spawned":[1,7,11,16,22,25,33,38,42,44,50],"killed_by":"Replay:Hell Engine","ascension_level":20}}