{"host":"tpbmol9dayg75a5s","time":1608511923,"event":{"mods":["2.2 Compatiblity","BaseMod","Bestiary","Block Reminder","Colored Powertips","Downfall","Minty Spire (QoL Compilation)","Relic Stats","StSLib"],"gold_per_floor":[99,14,41,41,41,55,78,106,106,31,41,55,40,59,71,71,71],"floor_reached":16,"playtime":1186,"items_purged":[],"score":154,"play_id":"3c63e882-5365-40a4-8e80-3517d3cb1e05","local_time":"20201220215203","is_ascension_mode":true,"campfire_choices":[{"floor":1,"key":"RECALL"},{"data":"Guardian:CrystalBeam","floor":4,"key":"SMITH"},{"data":"Guardian:ArmoredProtocol","floor":10,"key":"SMITH"}],"circlet_count":0,"master_deck":["Guardian:Strike_Guardian","Guardian:Strike_Guardian","Guardian:Strike_Guardian","Guardian:Strike_Guardian","Guardian:Defend_Guardian","Guardian:Defend_Guardian","Guardian:Defend_Guardian","Guardian:Defend_Guardian","Guardian:CurlUp","Guardian:TwinSlam","Guardian:GemFinder","Guardian:CrystalBeam+1","Guardian:ArmoredProtocol+1","Guardian:Clone","Guardian:Gem_Synthetic","Guardian:Gem_Red","Guardian:CrystalBeam","Guardian:Recover","Guardian:FuturePlans","Guardian:TemporalShield","Guardian:BronzeOrb","Guardian:PrismaticBeam"],"relics":["Guardian:ModeShifter","Bag of Marbles","Strawberry","Juzu Bracelet","downfall:BrokenWingStatue","downfall:HeartBlessingRed"],"acts_visited":["Exordium"],"potions_floor_usage":[8,16,16],"damage_taken":[{"damage":0,"enemies":"downfall:FleeingMerchant","floor":2,"turns":4},{"damage":35,"enemies":"3 Sentries","floor":3,"turns":14},{"damage":3,"enemies":"Small Slimes","floor":6,"turns":4},{"damage":24,"enemies":"Gremlin Nob","floor":8,"turns":5},{"damage":2,"enemies":"2 Louse","floor":11,"turns":2},{"damage":3,"enemies":"Jaw Worm","floor":12,"turns":3},{"damage":0,"enemies":"downfall:FleeingMerchant","floor":13,"turns":4},{"damage":9,"enemies":"Red Slaver","floor":14,"turns":5},{"damage":2,"enemies":"Blue Slaver","floor":15,"turns":4},{"damage":5,"enemies":"downfall:Silent","floor":16,"turns":4}],"seed_played":"6486405845355702419","potions_obtained":[{"floor":3,"key":"Fire Potion"},{"floor":12,"key":"champ:CounterPotion"},{"floor":14,"key":"Dexterity Potion"}],"is_trial":false,"path_per_floor":["R","$","E","R","?","M","T","E","?","R","M","M","$","M","M","B"],"character_chosen":"GUARDIAN","items_purchased":["Guardian:ArmoredProtocol"],"campfire_rested":0,"item_purchase_floors":[2],"current_hp_per_floor":[72,72,37,37,37,34,41,17,17,17,15,12,12,3,1,0,0],"gold":71,"neow_bonus":"ONE_RANDOM_RARE_CARD","is_daily":false,"chose_seed":false,"campfire_upgraded":2,"win_rate":0.0,"timestamp":1608511923,"path_taken":["R","$","E","R","?","M","T","E","?","R","M","M","$","M","M","BOSS"],"items_purchased_type":["Card"],"build_version":"2020-12-13","purchased_purges":0,"victory":false,"max_hp_per_floor":[80,80,80,80,80,80,87,87,87,87,87,87,87,87,87,87,87],"relic_stats":{"counters":[10,49],"Juzu Bracelet":0,"obtain_stats":[{"downfall:BrokenWingStatue":9,"downfall:HeartBlessingRed":10,"Strawberry":7,"Guardian:ModeShifter":0,"Bag of Marbles":3,"Juzu Bracelet":8},{"downfall:BrokenWingStatue":4,"downfall:HeartBlessingRed":4,"Strawberry":3,"Guardian:ModeShifter":0,"Bag of Marbles":2,"Juzu Bracelet":4},{"downfall:BrokenWingStatue":27,"downfall:HeartBlessingRed":27,"Strawberry":22,"Guardian:ModeShifter":0,"Bag of Marbles":18,"Juzu Bracelet":27}]},"card_choices":[{"not_picked":["Guardian:Preprogram","Guardian:Reroute"],"picked":"Guardian:CrystalBeam","floor":2},{"not_picked":["Guardian:Gem_Red","Guardian:Gem_Lightblue"],"picked":"Guardian:Gem_Cyan","floor":3},{"not_picked":["Guardian:EvasiveProtocol","Guardian:BronzeOrb"],"picked":"Guardian:Clone","floor":3},{"not_picked":["Guardian:Gem_Red","Guardian:Gem_Lightblue"],"picked":"Guardian:Gem_Cyan","floor":6},{"not_picked":["Guardian:RollAttack","Guardian:ChargeCore"],"picked":"Guardian:Gem_Synthetic","floor":6},{"not_picked":["Guardian:Gem_Cyan","Guardian:Gem_Green"],"picked":"Guardian:Gem_Red","floor":8},{"not_picked":["Guardian:DecasProtection","Guardian:BronzeArmor"],"picked":"Guardian:CrystalBeam","floor":8},{"not_picked":["Guardian:Emergency","Guardian:Gem_Fragmented"],"picked":"Guardian:Recover","floor":11},{"not_picked":["Guardian:RollAttack","Guardian:Gem_Fragmented"],"picked":"Guardian:FuturePlans","floor":12},{"not_picked":["Guardian:ShieldCharger","Guardian:ArmoredProtocol"],"picked":"Guardian:TemporalShield","floor":13},{"not_picked":["Guardian:PrimingBeam","Guardian:TemporalShield"],"picked":"Guardian:BronzeOrb","floor":14},{"not_picked":["Guardian:Gem_Synthetic","Guardian:PolyBeam"],"picked":"Guardian:PrismaticBeam","floor":15}],"player_experience":955781,"relics_obtained":[{"floor":3,"key":"Bag of Marbles"},{"floor":7,"key":"Strawberry"},{"floor":8,"key":"Juzu Bracelet"}],"event_choices":[],"is_beta":false,"boss_relics":[],"items_purged_floors":[],"is_endless":false,"potions_floor_spawned":[3,12,14],"killed_by":"downfall:Silent","ascension_level":8}}