{"host":"78zdngn0u28jm0pp","time":1608527504,"event":{"mods":["BaseMod","Jorbs\u0027s Wanderer Trilogy","Minty Spire (QoL Compilation)","Permanent Neow","Quick Restart","Relic Stats","StSLib","Unceasing Turn Reminder"],"gold_per_floor":[112,122,140,154,154,197,197,210,234,34,34,34,58,76,76,76,76],"floor_reached":16,"playtime":1461,"items_purged":[],"score":208,"play_id":"defebcb6-a231-4ab8-812c-abf42a2ecca2","local_time":"20201220221144","is_ascension_mode":true,"campfire_choices":[{"data":"A Thousand Cuts","floor":7,"key":"SMITH"},{"floor":11,"key":"REST"},{"data":"Noxious Fumes","floor":15,"key":"SMITH"}],"circlet_count":0,"master_deck":["AscendersBane","Strike_G","Strike_G","Strike_G","Strike_G","Strike_G","Defend_G","Defend_G","Defend_G","Defend_G","Defend_G","Survivor","Neutralize","Acrobatics","Dash","A Thousand Cuts+1","Slice","Calculated Gamble","Slice","Tactician","Noxious Fumes+1","Eviscerate","Escape Plan"],"relics":["Philosopher\u0027s Stone","Golden Idol","FossilizedHelix","Juzu Bracelet"],"acts_visited":["Exordium"],"potions_floor_usage":[4,6,14,16],"damage_taken":[{"damage":6,"enemies":"Cultist","floor":1,"turns":6},{"damage":0,"enemies":"Small Slimes","floor":2,"turns":4},{"damage":0,"enemies":"2 Louse","floor":3,"turns":3},{"damage":15,"enemies":"Exordium Thugs","floor":4,"turns":6},{"damage":17,"enemies":"3 Sentries","floor":6,"turns":7},{"damage":4,"enemies":"3 Louse","floor":8,"turns":4},{"damage":0,"enemies":"Red Slaver","floor":13,"turns":2},{"damage":14,"enemies":"Exordium Thugs","floor":14,"turns":3},{"damage":13,"enemies":"Hexaghost","floor":16,"turns":9}],"seed_played":"-2583563607088253204","potions_obtained":[{"floor":1,"key":"FairyPotion"},{"floor":2,"key":"GamblersBrew"},{"floor":3,"key":"Swift Potion"},{"floor":12,"key":"Weak Potion"},{"floor":12,"key":"Dexterity Potion"}],"is_trial":false,"path_per_floor":["M","M","M","M","?","E","R","M","T","$","R","?","M","M","R","B"],"character_chosen":"THE_SILENT","items_purchased":["Tactician","Noxious Fumes","Eviscerate"],"campfire_rested":1,"item_purchase_floors":[10,10,10],"current_hp_per_floor":[53,53,53,38,38,21,21,17,17,17,35,35,35,21,21,8,8],"gold":76,"neow_bonus":"BOSS_RELIC","is_daily":false,"chose_seed":false,"campfire_upgraded":2,"win_rate":0.0,"timestamp":1608527504,"path_taken":["M","M","M","?","?","E","R","M","T","$","R","?","M","M","R","BOSS"],"items_purchased_type":["Card","Card","Card"],"build_version":"2020-12-13","purchased_purges":0,"victory":false,"max_hp_per_floor":[66,66,66,66,60,60,60,60,60,60,60,60,60,60,60,60,60],"relic_stats":{"counters":[9,44],"Golden Idol":21,"Juzu Bracelet":0,"obtain_stats":[{"Golden Idol":5,"Philosopher\u0027s Stone":0,"Juzu Bracelet":9,"FossilizedHelix":6,"Ring of the Snake":0},{"Golden Idol":4,"Philosopher\u0027s Stone":0,"Juzu Bracelet":6,"FossilizedHelix":5,"Ring of the Snake":0},{"Golden Idol":19,"Philosopher\u0027s Stone":0,"Juzu Bracelet":30,"FossilizedHelix":26,"Ring of the Snake":0}]},"card_choices":[{"not_picked":["Catalyst","PiercingWail"],"picked":"Acrobatics","floor":1},{"not_picked":["Flying Knee","Outmaneuver"],"picked":"Dash","floor":2},{"not_picked":["Poisoned Stab","Deadly Poison"],"picked":"A Thousand Cuts","floor":3},{"not_picked":["Deadly Poison","Deflect"],"picked":"Slice","floor":4},{"not_picked":["Deadly Poison","All Out Attack"],"picked":"Calculated Gamble","floor":6},{"not_picked":["Calculated Gamble","Bane"],"picked":"Slice","floor":8},{"not_picked":["Prepared","Deadly Poison"],"picked":"Escape Plan","floor":13},{"not_picked":["Infinite Blades","Deadly Poison","Underhanded Strike"],"picked":"SKIP","floor":14}],"player_experience":660567,"relics_obtained":[{"floor":6,"key":"FossilizedHelix"},{"floor":9,"key":"Juzu Bracelet"}],"event_choices":[{"damage_healed":0,"gold_gain":0,"player_choice":"Lose Max HP","damage_taken":0,"relics_obtained":["Golden Idol"],"max_hp_gain":0,"max_hp_loss":6,"event_name":"Golden Idol","floor":5,"gold_loss":0},{"damage_healed":0,"gold_gain":0,"player_choice":"Got Potions","damage_taken":0,"max_hp_gain":0,"max_hp_loss":0,"event_name":"Lab","floor":12,"gold_loss":0}],"is_beta":false,"boss_relics":[],"items_purged_floors":[],"is_endless":false,"potions_floor_spawned":[1,2,3],"killed_by":"Hexaghost","ascension_level":20}}