{"host":"7l2t4psy44vpcd9q","time":1608560870,"event":{"mods":["AchievementEnabler","BaseMod","DeckTracker","Minty Spire (QoL Compilation)","SuperFastMode"],"gold_per_floor":[110,129,129,129,129,129,163,163,245,278,278,278,288,319,319,390,390,367,367,124,174,194,194,220,220,220,220,135,135,165,182,182,182,182],"floor_reached":33,"playtime":961,"items_purged":["Defend_B"],"score":725,"play_id":"630abf8d-8e20-483d-903c-035ae0c6764d","local_time":"20201221232750","is_ascension_mode":true,"campfire_choices":[{"data":"Coolheaded","floor":6.0,"key":"SMITH"},{"data":"Ball Lightning","floor":8.0,"key":"SMITH"},{"data":"Streamline","floor":11.0,"key":"SMITH"},{"data":"Double Energy","floor":15.0,"key":"SMITH"},{"data":"Stack","floor":23.0,"key":"SMITH"},{"data":"Seek","floor":25.0,"key":"SMITH"},{"data":"Skim","floor":27.0,"key":"SMITH"},{"data":"Dualcast","floor":29.0,"key":"SMITH"},{"data":"Undo","floor":32.0,"key":"SMITH"}],"circlet_count":0,"master_deck":["AscendersBane","Strike_B","Strike_B","Strike_B","Strike_B","Defend_B","Defend_B","Defend_B","Zap+1","Dualcast+1","Coolheaded+1","Ball Lightning+1","Rebound","Streamline+1","BootSequence","Double Energy+1","Seek+1","Stack+1","Skim+1","Compile Driver+1","Undo+1"],"relics":["Cracked Core","NeowsBlessing","Cables","StrikeDummy","PreservedInsect","Boot","Eternal Feather","Sozu","Bag of Preparation","Anchor","Pear","Regal Pillow","Pocketwatch"],"acts_visited":["Exordium","TheCity"],"potions_floor_usage":[],"damage_taken":[{"damage":0.0,"enemies":"Jaw Worm","floor":1.0,"turns":1.0},{"damage":0.0,"enemies":"2 Louse","floor":2.0,"turns":1.0},{"damage":0.0,"enemies":"Gremlin Nob","floor":7.0,"turns":1.0},{"damage":13.0,"enemies":"3 Sentries","floor":10.0,"turns":7.0},{"damage":7.0,"enemies":"Small Slimes","floor":13.0,"turns":2.0},{"damage":20.0,"enemies":"Lagavulin","floor":14.0,"turns":3.0},{"damage":0.0,"enemies":"Slime Boss","floor":16.0,"turns":5.0},{"damage":18.0,"enemies":"2 Thieves","floor":18.0,"turns":4.0},{"damage":0.0,"enemies":"Spheric Guardian","floor":22.0,"turns":2.0},{"damage":19.0,"enemies":"Gremlin Leader","floor":24.0,"turns":5.0},{"damage":9.0,"enemies":"Slavers","floor":30.0,"turns":4.0},{"damage":14.0,"enemies":"Snecko","floor":31.0,"turns":3.0},{"damage":64,"enemies":"Collector","floor":33,"turns":5}],"seed_played":"1617444662492058244","potions_obtained":[{"floor":7.0,"key":"EntropicBrew"},{"floor":10.0,"key":"SkillPotion"}],"is_trial":false,"path_per_floor":["M","M","?","$","?","R","E","R","T","E","R","?","M","E","R","B",null,"M","?","$","?","M","R","E","R","T","R","?","R","E","M","R","B"],"character_chosen":"DEFECT","items_purchased":["Bag of Preparation"],"campfire_rested":0,"item_purchase_floors":[20],"current_hp_per_floor":[64,64,64,64,64,64,64,64,64,66,66,66,59,39,48,48,65,47,47,47,47,47,56,37,46,56,65,65,74,65,51,63,0,0],"gold":182,"neow_bonus":"THREE_ENEMY_KILL","is_daily":false,"chose_seed":false,"campfire_upgraded":9,"win_rate":0.0,"timestamp":1608560870,"path_taken":["M","M","?","$","?","R","E","R","T","E","R","?","M","E","R","BOSS","M","?","$","?","M","R","E","R","T","R","?","R","E","?","R","BOSS"],"items_purchased_type":["Relic"],"build_version":"2020-12-13","purchased_purges":1,"victory":false,"max_hp_per_floor":[71,71,71,71,71,71,71,71,71,71,71,71,71,71,71,71,71,71,71,71,71,71,71,71,71,81,81,81,81,81,81,81,81,81],"card_choices":[{"not_picked":["Loop","Leap"],"picked":"Coolheaded","floor":1.0},{"not_picked":["Reprogram","Compile Driver"],"picked":"Ball Lightning","floor":2.0},{"not_picked":["Steam","Hologram"],"picked":"Rebound","floor":7.0},{"not_picked":["Darkness","Ball Lightning"],"picked":"Streamline","floor":10.0},{"not_picked":["Storm","Sweeping Beam"],"picked":"BootSequence","floor":13.0},{"not_picked":["Steam","Heatsinks"],"picked":"Double Energy","floor":14.0},{"not_picked":["Multi-Cast","Hyperbeam"],"picked":"Seek","floor":16.0},{"not_picked":["Rebound","Gash"],"picked":"Stack","floor":18.0},{"not_picked":["Go for the Eyes","Stack","Sweeping Beam"],"picked":"SKIP","floor":22.0},{"not_picked":["Tempest","Heatsinks","Rebound"],"picked":"SKIP","floor":24.0},{"not_picked":["Ball Lightning","Rainbow"],"picked":"Compile Driver+1","floor":30.0},{"not_picked":["Conserve Battery","Coolheaded"],"picked":"Undo","floor":31.0}],"player_experience":1116886,"relics_obtained":[{"floor":7.0,"key":"Cables"},{"floor":9.0,"key":"StrikeDummy"},{"floor":10.0,"key":"PreservedInsect"},{"floor":12.0,"key":"Boot"},{"floor":14.0,"key":"Eternal Feather"},{"floor":24.0,"key":"Anchor"},{"floor":26.0,"key":"Pear"},{"floor":30.0,"key":"Pocketwatch"}],"event_choices":[{"damage_healed":0.0,"max_hp_gain":0.0,"max_hp_loss":0.0,"gold_gain":0.0,"event_name":"Living Wall","player_choice":"Grow","floor":3.0,"gold_loss":0.0,"damage_taken":0.0,"cards_upgraded":["Zap"]},{"damage_healed":0.0,"max_hp_gain":0.0,"max_hp_loss":0.0,"gold_gain":0.0,"event_name":"Liars Game","player_choice":"Ignored","floor":5.0,"gold_loss":0.0,"damage_taken":0.0},{"damage_healed":0.0,"max_hp_gain":0.0,"max_hp_loss":0.0,"gold_gain":0.0,"event_name":"Wheel of Change","player_choice":"Relic","floor":12.0,"gold_loss":0.0,"damage_taken":0.0},{"damage_healed":0.0,"max_hp_gain":0.0,"max_hp_loss":0.0,"gold_gain":0.0,"event_name":"The Library","player_choice":"Read","floor":19.0,"gold_loss":0.0,"damage_taken":0.0,"cards_obtained":["Skim"]},{"damage_healed":0.0,"max_hp_gain":0.0,"max_hp_loss":0.0,"gold_gain":50.0,"event_name":"Nest","player_choice":"Stole From Cult","floor":21.0,"gold_loss":0.0,"damage_taken":0.0},{"damage_healed":0.0,"max_hp_gain":0.0,"max_hp_loss":0.0,"gold_gain":0.0,"event_name":"Addict","player_choice":"Obtained Relic","floor":28.0,"gold_loss":85.0,"damage_taken":0.0,"relics_obtained":["Regal Pillow"]}],"is_beta":false,"boss_relics":[{"not_picked":["FrozenCore","SlaversCollar"],"picked":"Sozu"}],"items_purged_floors":[20],"is_endless":false,"potions_floor_spawned":[7,10,14,22,24],"killed_by":"Collector","ascension_level":19}}