{"host":"mg3e76uznu9x14du","time":1608536180,"event":{"mods":["BaseMod","Colored Map","Downfall","Minty Spire (QoL Compilation)","Permanent Neow","Relic Stats","StSLib","Waifu the Spire","everything is the same but u backflip on backflip"],"gold_per_floor":[99,128,65,87,125,150,237,174,202,247,709,140,140,159,169,169,169,169],"floor_reached":16,"playtime":854,"items_purged":[],"score":132,"play_id":"fd86a573-b666-4549-baa2-84ce6b115aee","local_time":"20201221023620","is_ascension_mode":true,"campfire_choices":[{"floor":1,"key":"RECALL"},{"data":"champ:Taunt","floor":3,"key":"SMITH"},{"floor":8,"key":"REST"}],"circlet_count":0,"master_deck":["champ:Strike","champ:Strike","champ:Strike","champ:Defend","champ:Defend","champ:Defend","champ:Defend","champ:Execute","champ:Taunt+1","champ:Riposte","champ:Encircle","champ:Backstep","champ:BerserkersShout","champ:StanceDance","champ:FaceSlap","Slimebound:Icky","Slimebound:Icky","Slimebound:Icky","champ:DefensiveShout","champ:TornadoPunch","champ:StanceDance","champ:FanOfKnives","champ:CrookedStrike","champ:EnchantCrown","champ:SteelEdge","champ:FlashCut","champ:RecklessLeap"],"relics":["champ:ChampionCrown","Bronze Scales","MawBank","downfall:HeartBlessingRed","Toy Ornithopter","downfall:HeartBlessingBlue","Juzu Bracelet","Frozen Egg 2","Regal Pillow","Orrery"],"acts_visited":["Exordium"],"potions_floor_usage":[14,14,16],"damage_taken":[{"damage":69,"enemies":"Lagavulin","floor":2,"turns":10},{"damage":5,"enemies":"Cultist","floor":4,"turns":4},{"damage":29,"enemies":"Gremlin Nob","floor":5,"turns":4},{"damage":9,"enemies":"Small Slimes","floor":6,"turns":3},{"damage":4,"enemies":"Jaw Worm","floor":9,"turns":2},{"damage":59,"enemies":"Lagavulin","floor":10,"turns":7},{"damage":8,"enemies":"downfall:FleeingMerchant","floor":12,"turns":4},{"damage":17,"enemies":"3 Louse","floor":14,"turns":2},{"damage":23,"enemies":"Blue Slaver","floor":15,"turns":3},{"damage":29,"enemies":"downfall:Defect","floor":16,"turns":4}],"seed_played":"-7770122762417097876","potions_obtained":[{"floor":4,"key":"Regen Potion"},{"floor":5,"key":"ColorlessPotion"},{"floor":6,"key":"champ:UltimateStancePotion"},{"floor":15,"key":"Energy Potion"}],"is_trial":false,"path_per_floor":["R","E","R","M","E","M","T","R","M","E","?","$","?","M","M","B"],"character_chosen":"THE_CHAMP","items_purchased":["Frozen Egg 2","Regal Pillow","Orrery"],"campfire_rested":1,"item_purchase_floors":[12,12,12],"current_hp_per_floor":[90,41,41,39,19,19,19,59,59,25,25,25,25,30,17,0,0,0],"gold":169,"neow_bonus":"RANDOM_COMMON_RELIC","is_daily":false,"chose_seed":false,"campfire_upgraded":1,"win_rate":0.0,"timestamp":1608536180,"path_taken":["R","E","R","?","E","M","T","R","M","E","?","$","?","M","M","BOSS"],"items_purchased_type":["Relic","Relic","Relic"],"build_version":"2020-12-13","purchased_purges":0,"victory":false,"max_hp_per_floor":[90,90,90,90,90,90,90,100,100,100,100,100,100,100,100,100,100,100],"relic_stats":{"Regal Pillow":0,"counters":[10,43],"Bronze Scales":[64],"Juzu Bracelet":0,"MawBank":120,"obtain_stats":[{"Regal Pillow":12,"downfall:HeartBlessingRed":3,"downfall:HeartBlessingBlue":8,"Bronze Scales":0,"Orrery":12,"champ:ChampionCrown":0,"Juzu Bracelet":10,"Frozen Egg 2":12,"MawBank":2,"Toy Ornithopter":5},{"Regal Pillow":7,"downfall:HeartBlessingRed":1,"downfall:HeartBlessingBlue":4,"Bronze Scales":0,"Orrery":7,"champ:ChampionCrown":0,"Juzu Bracelet":6,"Frozen Egg 2":7,"MawBank":1,"Toy Ornithopter":3},{"Regal Pillow":34,"downfall:HeartBlessingRed":10,"downfall:HeartBlessingBlue":21,"Bronze Scales":0,"Orrery":34,"champ:ChampionCrown":0,"Juzu Bracelet":30,"Frozen Egg 2":34,"MawBank":10,"Toy Ornithopter":18}],"Toy Ornithopter":15},"card_choices":[{"not_picked":["champ:Haymaker","champ:FocusedBerserking"],"picked":"champ:Riposte","floor":2},{"not_picked":["champ:EndlessRage","champ:PerfectedStrike"],"picked":"champ:Encircle","floor":4},{"not_picked":["champ:ViciousMockery","champ:RapidStrikes"],"picked":"champ:Backstep","floor":5},{"not_picked":["champ:ShieldWall","champ:FightOn"],"picked":"champ:BerserkersShout","floor":6},{"not_picked":["champ:Riposte","champ:FalseCounter"],"picked":"champ:StanceDance","floor":9},{"not_picked":["champ:HeavySlash","champ:EnGarde"],"picked":"champ:FaceSlap","floor":10},{"not_picked":["champ:Lariat","champ:ViciousMockery"],"picked":"champ:DefensiveShout","floor":12},{"not_picked":["champ:ArenaPreparation","champ:GutPunch"],"picked":"champ:TornadoPunch","floor":12},{"not_picked":["champ:PerfectedStrike","champ:HeavySlash"],"picked":"champ:StanceDance","floor":12},{"not_picked":["champ:StanceDance","champ:Haymaker"],"picked":"champ:FanOfKnives","floor":12},{"not_picked":["champ:SwordSigil","champ:GladiatorsShout"],"picked":"champ:CrookedStrike","floor":12},{"not_picked":["champ:BladeFlurry","champ:SwordSigil"],"picked":"champ:EnchantCrown","floor":12},{"not_picked":["champ:Encircle","champ:FaceSlap"],"picked":"champ:FlashCut","floor":14},{"not_picked":["champ:PerfectedStrike","champ:Circumvent"],"picked":"champ:RecklessLeap","floor":15}],"player_experience":416864,"relics_obtained":[{"floor":2,"key":"MawBank"},{"floor":5,"key":"Toy Ornithopter"},{"floor":10,"key":"Juzu Bracelet"}],"event_choices":[{"damage_healed":0,"gold_gain":0,"cards_transformed":["champ:Strike"],"player_choice":"Transformed","damage_taken":0,"max_hp_gain":0,"max_hp_loss":0,"event_name":"Transmorgrifier","floor":13,"gold_loss":0,"cards_obtained":["champ:SteelEdge"]}],"is_beta":false,"boss_relics":[],"items_purged_floors":[],"is_endless":false,"potions_floor_spawned":[4,5,6,15],"killed_by":"downfall:Defect","ascension_level":2}}