{"host":"pew4fjlaqz7m1maf","time":1608532293,"event":{"mods":["AchievementEnabler","Act Like it!","Bartender","BaseMod","Bestiary","Booster Modes","Colored Map","Colored Powertips","Curses Come First","DeckTracker","Duelist Mod","GifTheSpireLib","Hallownest","Hero for Fun","Hyrulean Relics","Jedi Mod","Kalas","LagranYue(ùfäiòNÅEåé)","Magitek Elite","MarisaÅiñ∂âJÅ@ñÇóùçπÅj","Melee Mod","Minty Spire (QoL Compilation)","Prisma Mod","Quick Restart","Random Character Button","Rare Cards Sparkle","Relic Stats","Replay The Spire","SOSÅiézîb?îVéqÅj","StSLib","Td1madao Mod","The Animator","The Bug Knight","The Mystic","The Senshi","The Servant 0.9.4","The Wild Card","TheHero","TheWitcher","Uncapped","Waifu the Spire","Åyå˜î\ModÅz?ñæìIç≈?Boss"],"gold_per_floor":[121,121,81,81,30,30,30,0,0,0,0,0,0,0,0,0,0,0,0,0,0,0,0,0,0,0,0,0,0,0,0,0,121,121,136,136,148,165,180,180,210,228,278,290,315,335,35,35,35,65,65,65,65,65,90,114],"floor_reached":57,"playtime":7596,"items_purged":["animator:Defend"],"score":1223,"play_id":"9a48ae11-99ee-4342-bbd9-efa12e5e4f03","local_time":"20201220233133","is_ascension_mode":false,"campfire_choices":[{"data":"animator:HigakiRinne","floor":6.0,"key":"SMITH"},{"data":"animator:CowGirl","floor":10.0,"key":"SMITH"},{"data":"animator:QuestionMark","floor":12.0,"key":"SMITH"},{"data":"animator:UneriGinkaku","floor":15.0,"key":"SMITH"},{"floor":24.0,"key":"REST"},{"data":"Apotheosis","floor":32.0,"key":"SMITH"},{"data":"animator:Kazuma","floor":40.0,"key":"SMITH"},{"floor":49.0,"key":"RECALL"},{"data":"animator:HigakiRinne","floor":52.0,"key":"SMITH"}],"circlet_count":0,"master_deck":["animator:Strike_Konosuba","animator:Defend_Konosuba+1","animator:Strike","animator:Defend","animator:Defend","animator:Kazuma+1","animator:Aqua","animator:Defend_GoblinSlayer","animator:HigakiRinne+1","animator:SayakaMiki","animator:CowGirl+1","animator:QuestionMark+1","animator:Emilia","animator:Darkness","animator:Mitsuba","animator:MamiTomoe+1","animator:Mitsuba","animator:Megumin+20","animator:Lancer","animator:UneriGinkaku+1","animator:Kyubey","animator:LizardPriest+1","animator:MadokaKaname+1","animator:RinTohsaka+1","animator:Chris","Apotheosis+1","animator:UneriGinkaku","Delirium","animator:Vanir+1","animator:HomuraAkemi","animator:Kazuma+1","animator:Aqua","animator:Darkness","animator:Mitsuba+1","animator:EmiyaShirou+1","animator:Chris","animator:HigakiRinne+1","theDuelist:GravekeeperCurse","animator:HigakiRinne"],"relics":["animator:LivingPicture","animator:TheMissingPiece","LagranYue:RandomDrawCardRelic","jedi:ominousloannote","Pet Ghost","Astrolabe","Mythril_Glove","Ring of Panic","ReplayTheSpireMod:Ring of Collecting","Ring of Misfortune","Ancient Tea Set","Bottled Flame","Ring of Searing","Eternal Feather","Sozu","Gambling Chip","Ring of Greed","MealTicket","Tiny Chest","jedi:gremlinknob","Replay:Arrowhead"],"acts_visited":["Exordium","TheCity","TheBeyond","TheEnding"],"potions_floor_usage":[],"damage_taken":[{"damage":0.0,"enemies":"Cultist","floor":1.0,"turns":6.0},{"damage":0.0,"enemies":"Jaw Worm","floor":4.0,"turns":4.0},{"damage":0.0,"enemies":"Small Slimes","floor":7.0,"turns":2.0},{"damage":2.0,"enemies":"Looter","floor":8.0,"turns":3.0},{"damage":0.0,"enemies":"Large Slime","floor":11.0,"turns":9.0},{"damage":0.0,"enemies":"3 Louse","floor":14.0,"turns":3.0},{"damage":19.0,"enemies":"Hexaghost","floor":16.0,"turns":9.0},{"damage":5.0,"enemies":"Chosen","floor":18.0,"turns":5.0},{"damage":18.0,"enemies":"3 Byrds","floor":22.0,"turns":5.0},{"damage":0.0,"enemies":"Snecko","floor":25.0,"turns":5.0},{"damage":24.0,"enemies":"Gremlin Leader","floor":27.0,"turns":8.0},{"damage":4.0,"enemies":"3 Cultists","floor":30.0,"turns":4.0},{"damage":8.0,"enemies":"Snake Plant","floor":31.0,"turns":2.0},{"damage":22.0,"enemies":"Champ","floor":33.0,"turns":18.0},{"damage":14.0,"enemies":"3 Shapes","floor":35.0,"turns":3.0},{"damage":3.0,"enemies":"3 Darklings","floor":37.0,"turns":2.0},{"damage":32.0,"enemies":"Transient","floor":38.0,"turns":6.0},{"damage":7.0,"enemies":"Writhing Mass","floor":39.0,"turns":4.0},{"damage":28.0,"enemies":"Giant Head","floor":41.0,"turns":8.0},{"damage":0.0,"enemies":"Sphere and 2 Shapes","floor":42.0,"turns":2.0},{"damage":4.0,"enemies":"Jaw Worm Horde","floor":44.0,"turns":2.0},{"damage":23.0,"enemies":"HollowMod:SlobberingHusk","floor":45.0,"turns":7.0},{"damage":9.0,"enemies":"Maw","floor":46.0,"turns":8.0},{"damage":29.0,"enemies":"Awakened One","floor":50.0,"turns":15.0},{"damage":23.0,"enemies":"Shield and Spear","floor":55.0,"turns":7.0},{"damage":42,"enemies":"The Heart","floor":56,"turns":8}],"seed_played":"5617075400123417604","potions_obtained":[{"floor":7.0,"key":"Fire Potion"},{"floor":8.0,"key":"SpeedPotion"},{"floor":16.0,"key":"Weak Potion"},{"floor":18.0,"key":"Toxic Potion"},{"floor":31.0,"key":"Dexterity Potion"}],"is_trial":false,"path_per_floor":["M","?","$","M","$","R","M","M","T","R","M","R","?","M","R","B",null,"M","?","?","T","M","?","R","M","T","E","T","$","M","M","R","B",null,"M","?","M","M","M","R","E","M","T","M","M","M","$","?","R","B",null,"R","??","$","E","B",null],"character_chosen":"THE_ANIMATOR","items_purchased":["jedi:ominousloannote","animator:QuestionMark","animator:Emilia","animator:Darkness","animator:MamiTomoe+1","jedi:gremlinknob"],"campfire_rested":1,"item_purchase_floors":[3,3,3,3,5,47],"current_hp_per_floor":[66,66,66,66,66,66,66,64,64,64,66,66,66,66,66,50,67,63,63,63,63,47,47,67,68,68,44,44,44,54,57,68,48,68,58,58,55,38,45,63,43,43,43,48,43,51,66,57,68,51,68,68,68,68,50,14],"gold":114,"neow_bonus":"THREE_RARE_CARDS","is_daily":false,"chose_seed":false,"campfire_upgraded":7,"win_rate":0.0,"timestamp":1608532293,"path_taken":["M","?","$","M","$","R","M","M","T","R","?","R","?","M","R","BOSS","M","?","?","?","M","?","R","M","T","E","?","?","?","M","R","BOSS","M","?","M","M","M","R","E","M","T","M","M","?","$","?","R","BOSS","R","??","$","E","BOSS"],"items_purchased_type":["Relic","Card","Card","Card","Card","Relic"],"build_version":"2020-12-13","purchased_purges":1,"victory":true,"max_hp_per_floor":[66,66,66,66,66,66,66,66,66,66,66,66,66,66,66,67,67,68,68,68,68,68,68,68,68,68,68,68,68,68,68,68,68,68,68,68,68,68,68,68,68,68,68,68,68,68,68,68,68,68,68,68,68,68,68,68],"relic_stats":{"Sozu":2,"counters":[26,155],"Astrolabe":["animator:LizardPriest","animator:MadokaKaname","animator:RinTohsaka"],"Gambling Chip":[7],"Eternal Feather":40,"MealTicket":15,"Tiny Chest":0,"obtain_stats":[{"LagranYue:RandomDrawCardRelic":0,"animator:TheMissingPiece":0,"Astrolabe":17,"jedi:gremlinknob":47,"Eternal Feather":28,"Mythril_Glove":21,"Ring of Greed":43,"Ancient Tea Set":26,"Pet Ghost":9,"Replay:Arrowhead":55,"Ring of Searing":28,"Sozu":34,"Bottled Flame":27,"jedi:ominousloannote":3,"ReplayTheSpireMod:Ring of Collecting":23,"Ring of Misfortune":26,"Gambling Chip":41,"MealTicket":43,"Tiny Chest":43,"animator:LivingPicture":0,"Ring of Panic":23},{"LagranYue:RandomDrawCardRelic":0,"animator:TheMissingPiece":0,"Astrolabe":7,"jedi:gremlinknob":23,"Eternal Feather":11,"Mythril_Glove":8,"Ring of Greed":20,"Ancient Tea Set":10,"Pet Ghost":4,"Replay:Arrowhead":25,"Ring of Searing":11,"Sozu":14,"Bottled Flame":11,"jedi:ominousloannote":1,"ReplayTheSpireMod:Ring of Collecting":9,"Ring of Misfortune":10,"Gambling Chip":19,"MealTicket":20,"Tiny Chest":20,"animator:LivingPicture":0,"Ring of Panic":9},{"LagranYue:RandomDrawCardRelic":0,"animator:TheMissingPiece":0,"Astrolabe":36,"jedi:gremlinknob":125,"Eternal Feather":59,"Mythril_Glove":41,"Ring of Greed":108,"Ancient Tea Set":51,"Pet Ghost":15,"Replay:Arrowhead":147,"Ring of Searing":59,"Sozu":83,"Bottled Flame":59,"jedi:ominousloannote":6,"ReplayTheSpireMod:Ring of Collecting":46,"Ring of Misfortune":51,"Gambling Chip":106,"MealTicket":108,"Tiny Chest":108,"animator:LivingPicture":0,"Ring of Panic":46}]},"card_choices":[{"not_picked":["animator:Saber","animator:MadokaKaname"],"picked":"animator:HigakiRinne","floor":0.0},{"not_picked":["animator:Raven","animator:CowGirl"],"picked":"animator:SayakaMiki","floor":1.0},{"not_picked":["animator:ShinjiMatou","animator:Verdia"],"picked":"animator:Mitsuba","floor":4.0},{"not_picked":["animator:Rider","animator:Aqua"],"picked":"animator:Mitsuba","floor":7.0},{"not_picked":["animator:Kazuma","animator:Chris"],"picked":"animator:Megumin","floor":8.0},{"not_picked":["animator:Spearman","animator:Konayuki"],"picked":"animator:Lancer","floor":11.0},{"not_picked":["animator:Rider","animator:Ciel"],"picked":"animator:UneriGinkaku","floor":14.0},{"not_picked":["animator:Eve","animator:Wiz"],"picked":"animator:Kyubey","floor":16.0},{"not_picked":["animator:LizardPriest","animator:SuzuneAmano"],"picked":"animator:Chris","floor":18.0},{"not_picked":["animator:Emonzaemon","animator:Azekura"],"picked":"animator:UneriGinkaku","floor":22.0},{"not_picked":["animator:Ciel","animator:Priestess"],"picked":"animator:Vanir+1","floor":25.0},{"not_picked":["animator:Illya+1","animator:Yoichi","animator:Aisha"],"picked":"SKIP","floor":27.0},{"not_picked":["animator:DwarfShaman","animator:SakuraMatou"],"picked":"animator:Megumin","floor":30.0},{"not_picked":["animator:GoblinSlayer","animator:FeridBathory"],"picked":"animator:HomuraAkemi","floor":33.0},{"not_picked":["animator:Shichika+1","animator:Ciel+1","animator:Azekura+1"],"picked":"SKIP","floor":35.0},{"not_picked":["animator:Shinoa+1","animator:Illya"],"picked":"animator:Kazuma+1","floor":37.0},{"not_picked":["animator:Berserker+1","animator:Verdia","animator:Yuuichirou"],"picked":"SKIP","floor":38.0},{"not_picked":["animator:Vanir","animator:Mitsurugi"],"picked":"animator:Aqua","floor":39.0},{"not_picked":["animator:Shinoa+1","animator:Mitsuba+1"],"picked":"animator:Darkness","floor":41.0},{"not_picked":["animator:Konayuki","animator:YachiyoNanami+1"],"picked":"animator:Mitsuba+1","floor":42.0},{"not_picked":["animator:Witch+1","animator:UneriGinkaku+1"],"picked":"animator:EmiyaShirou+1","floor":44.0},{"not_picked":["animator:Verdia","animator:Vanir"],"picked":"animator:Chris","floor":45.0},{"not_picked":["animator:Rena+1","animator:Priestess+1","animator:HighElfArcher+1"],"picked":"SKIP","floor":46.0},{"not_picked":["animator:KyokoSakura","animator:Yuuichirou"],"picked":"animator:HigakiRinne","floor":55.0}],"player_experience":63721,"relics_obtained":[{"floor":9.0,"key":"Pet Ghost"},{"floor":21.0,"key":"Mythril_Glove"},{"floor":23.0,"key":"Ring of Panic"},{"floor":23.0,"key":"ReplayTheSpireMod:Ring of Collecting"},{"floor":26.0,"key":"Ring of Misfortune"},{"floor":26.0,"key":"Ancient Tea Set"},{"floor":27.0,"key":"Bottled Flame"},{"floor":28.0,"key":"Ring of Searing"},{"floor":28.0,"key":"Eternal Feather"},{"floor":41.0,"key":"Gambling Chip"},{"floor":43.0,"key":"Ring of Greed"},{"floor":43.0,"key":"MealTicket"},{"floor":43.0,"key":"Tiny Chest"},{"floor":55.0,"key":"Replay:Arrowhead"}],"event_choices":[{"damage_healed":0.0,"max_hp_gain":0.0,"max_hp_loss":0.0,"gold_gain":0.0,"event_name":"Match and Keep!","player_choice":"1 cards matched","floor":2.0,"gold_loss":0.0,"damage_taken":0.0,"cards_obtained":["animator:CowGirl"]},{"damage_healed":0.0,"max_hp_gain":0.0,"max_hp_loss":0.0,"gold_gain":0.0,"event_name":"Living Wall","player_choice":"Grow","floor":13.0,"gold_loss":0.0,"damage_taken":0.0,"cards_upgraded":["animator:Defend_Konosuba"]},{"damage_healed":0.0,"max_hp_gain":0.0,"max_hp_loss":0.0,"gold_gain":0.0,"event_name":"Vampires","player_choice":"Ignored","floor":20.0,"gold_loss":0.0,"damage_taken":0.0},{"damage_healed":0.0,"max_hp_gain":0.0,"max_hp_loss":0.0,"gold_gain":0.0,"event_name":"Fountain of Cleansing","player_choice":"Ignored","floor":36.0,"gold_loss":0.0,"damage_taken":0.0},{"damage_healed":0.0,"max_hp_gain":0.0,"max_hp_loss":0.0,"gold_gain":0.0,"event_name":"Winding Halls","player_choice":"Embrace Madness","floor":48.0,"gold_loss":0.0,"damage_taken":9.0,"cards_obtained":["animator:HigakiRinne"]}],"is_beta":false,"boss_relics":[{"not_picked":["animator:VividPicture","SacredBark"],"picked":"Astrolabe"},{"not_picked":["ReplayTheSpireMod:DimensionalGlitch","Snecko Heart"],"picked":"Sozu"}],"items_purged_floors":[3],"is_endless":false,"potions_floor_spawned":[7,8,16,18,31,35,37,42,45],"ascension_level":0}}