{"host":"373g0ui1bgeshz9m","time":1608523719,"event":{"mods":["Act Like it!","Aspiration","BaseMod","Beaked The Cultist","Better Third Choice","Colored Map","Conspire","Downfall","Halation","Hermit","Hubris","Infinite Spire","Jorbs\u0027s Wanderer Trilogy","Minty Spire (QoL Compilation)","Pale of the Ancients","Permanent Neow","Quick Restart","Replay The Spire","Shade Mod","Shop Mod","Spikes Relics","StSLib","The Animator","The Bladedancer","The Bug Knight","The Construct","The Cursed","The Factory","The Florist","The Judge","The Jungle","The Necromancer","The Sage","The Wild Card","Trackpad","vexMod"],"gold_per_floor":[214,234,247,247,247,278,483,483,508,508,527,544,141,151,151,270,270,291,59,79,94,94,108,108,133,187,38,38,38,38,38,38,61,61,186,186,209,225,249,249,249,249,289,309,333,333,356,209,227,577,577,591,591],"floor_reached":52,"playtime":2693,"items_purged":["Injury"],"score":611,"play_id":"3857f871-90d5-4a4e-9ca8-e2d4614479e1","local_time":"20201220230839","is_ascension_mode":false,"campfire_choices":[{"floor":10.0,"key":"REST"},{"floor":24.0,"key":"REST"},{"floor":28.0,"key":"REST"},{"floor":34.0,"key":"REST"},{"floor":42.0,"key":"REST"},{"floor":51,"key":"REST"}],"circlet_count":0,"master_deck":["Strike_W","Strike_W","Strike_W","Strike_W","Defend_W","Defend_W","Defend_W","Defend_W","Negative_Energy_Arrows","Bone_Wall","Whirlwind_of_Bones","Vampiric_Strike","Life_Drain","theWildCard:Michael+1","Negative_Energy_Mist","Bone_Spikes","infinitespire:Execution","Vampiric_Strike","Bone_Prison","expansioncontent:Flail","Bone_Bullets","Hellfire","conspire:Banana","Slay_Living","Cloudkill","Siphon_Strength","Negative_Energy_Sphere","Spectral_Walk+1","Summon_Vampire_Lady","Strike_from_Beyond+1","Negative_Energy_Shield+1","Negative_Energy_Burst+1","Scare+1","Parasite","Necrotic_Claws","Delirium","Shame","Overencumbered"],"relics":["Vampire_Amulet","Shuriken","hubris:KleinBottle","hubris:EvacipatedBox","Replay:WaspNest","Golden Idol","SlaversCollar","hubris:SlimyHat","halation:Thesaurus","trackpad:BiPhaseBiplane","hubris:Towel","Philosopher\u0027s Stone","hubris:Icosahedron","infinitespire:PuzzleCube","Blood Vial","Membership Card","Ring of Greed","infinitespire:Midas Blood","Old Coin"],"acts_visited":["Exordium","Exordium","TheBeyond"],"potions_floor_usage":[],"damage_taken":[{"damage":0.0,"enemies":"Small Slimes","floor":1.0,"turns":4.0},{"damage":11.0,"enemies":"Jaw Worm","floor":2.0,"turns":5.0},{"damage":5.0,"enemies":"2 Louse","floor":3.0,"turns":3.0},{"damage":26.0,"enemies":"3 Sentries","floor":6.0,"turns":7.0},{"damage":6.0,"enemies":"Blue Slaver","floor":11.0,"turns":3.0},{"damage":11.0,"enemies":"Lots of Slimes","floor":12.0,"turns":5.0},{"damage":6.0,"enemies":"Looter","floor":14.0,"turns":3.0},{"damage":28.0,"enemies":"Hexaghost","floor":16.0,"turns":7.0},{"damage":24.0,"enemies":"theJungle:Flameango_and_Byrd","floor":18.0,"turns":6.0},{"damage":21.0,"enemies":"theJungle:GiantWrat","floor":20.0,"turns":4.0},{"damage":26.0,"enemies":"theJungle:Lyon","floor":21.0,"turns":5.0},{"damage":18.0,"enemies":"Snake Plant","floor":23.0,"turns":4.0},{"damage":50.0,"enemies":"theJungle:2_Flameangoes","floor":25.0,"turns":6.0},{"damage":41.0,"enemies":"theJungle:Lyon","floor":33.0,"turns":6.0},{"damage":68.0,"enemies":"theJungle:TotemBoss","floor":35.0,"turns":4.0},{"damage":45.0,"enemies":"3 Darklings","floor":37.0,"turns":5.0},{"damage":27.0,"enemies":"3 Shapes","floor":38.0,"turns":4.0},{"damage":20.0,"enemies":"Transient","floor":39.0,"turns":5.0},{"damage":9,"enemies":"Giant Head","floor":43,"turns":6},{"damage":11,"enemies":"Writhing Mass","floor":44,"turns":5},{"damage":33,"enemies":"Maw","floor":47,"turns":8},{"damage":9,"enemies":"3 Darklings","floor":49,"turns":3},{"damage":102,"enemies":"conspire:OrnateMirror","floor":52,"turns":4}],"seed_played":"-7441330428895979665","potions_obtained":[{"floor":1.0,"key":"EntropicBrew"},{"floor":6.0,"key":"Dexterity Potion"},{"floor":12.0,"key":"Elixir"}],"is_trial":false,"path_per_floor":["M","M","M","?","?","E","?","$","T","R","M","M","$","M","R_BF","B",null,"M","$","M","M","?","M","R","M","T","$","R","?","PTL","PTL","?","M","R","B",null,"M","M","M","?","?","R","E","M","T","?","M","$","M","?","R","B"],"character_chosen":"NECROMANCER","items_purchased":["hubris:KleinBottle","hubris:EvacipatedBox","expansioncontent:Flail","Bone_Bullets","Replay:WaspNest","BargainBundle","conspire:Banana","Slay_Living","Cloudkill","halation:Thesaurus","Membership Card"],"campfire_rested":6,"item_purchase_floors":[8,8,13,13,13,19,19,19,19,27,48],"current_hp_per_floor":[75,66,67,67,67,61,61,23,23,45,49,58,58,62,62,50,75,61,61,48,34,34,21,44,9,9,9,32,32,32,32,78,41,65,12,80,39,27,21,24,24,50,57,91,91,91,68,68,65,65,92,0,0],"gold":591,"neow_bonus":"HUNDRED_GOLD","is_daily":false,"chose_seed":false,"campfire_upgraded":0,"win_rate":0.0,"timestamp":1608523719,"path_taken":["M","M","M","?","?","E","?","?","T","R","M","?","$","M","R_BF","BOSS","M","$","M","M","?","M","R","M","T","?","R","?","PTL","PTL","?","M","R","BOSS","M","M","?","?","?","R","E","M","T","?","M","$","?","?","R","BOSS"],"items_purchased_type":["Relic","Relic","Card","Card","Relic","Relic","Card","Card","Card","Relic","Relic"],"build_version":"2020-12-13","purchased_purges":1,"victory":false,"max_hp_per_floor":[75,75,75,75,75,75,75,75,75,75,75,75,75,75,75,75,75,75,75,75,76,76,77,77,78,78,78,78,78,78,78,78,80,80,80,80,82,83,85,88,88,88,90,91,91,91,93,93,93,93,93,95,95],"card_choices":[{"not_picked":["Chill_Blood","Bone_Armor"],"picked":"Whirlwind_of_Bones","floor":1.0},{"not_picked":["Bone_Spikes","Uncharnel"],"picked":"Vampiric_Strike","floor":2.0},{"not_picked":["Flesh_Made_Foul","Death_March_Dance"],"picked":"Life_Drain","floor":3.0},{"not_picked":["Consume_Illness","Exploit"],"picked":"Negative_Energy_Mist","floor":6.0},{"not_picked":["Blood_Magic","Bone_Shift"],"picked":"Bone_Spikes","floor":7.0},{"not_picked":["hubris:InfiniteBlow","Replay:Fractal Strike"],"picked":"infinitespire:Execution","floor":8.0},{"not_picked":["Death_March_Dance","Bone_Spikes"],"picked":"Vampiric_Strike","floor":11.0},{"not_picked":["Slay_Living","Consume_Illness"],"picked":"Bone_Prison","floor":12.0},{"not_picked":["Corrupt","Shackles_Of_Pain","Bone_Armor"],"picked":"SKIP","floor":14.0},{"not_picked":["Cloudkill","Reap_The_Weak"],"picked":"Hellfire","floor":16.0},{"not_picked":["Chill_Blood","Flesh_Made_Foul","Shackles_Of_Pain"],"picked":"SKIP","floor":18.0},{"not_picked":["Negative_Energy_Mist","Flesh_Made_Foul","Chill_Blood"],"picked":"SKIP","floor":20.0},{"not_picked":["Bone_Shift","Shackles_Of_Pain"],"picked":"Siphon_Strength","floor":21.0},{"not_picked":["Consume_Illness","Reap_The_Weak","Negative_Energy_Shield"],"picked":"SKIP","floor":23.0},{"not_picked":["Life_Tap","Blood_Curse"],"picked":"Negative_Energy_Sphere","floor":25.0},{"not_picked":["Vampiric_Strike+1","Slay_Living+1"],"picked":"Spectral_Walk+1","floor":33.0},{"not_picked":["Grasp_Heart","Reap_The_Weak"],"picked":"Summon_Vampire_Lady","floor":35.0},{"not_picked":["Strike_from_Beyond+1","Scare","Consume_Illness+1"],"picked":"SKIP","floor":37.0},{"not_picked":["Scare","Consume_Illness+1"],"picked":"Strike_from_Beyond+1","floor":37.0},{"not_picked":["Bone_Spikes+1","Necromantic_Selection+1"],"picked":"Negative_Energy_Shield+1","floor":38.0},{"not_picked":["Violent_Necrosis+1","Shade_Step"],"picked":"Negative_Energy_Burst+1","floor":39.0},{"not_picked":["Skeleton_Dragon","Chill_Blood+1"],"picked":"Scare+1","floor":43},{"not_picked":["Plague_Bolt","Consume_Illness+1"],"picked":"Necrotic_Claws","floor":44},{"not_picked":["Bone_Shift+1","Bone_Armor","Necrotic_Claws"],"picked":"SKIP","floor":47},{"not_picked":["Blood_for_Blood","Siphon_Strength","Death_Coil"],"picked":"SKIP","floor":49}],"player_experience":141595,"relics_obtained":[{"floor":6.0,"key":"Shuriken"},{"floor":26.0,"key":"hubris:SlimyHat"},{"floor":43,"key":"infinitespire:PuzzleCube"},{"floor":45,"key":"Blood Vial"},{"floor":50,"key":"Ring of Greed"},{"floor":50,"key":"infinitespire:Midas Blood"},{"floor":50,"key":"Old Coin"}],"event_choices":[{"damage_healed":0.0,"max_hp_gain":0.0,"max_hp_loss":0.0,"gold_gain":0.0,"event_name":"conspire:LoneGhost","player_choice":"Disagree","floor":4.0,"gold_loss":0.0,"damage_taken":0.0},{"damage_healed":0.0,"max_hp_gain":0.0,"max_hp_loss":0.0,"gold_gain":0.0,"event_name":"Golden Idol","player_choice":"Take Wound","floor":15.0,"gold_loss":0.0,"damage_taken":0.0,"relics_obtained":["Golden Idol"],"cards_obtained":["Injury"]},{"damage_healed":0.0,"max_hp_gain":0.0,"max_hp_loss":0.0,"gold_gain":0.0,"event_name":"Match and Keep!","player_choice":"1 cards matched","floor":22.0,"gold_loss":0.0,"damage_taken":0.0,"cards_obtained":["vexMod:EmailVexCard"]},{"cards_removed":["vexMod:EmailVexCard"],"damage_healed":46.0,"max_hp_gain":0.0,"max_hp_loss":0.0,"gold_gain":0.0,"event_name":"Bonfire Elementals","player_choice":"Offered Uncommon","floor":32.0,"gold_loss":0.0,"damage_taken":0.0},{"damage_healed":0,"gold_gain":0,"player_choice":"Forge","damage_taken":0,"max_hp_gain":0,"max_hp_loss":0,"event_name":"Accursed Blacksmith","floor":46,"gold_loss":0,"cards_upgraded":["theWildCard:Michael"]}],"is_beta":false,"boss_relics":[{"not_picked":["conspire:RoyalGoblet","hubris:BlackHole","vexMod:MegatonBomb"],"picked":"SlaversCollar"},{"not_picked":["Cursed Key","vexMod:ImprovementManual","ChewingGum"],"picked":"Philosopher\u0027s Stone"}],"items_purged_floors":[19],"is_endless":false,"potions_floor_spawned":[1,6,12,18,20,25,43,44,49],"killed_by":"conspire:OrnateMirror","ascension_level":0}}