{"host":"utqe55yv0jihe4d6","time":1608509146,"event":{"mods":["2.2 Compatiblity","AchievementEnabler","BaseMod","Block Reminder","Colored Map","Colored Powertips","Minty Spire (QoL Compilation)","Quick Restart","Rare Cards Sparkle","Relic Stats","SuperFastMode"],"gold_per_floor":[116,191,16,30,30,30,60,76,76,109,119,130,130,148,148,222,222,232,157,15,40,55,81,81,81,129,140,174,186,186,200,200,200,200],"floor_reached":33,"playtime":2399,"items_purged":["Strike_R","Strike_R"],"score":644,"play_id":"63093922-94d3-45a2-97be-aba9a9ea3ccb","local_time":"20201220190546","is_ascension_mode":true,"campfire_choices":[{"data":"Blood for Blood","floor":6.0,"key":"SMITH"},{"floor":13.0,"key":"REST"},{"data":"True Grit","floor":15,"key":"SMITH"},{"data":"Immolate","floor":25,"key":"SMITH"},{"data":"Fiend Fire","floor":30,"key":"SMITH"},{"data":"Bash","floor":32,"key":"SMITH"}],"circlet_count":0,"master_deck":["AscendersBane","Strike_R","Strike_R","Defend_R","Defend_R","Defend_R","Defend_R","Bash+1","Feed","Blood for Blood+1","Carnage","Shrug It Off","True Grit+1","Fiend Fire+1","Armaments+1","Shrug It Off+1","Ghostly Armor+1","Reaper","Disarm+1","Shrug It Off+1","Evolve","Immolate+1","Warcry+1","Dual Wield+1","Disarm+1"],"relics":["Burning Blood","Self Forming Clay","Blue Candle","Toxic Egg 2","Coffee Dripper","Red Mask","Bag of Preparation","Strawberry","StrikeDummy"],"acts_visited":["Exordium","TheCity"],"potions_floor_usage":[21,29,33,33],"damage_taken":[{"damage":9.0,"enemies":"2 Louse","floor":1.0,"turns":5.0},{"damage":11.0,"enemies":"Small Slimes","floor":4.0,"turns":5.0},{"damage":19.0,"enemies":"3 Sentries","floor":7.0,"turns":9.0},{"damage":7.0,"enemies":"Jaw Worm","floor":8.0,"turns":3.0},{"damage":39.0,"enemies":"Lagavulin","floor":10.0,"turns":6.0},{"damage":7.0,"enemies":"2 Fungi Beasts","floor":11.0,"turns":4.0},{"damage":3.0,"enemies":"Blue Slaver","floor":12.0,"turns":5.0},{"damage":13,"enemies":"Exordium Wildlife","floor":14,"turns":6},{"damage":43,"enemies":"The Guardian","floor":16,"turns":19},{"damage":17,"enemies":"Spheric Guardian","floor":18,"turns":7},{"damage":14,"enemies":"Masked Bandits","floor":21,"turns":9},{"damage":2,"enemies":"Shell Parasite","floor":22,"turns":11},{"damage":19,"enemies":"Book of Stabbing","floor":23,"turns":8},{"damage":9,"enemies":"3 Cultists","floor":27,"turns":4},{"damage":58,"enemies":"Gremlin Leader","floor":28,"turns":10},{"damage":14,"enemies":"Snake Plant","floor":29,"turns":8},{"damage":10,"enemies":"Shelled Parasite and Fungi","floor":31,"turns":11},{"damage":135,"enemies":"Automaton","floor":33,"turns":12}],"seed_played":"6858073062490957363","potions_obtained":[{"floor":1.0,"key":"Strength Potion"},{"floor":4.0,"key":"ElixirPotion"},{"floor":11.0,"key":"DuplicationPotion"},{"floor":16,"key":"FearPotion"},{"floor":18,"key":"LiquidBronze"},{"floor":22,"key":"BlessingOfTheForge"},{"floor":23,"key":"Energy Potion"},{"floor":29,"key":"Fruit Juice"}],"is_trial":false,"path_per_floor":["M","?","$","M","?","R","E","M","T","E","M","M","R","M","R","B",null,"M","?","$","?","M","E","$","R","T","M","E","M","R","M","R","B"],"character_chosen":"IRONCLAD","items_purchased":["Carnage","BloodPotion","Disarm+1"],"campfire_rested":1,"item_purchase_floors":[3,3,20],"current_hp_per_floor":[50,50,50,64,64,64,54,56,56,23,25,28,55,52,52,19,78,67,67,67,70,84,71,71,71,78,90,64,60,60,56,56,0,0],"gold":200,"neow_bonus":"THREE_RARE_CARDS","is_daily":false,"chose_seed":false,"campfire_upgraded":5,"win_rate":0.0,"timestamp":1608509146,"path_taken":["M","?","$","M","?","R","E","M","T","E","M","M","R","M","R","BOSS","M","?","$","?","M","E","?","R","T","?","E","M","R","M","R","BOSS"],"items_purchased_type":["Card","Potion","Card"],"build_version":"2020-12-13","purchased_purges":2,"victory":false,"max_hp_per_floor":[78,78,78,81,81,81,84,87,87,87,90,90,90,94,94,98,98,98,98,98,101,105,105,105,105,112,115,119,119,119,119,119,124,124],"relic_stats":{"counters":[18,142],"Self Forming Clay":[165],"Blue Candle":[0],"Bag of Preparation":[10],"obtain_stats":[{"Self Forming Clay":7,"Blue Candle":9,"Strawberry":26,"Coffee Dripper":17,"Red Mask":21,"Bag of Preparation":23,"Toxic Egg 2":10,"StrikeDummy":28,"Burning Blood":0},{"Self Forming Clay":3,"Blue Candle":4,"Strawberry":13,"Coffee Dripper":9,"Red Mask":11,"Bag of Preparation":13,"Toxic Egg 2":5,"StrikeDummy":15,"Burning Blood":0},{"Self Forming Clay":19,"Blue Candle":22,"Strawberry":97,"Coffee Dripper":62,"Red Mask":78,"Bag of Preparation":97,"Toxic Egg 2":28,"StrikeDummy":111,"Burning Blood":0}],"Burning Blood":102},"card_choices":[{"not_picked":["Reaper","Demon Form"],"picked":"Feed","floor":0.0},{"not_picked":["Rage","Clothesline"],"picked":"Blood for Blood","floor":1.0},{"not_picked":["Ghostly Armor","Pommel Strike"],"picked":"Shrug It Off","floor":4.0},{"not_picked":["Metallicize","Pommel Strike"],"picked":"True Grit","floor":7.0},{"not_picked":["Body Slam","Iron Wave"],"picked":"Fiend Fire","floor":8.0},{"not_picked":["Cleave","Iron Wave","Thunderclap"],"picked":"SKIP","floor":10.0},{"not_picked":["Anger","Wild Strike"],"picked":"Armaments+1","floor":11.0},{"not_picked":["Wild Strike","Reckless Charge"],"picked":"Shrug It Off+1","floor":12.0},{"not_picked":["Rampage","Berserk"],"picked":"Ghostly Armor+1","floor":14},{"not_picked":["Bludgeon","Brutality"],"picked":"Reaper","floor":16},{"not_picked":["Sword Boomerang","Bloodletting+1","Hemokinesis"],"picked":"SKIP","floor":18},{"not_picked":["Pommel Strike","Clash"],"picked":"Shrug It Off+1","floor":21},{"not_picked":["Thunderclap","Second Wind+1"],"picked":"Evolve","floor":22},{"not_picked":["Reckless Charge","Thunderclap"],"picked":"Immolate","floor":23},{"not_picked":["Headbutt","Anger"],"picked":"Warcry+1","floor":27},{"not_picked":["Sword Boomerang","Armaments+1"],"picked":"Dual Wield+1","floor":28},{"not_picked":["Wild Strike","Sever Soul"],"picked":"Disarm+1","floor":29},{"not_picked":["Immolate","Perfected Strike","Rupture"],"picked":"SKIP","floor":31}],"player_experience":2816397,"relics_obtained":[{"floor":7.0,"key":"Self Forming Clay"},{"floor":9.0,"key":"Blue Candle"},{"floor":10.0,"key":"Toxic Egg 2"},{"floor":21,"key":"Red Mask"},{"floor":23,"key":"Bag of Preparation"},{"floor":26,"key":"Strawberry"},{"floor":28,"key":"StrikeDummy"}],"event_choices":[{"damage_healed":0.0,"max_hp_gain":0.0,"max_hp_loss":0.0,"gold_gain":75.0,"event_name":"Golden Wing","player_choice":"Gained Gold","floor":2.0,"gold_loss":0.0,"damage_taken":0.0},{"damage_healed":0.0,"max_hp_gain":0.0,"max_hp_loss":0.0,"gold_gain":0.0,"event_name":"Liars Game","player_choice":"Ignored","floor":5.0,"gold_loss":0.0,"damage_taken":0.0},{"cards_removed":["Strike_R"],"damage_healed":0,"gold_gain":0,"player_choice":"Gave Gold","damage_taken":0,"max_hp_gain":0,"max_hp_loss":0,"event_name":"Beggar","floor":19,"gold_loss":75},{"damage_healed":0,"gold_gain":0,"player_choice":"Fought Bandits","damage_taken":0,"max_hp_gain":0,"max_hp_loss":0,"event_name":"Masked Bandits","floor":21,"gold_loss":0}],"is_beta":false,"boss_relics":[{"not_picked":["Busted Crown","Sozu"],"picked":"Coffee Dripper"}],"items_purged_floors":[3,20],"is_endless":false,"potions_floor_spawned":[1,4,11,16,18,22,23,29],"killed_by":"Automaton","ascension_level":20}}