{"host":"ubc28ykrjp2peggz","time":1608537529,"event":{"mods":["ATMod(°¢èªMod)","BaseMod","Minty Spire (QoL Compilation)","StSLib","¡¾ÒÅÎï¿¨ÅÆ¡¿REMEMod"],"gold_per_floor":[112,123,137,312,262,297,9,9,9,22,35,35,35,62,62,162,162,178,27,27,27],"floor_reached":20,"playtime":399,"items_purged":[],"score":307,"play_id":"7ea95123-bc9f-4ff9-b482-878b06ddf4dd","local_time":"20201221155849","daily_mods":["SealedDeck","Heirloom","Flight"],"is_ascension_mode":false,"campfire_choices":[{"data":"AT_EmpoweredMortalDraw","floor":8.0,"key":"SMITH"},{"data":"AT_OneInchPunch","floor":15,"key":"SMITH"}],"circlet_count":0,"master_deck":["EmptyMind","Study","FearNoEvil","DeceiveReality","Consecrate","AT_OneInchPunch+1","Wallop","BowlingBash","FlurryOfBlows","FlurryOfBlows","AT_EmpoweredMortalDraw+1","Protect","Omniscience","Collect","AT_DivineConfetti"],"relics":["PureWater","REME_ComplimentaryCards","AT_ATBox","Turnip","Bottled Flame","Ice Cream","Mercury Hourglass","Omamori","Black Star","REME_PuzzleBoxRelic"],"acts_visited":["Exordium","TheCity"],"potions_floor_usage":[],"damage_taken":[{"damage":11.0,"enemies":"Jaw Worm","floor":1.0,"turns":2.0},{"damage":0.0,"enemies":"2 Louse","floor":2.0,"turns":2.0},{"damage":0.0,"enemies":"Small Slimes","floor":3.0,"turns":1.0},{"damage":6.0,"enemies":"Lagavulin","floor":6.0,"turns":5.0},{"damage":0.0,"enemies":"3 Louse","floor":10.0,"turns":1.0},{"damage":0,"enemies":"Exordium Thugs","floor":11,"turns":1},{"damage":0,"enemies":"Gremlin Nob","floor":14,"turns":2},{"damage":30,"enemies":"Hexaghost","floor":16,"turns":6},{"damage":10,"enemies":"2 Thieves","floor":18,"turns":2},{"damage":10,"enemies":"Shell Parasite","floor":20,"turns":2}],"seed_played":"3515089758254678107","potions_obtained":[{"floor":6.0,"key":"PowerPotion"},{"floor":14,"key":"Block Potion"},{"floor":16,"key":"FearPotion"}],"is_trial":true,"path_per_floor":["M","M","M","?","?","E","$","R","T","M","M","?","?","E","R","B",null,"M","$","M"],"character_chosen":"WATCHER","items_purchased":["Ice Cream","REME_PuzzleBoxRelic"],"campfire_rested":0,"item_purchase_floors":[7,19],"current_hp_per_floor":[61,61,61,61,61,55,55,55,55,55,55,55,60,60,60,30,77,67,67,57,57],"gold":27,"neow_bonus":"","is_daily":false,"chose_seed":false,"campfire_upgraded":2,"win_rate":0.0,"timestamp":1608537529,"path_taken":["M","M","M","?","?","E","$","R","T","M","M","?","?","E","R","BOSS","M","$","M"],"items_purchased_type":["Relic","Relic"],"build_version":"2020-12-13","purchased_purges":0,"victory":false,"max_hp_per_floor":[72,72,72,72,72,72,72,72,72,72,72,72,77,77,77,77,77,77,77,77,77],"card_choices":[{"not_picked":["BowlingBash","SandsOfTime"],"picked":"Protect","floor":1.0},{"not_picked":["DeceiveReality","EmptyMind","FlyingSleeves"],"picked":"SKIP","floor":2.0},{"not_picked":["FlurryOfBlows","SignatureMove","FlyingSleeves"],"picked":"SKIP","floor":3.0},{"not_picked":["EmptyBody","Perseverance","AT_OneInchPunch"],"picked":"SKIP","floor":6.0},{"not_picked":["FearNoEvil","CutThroughFate"],"picked":"Omniscience","floor":10},{"not_picked":["FollowUp","Consecrate","SignatureMove"],"picked":"SKIP","floor":11},{"not_picked":["WheelKick","ReachHeaven"],"picked":"Collect","floor":14},{"not_picked":["Weave+1","Swivel"],"picked":"AT_DivineConfetti","floor":18}],"player_experience":41509,"relics_obtained":[{"floor":6.0,"key":"Bottled Flame"},{"floor":9.0,"key":"Mercury Hourglass"},{"floor":14,"key":"Omamori"}],"event_choices":[{"damage_healed":0.0,"max_hp_gain":0.0,"max_hp_loss":0.0,"gold_gain":175.0,"event_name":"Liars Game","player_choice":"AGREE","floor":4.0,"gold_loss":0.0,"damage_taken":0.0,"cards_obtained":["Doubt"]},{"cards_removed":["Doubt"],"damage_healed":0.0,"max_hp_gain":0.0,"max_hp_loss":0.0,"gold_gain":0.0,"event_name":"The Cleric","player_choice":"Card Removal","floor":5.0,"gold_loss":50.0,"damage_taken":0.0},{"cards_removed":["Judgement"],"damage_healed":0,"gold_gain":0,"player_choice":"Forget","damage_taken":0,"max_hp_gain":0,"max_hp_loss":0,"event_name":"Living Wall","floor":12,"gold_loss":0},{"damage_healed":0,"gold_gain":0,"player_choice":"Donut","damage_taken":0,"max_hp_gain":5,"max_hp_loss":0,"event_name":"Big Fish","floor":13,"gold_loss":0}],"is_beta":false,"boss_relics":[{"not_picked":["Empty Cage","Philosopher\u0027s Stone"],"picked":"Black Star"}],"items_purged_floors":[],"is_endless":true,"potions_floor_spawned":[6,14,16,18],"killed_by":"Shell Parasite","ascension_level":0}}