{"host":"0gy90rl0ccnvdufw","time":1608533644,"event":{"mods":["AchievementEnabler","Act Like it!","Aspiration","Bard","BaseMod","Better Third Choice","Better Vampires","BetterRewards","ChefMod","Colored Map","Colored Powertips","Conspire","Decade(???)","Downfall","Ekko","Gensokyo","GungeonMod","Halation","Hubris","Infinite Spire","Jedi Mod","KomeijiMod","Luminous","Minty Spire (QoL Compilation)","Quick Restart","Rare Cards Sparkle","Replay The Spire","Robot Space Explorer","StSLib","SuperFastMode","The Cursed","The Disciple","The Dragon Tamer","The Forsaken","The Jungle","[IsaacMod]????","??????REMEMod"],"gold_per_floor":[111,111,129,129,146,175,175,191,262,282,262,277,16,16,16,113,113,126,80,80,99,115,115,130,162,162,173,173,184,184,219,219,317,317,331,331,331,331,350,350,350,381,381,396,416,431,331,350,350,350],"floor_reached":51,"playtime":2111,"items_purged":[],"score":773,"play_id":"cab68b50-5825-4a10-9eb5-3f2fa4609513","local_time":"20201221005404","is_ascension_mode":false,"campfire_choices":[{"floor":7,"key":"REST"},{"floor":15,"key":"REST"},{"floor":23,"key":"REST"},{"floor":28,"key":"REST"},{"floor":32,"key":"REST"},{"floor":40,"key":"REST"},{"data":"RobotSpaceExplorer:Multitool","floor":49,"key":"SMITH"}],"circlet_count":0,"master_deck":["RobotSpaceExplorer:Strike","RobotSpaceExplorer:Strike","RobotSpaceExplorer:Strike","RobotSpaceExplorer:Strike","RobotSpaceExplorer:Defend","RobotSpaceExplorer:Defend+1","RobotSpaceExplorer:Defend","RobotSpaceExplorer:Defend","RobotSpaceExplorer:Scan","RobotSpaceExplorer:MiniLasers","RobotSpaceExplorer:PowerCollector+1","RobotSpaceExplorer:Pulsar","RobotSpaceExplorer:StunGrenade","RobotSpaceExplorer:Multitool+1","RobotSpaceExplorer:DroneSwarm","RobotSpaceExplorer:Pulsar+1","RobotSpaceExplorer:SurgingShield","RobotSpaceExplorer:ScrapMissile+1","RobotSpaceExplorer:StunGrenade","RobotSpaceExplorer:ScrapShield+1","RobotSpaceExplorer:StunGrenade+1","hubris:InfiniteBlow+1","RobotSpaceExplorer:ChargingLaser","RobotSpaceExplorer:DroneSwarm","Madness+1","Madness+1","RobotSpaceExplorer:Discharger+1","RobotSpaceExplorer:MiniDrones","Parasite","RobotSpaceExplorer:DualCore+1","RobotSpaceExplorer:PowerGlove","RobotSpaceExplorer:Electropulse+1","RobotSpaceExplorer:GearShield+1"],"relics":["RobotSpaceExplorer:RoboCore","REME_ComplimentaryCards","HushsDoor","KeepersGift","hubris:OldNail","jedi:angrymask","infinitespire:Eraser","betterThird:SlimedRelic","aspiration:HummingbirdHeart","Replay:Bronze Core","Centennial Puzzle","Toxic Egg 2","hubris:SphereOfDissonance","aspiration:ChemicalBlood","Replay:Fungal Core","ShirouKen","DeathBook","DemoMod:JetPack"],"acts_visited":["Exordium","TheCity","TheBeyond"],"potions_floor_usage":[12,16,16,31,33,33,38,38,50,50,50,50,50],"damage_taken":[{"damage":3,"enemies":"Small Slimes","floor":1,"turns":4},{"damage":2,"enemies":"Jaw Worm","floor":3,"turns":6},{"damage":0,"enemies":"2 Louse","floor":5,"turns":3},{"damage":45,"enemies":"3 Sentries","floor":6,"turns":11},{"damage":12,"enemies":"Blue Slaver","floor":8,"turns":4},{"damage":13,"enemies":"3 Louse","floor":10,"turns":5},{"damage":0,"enemies":"Gremlin Gang","floor":12,"turns":3},{"damage":24,"enemies":"Slime Boss","floor":16,"turns":10},{"damage":0,"enemies":"3 Byrds","floor":18,"turns":4},{"damage":0,"enemies":"2 Thieves","floor":19,"turns":5},{"damage":18,"enemies":"3 Cultists","floor":21,"turns":7},{"damage":20,"enemies":"Shelled Parasite and Fungi","floor":22,"turns":11},{"damage":1,"enemies":"Centurion and Healer","floor":24,"turns":11},{"damage":15,"enemies":"Nightmare","floor":25,"turns":11},{"damage":7,"enemies":"Snake Plant","floor":27,"turns":9},{"damage":0,"enemies":"3 Cultists","floor":29,"turns":5},{"damage":24,"enemies":"Slavers","floor":31,"turns":6},{"damage":50,"enemies":"Pondfish","floor":33,"turns":15},{"damage":0,"enemies":"3 Shapes","floor":35,"turns":5},{"damage":0,"enemies":"Hiden Room Battle","floor":38,"turns":1},{"damage":3,"enemies":"3 Darklings","floor":39,"turns":4},{"damage":0,"enemies":"R_Hoarder","floor":42,"turns":3},{"damage":15,"enemies":"Writhing Mass","floor":44,"turns":8},{"damage":0,"enemies":"Sphere and 2 Shapes","floor":45,"turns":4},{"damage":3,"enemies":"Maw","floor":46,"turns":7},{"damage":0,"enemies":"3 Darklings","floor":48,"turns":3},{"damage":27,"enemies":"conspire:OrnateMirror","floor":50,"turns":8}],"seed_played":"-7426174718138060705","potions_obtained":[{"floor":8,"key":"Regen Potion"},{"floor":10,"key":"Explosive Potion"},{"floor":12,"key":"Strength Potion"},{"floor":18,"key":"ColorlessPotion"},{"floor":21,"key":"PowerPotion"},{"floor":25,"key":"Adrenaline Potion"},{"floor":33,"key":"jedi:StrikingPotion"},{"floor":44,"key":"Energy Potion"}],"is_trial":false,"path_per_floor":["M","?","M","?","M","E","R","M","T","M","?","M","$","$","R","B",null,"M","M","?","M","M","R","M","NM","T","M","R","M","AVR","E","R","B",null,"M","T","?","?","M","R","?","E","T","M","M","M","NS","M","R","B",null],"character_chosen":"RobotSpaceExplorer","items_purchased":["aspiration:HummingbirdHeart"],"campfire_rested":6,"item_purchase_floors":[13],"current_hp_per_floor":[72,72,70,70,70,25,47,35,35,22,11,11,11,11,33,24,75,75,75,75,57,37,59,58,43,43,36,58,58,58,40,62,18,75,75,75,66,51,54,75,75,75,75,66,66,69,69,69,69,42],"gold":350,"neow_bonus":"RANDOM_COMMON_RELIC","is_daily":false,"chose_seed":false,"campfire_upgraded":1,"win_rate":0.0,"timestamp":1608533644,"path_taken":["M","?","M","?","M","E","R","M","T","?","?","M","?","$","R","BOSS","M","?","?","M","?","R","M","NM","T","M","R","M","AVR","E","R","BOSS","M","?","?","?","M","R","?","E","T","?","M","M","NS","M","R","BOSS"],"items_purchased_type":["Relic"],"build_version":"2020-12-13","purchased_purges":0,"victory":true,"max_hp_per_floor":[75,75,75,75,75,75,75,75,75,75,75,75,75,75,75,75,75,75,75,75,75,75,75,75,75,75,75,75,75,75,75,75,75,75,75,75,75,75,75,75,75,75,75,75,75,75,75,75,75,75],"card_choices":[{"not_picked":["RobotSpaceExplorer:Electropulse","RobotSpaceExplorer:GearShield"],"picked":"RobotSpaceExplorer:PowerCollector","floor":1},{"not_picked":["RobotSpaceExplorer:Ammunition","RobotSpaceExplorer:ToxicBomb"],"picked":"RobotSpaceExplorer:Pulsar","floor":3},{"not_picked":["RobotSpaceExplorer:MetalStrike","RobotSpaceExplorer:Electroshield","RobotSpaceExplorer:ShockKick"],"picked":"SKIP","floor":5},{"not_picked":["RobotSpaceExplorer:DroneSwarm","RobotSpaceExplorer:SwiftStep","RobotSpaceExplorer:ImprovisedAttack"],"picked":"SKIP","floor":6},{"not_picked":["RobotSpaceExplorer:StunGrenade","RobotSpaceExplorer:MakeshiftVolley"],"picked":"Bomb","floor":8},{"not_picked":["RobotSpaceExplorer:Jetpack","RobotSpaceExplorer:ToxicBomb"],"picked":"RobotSpaceExplorer:StunGrenade","floor":10},{"not_picked":["RobotSpaceExplorer:Blitz","RobotSpaceExplorer:ImprovisedAttack"],"picked":"RobotSpaceExplorer:Multitool","floor":12},{"not_picked":["RobotSpaceExplorer:HighVoltage","RobotSpaceExplorer:BlastShield"],"picked":"RobotSpaceExplorer:DroneSwarm","floor":16},{"not_picked":["RobotSpaceExplorer:Jetpack+1","RobotSpaceExplorer:ImprovisedAttack+1"],"picked":"RobotSpaceExplorer:Pulsar+1","floor":18},{"not_picked":["RobotSpaceExplorer:StarDust","RobotSpaceExplorer:FreezeRay","RobotSpaceExplorer:GlueSpray"],"picked":"SKIP","floor":19},{"not_picked":["RobotSpaceExplorer:StunGrenade","RobotSpaceExplorer:SlimeMissile"],"picked":"RobotSpaceExplorer:ScrapMissile+1","floor":21},{"not_picked":["RobotSpaceExplorer:LuckyStrike","RobotSpaceExplorer:Probe+1"],"picked":"RobotSpaceExplorer:StunGrenade","floor":22},{"not_picked":["RobotSpaceExplorer:FranticSearch","RobotSpaceExplorer:SurgingShield"],"picked":"RobotSpaceExplorer:ScrapShield+1","floor":24},{"not_picked":["RobotSpaceExplorer:SwiftStep","RobotSpaceExplorer:LaserBurst"],"picked":"RobotSpaceExplorer:StunGrenade+1","floor":25},{"not_picked":["RobotSpaceExplorer:PlasmaMissile","RobotSpaceExplorer:StarLightning"],"picked":"RobotSpaceExplorer:GlueShot+1","floor":27},{"not_picked":["RobotSpaceExplorer:Counterblock+1","RobotSpaceExplorer:GlueShot+1"],"picked":"RobotSpaceExplorer:Fix+1","floor":29},{"not_picked":["RobotSpaceExplorer:SurgingStrike+1","RobotSpaceExplorer:FranticSearch+1"],"picked":"RobotSpaceExplorer:ChargingLaser","floor":31},{"not_picked":["RobotSpaceExplorer:Asteroid","RobotSpaceExplorer:HighVoltage"],"picked":"RobotSpaceExplorer:DroneSwarm","floor":33},{"not_picked":["RobotSpaceExplorer:ImprovisedAttack","RobotSpaceExplorer:SlimeMissile","RobotSpaceExplorer:MetalStrike+1"],"picked":"SKIP","floor":35},{"not_picked":["RobotSpaceExplorer:Pulsar+1","RobotSpaceExplorer:SurgingShield+1"],"picked":"RobotSpaceExplorer:Discharger+1","floor":39},{"not_picked":["RobotSpaceExplorer:FreezingShield+1","RobotSpaceExplorer:Scanner"],"picked":"RobotSpaceExplorer:MiniDrones","floor":42},{"not_picked":["RobotSpaceExplorer:Smokescreen+1","RobotSpaceExplorer:FrostMissile"],"picked":"RobotSpaceExplorer:DualCore+1","floor":44},{"not_picked":["RobotSpaceExplorer:TurboDodge+1","RobotSpaceExplorer:SurgingStrike+1"],"picked":"RobotSpaceExplorer:PowerGlove","floor":45},{"not_picked":["RobotSpaceExplorer:ScrapToss","RobotSpaceExplorer:ShovelStrike+1"],"picked":"RobotSpaceExplorer:Electropulse+1","floor":46},{"not_picked":["RobotSpaceExplorer:ToxicBomb+1","RobotSpaceExplorer:Pulsar+1"],"picked":"RobotSpaceExplorer:GearShield+1","floor":48}],"player_experience":303356,"relics_obtained":[{"floor":6,"key":"jedi:angrymask"},{"floor":9,"key":"infinitespire:Eraser"},{"floor":25,"key":"Centennial Puzzle"},{"floor":26,"key":"Toxic Egg 2"},{"floor":31,"key":"aspiration:ChemicalBlood"},{"floor":36,"key":"ShirouKen"},{"floor":42,"key":"DeathBook"},{"floor":43,"key":"DemoMod:JetPack"}],"event_choices":[{"damage_healed":0,"gold_gain":0,"player_choice":"Grow","damage_taken":0,"max_hp_gain":0,"max_hp_loss":0,"event_name":"Living Wall","floor":4,"gold_loss":0,"cards_upgraded":["RobotSpaceExplorer:PowerCollector"]},{"damage_healed":0,"gold_gain":0,"player_choice":"Slimed","damage_taken":11,"max_hp_gain":0,"max_hp_loss":0,"event_name":"betterThird:BetterGoop","floor":11,"gold_loss":20},{"damage_healed":0,"gold_gain":0,"player_choice":"Embrace Madness","damage_taken":9,"max_hp_gain":0,"max_hp_loss":0,"event_name":"Winding Halls","floor":37,"gold_loss":0,"cards_obtained":["Madness","Madness"]},{"damage_healed":0,"gold_gain":0,"player_choice":"Fight","damage_taken":0,"max_hp_gain":0,"max_hp_loss":0,"event_name":"HidenRoomEvent","floor":38,"gold_loss":0}],"is_beta":false,"boss_relics":[{"not_picked":["Kintsugi","theForsaken:PaleLantern"],"picked":"Replay:Bronze Core"},{"not_picked":[]},{"not_picked":["hubris:HollowSoul","Pandora\u0027s Box"],"picked":"Replay:Fungal Core"},{"not_picked":[]}],"items_purged_floors":[],"is_endless":false,"potions_floor_spawned":[8,10,12,18,21,25,33,44,45,46],"ascension_level":0}}