{"host":"kntpungskobv1jqb","time":1608561872,"event":{"mods":["BaseMod","Minty Spire (QoL Compilation)","Replay The Spire","StSLib","SuperFastMode"],"gold_per_floor":[117,50,68,34,34,34,48,82,155,155,190,205,205,205,205,282,282,293,310,50,61,74,74,100,100,100,100,100,144,204,54,54,84,84],"floor_reached":33,"playtime":842,"items_purged":[],"score":498,"play_id":"9620b1eb-d760-4bbc-9c77-52f48713eb53","local_time":"20201221224432","is_ascension_mode":true,"campfire_choices":[{"data":"Rupture","floor":6,"key":"SMITH"},{"floor":10,"key":"REST"},{"data":"Cleave","floor":13,"key":"SMITH"},{"floor":15,"key":"REST"},{"floor":23,"key":"REST"},{"floor":27,"key":"REST"},{"data":"RitualDagger","floor":32,"key":"SMITH"}],"circlet_count":0,"master_deck":["AscendersBane","Strike_R","Strike_R","Strike_R","Strike_R","Strike_R","Defend_R","Defend_R","Defend_R","Defend_R","Bash","Twin Strike","Rupture+1","Wild Strike","Bloodletting","Anger","Replay:Undeath\u0027s Touch","Pommel Strike","Cleave+1","Reaper","Pommel Strike","Heavy Blade","Battle Trance","RitualDagger+1","Eclipse"],"relics":["Burning Blood","Centennial Puzzle","Oddly Smooth Stone","Mummified Hand","Magic Flower","Letter Opener","Replay:Bronze Core","Shuriken","Anchor","Replay:Bandana","Meat on the Bone","Strawberry","Membership Card"],"acts_visited":["Exordium","TheCity"],"potions_floor_usage":[8,11,22,24,30],"damage_taken":[{"damage":1,"enemies":"Cultist","floor":1,"turns":3},{"damage":16,"enemies":"Small Slimes","floor":3,"turns":4},{"damage":15,"enemies":"Jaw Worm","floor":7,"turns":2},{"damage":25,"enemies":"3 Sentries","floor":8,"turns":9},{"damage":12,"enemies":"Gremlin Nob","floor":11,"turns":3},{"damage":13,"enemies":"Gremlin Gang","floor":12,"turns":3},{"damage":21,"enemies":"Slime Boss","floor":16,"turns":7},{"damage":15,"enemies":"Chosen","floor":18,"turns":4},{"damage":12,"enemies":"3 Byrds","floor":19,"turns":4},{"damage":36,"enemies":"Snake Plant","floor":21,"turns":4},{"damage":16,"enemies":"Centurion and Healer","floor":22,"turns":4},{"damage":21,"enemies":"Book of Stabbing","floor":24,"turns":3},{"damage":5,"enemies":"Cultist and Chosen","floor":29,"turns":4},{"damage":29,"enemies":"Gremlin Leader","floor":30,"turns":4},{"damage":71,"enemies":"Collector","floor":33,"turns":3}],"seed_played":"6663581664892703414","potions_obtained":[{"floor":1,"key":"Explosive Potion"},{"floor":3,"key":"Regen Potion"},{"floor":5,"key":"EssenceOfSteel"},{"floor":5,"key":"PowerPotion"},{"floor":8,"key":"FearPotion"},{"floor":12,"key":"SpeedPotion"},{"floor":19,"key":"LifebloodPotion"},{"floor":24,"key":"EssenceOfSteel"}],"is_trial":false,"path_per_floor":["M","$","M","$","?","R","M","E","T","R","E","M","R","?","R","B",null,"M","M","$","M","M","R","E","?","T","R","T","M","E","$","R","B"],"character_chosen":"IRONCLAD","items_purchased":["Rupture","Bloodletting","Shuriken","Membership Card"],"campfire_rested":4,"item_purchase_floors":[2,4,20,31],"current_hp_per_floor":[73,73,63,63,63,63,54,35,35,57,51,47,47,47,69,57,71,65,72,72,45,38,60,48,42,42,64,64,75,62,62,62,0,0],"gold":84,"neow_bonus":"RANDOM_COMMON_RELIC","is_daily":false,"chose_seed":false,"campfire_upgraded":3,"win_rate":0.0,"timestamp":1608561872,"path_taken":["M","?","M","$","?","R","?","E","T","R","E","M","R","?","R","BOSS","M","M","$","M","?","R","E","?","T","R","?","M","E","$","R","BOSS"],"items_purchased_type":["Card","Card","Relic","Relic"],"build_version":"2020-12-13","purchased_purges":0,"victory":false,"max_hp_per_floor":[75,75,75,75,75,75,75,75,75,75,75,75,75,75,75,75,75,75,75,75,75,75,75,75,75,75,75,75,75,82,82,82,82,82],"card_choices":[{"not_picked":["Dual Wield","Replay:Undeath\u0027s Touch"],"picked":"Twin Strike","floor":1},{"not_picked":["Shrug It Off","Warcry"],"picked":"Wild Strike","floor":3},{"not_picked":["Shockwave","Intimidate"],"picked":"Anger","floor":7},{"not_picked":["ReplayTheSpireMod:Corrosion Curse","Armaments"],"picked":"Replay:Undeath\u0027s Touch","floor":8},{"not_picked":["Thunderclap","True Grit"],"picked":"Pommel Strike","floor":11},{"not_picked":["Perfected Strike","Dark Embrace"],"picked":"Cleave","floor":12},{"not_picked":["Juggernaut","Barricade"],"picked":"Reaper","floor":16},{"not_picked":["Burning Pact+1","Feel No Pain+1","Armaments"],"picked":"SKIP","floor":18},{"not_picked":["Iron Wave","Ghostly Armor","ReplayTheSpireMod:Strike From Hell"],"picked":"SKIP","floor":19},{"not_picked":["Armaments","Rage"],"picked":"Pommel Strike","floor":21},{"not_picked":["Pommel Strike","Shrug It Off"],"picked":"Heavy Blade","floor":22},{"not_picked":["Anger","ReplayReversal"],"picked":"Battle Trance","floor":24},{"not_picked":["Shrug It Off+1","Warcry+1"],"picked":"Eclipse","floor":29},{"not_picked":["Dropkick","Iron Wave","Warcry"],"picked":"SKIP","floor":30}],"player_experience":467137,"relics_obtained":[{"floor":8,"key":"Oddly Smooth Stone"},{"floor":9,"key":"Mummified Hand"},{"floor":11,"key":"Magic Flower"},{"floor":24,"key":"Anchor"},{"floor":26,"key":"Replay:Bandana"},{"floor":28,"key":"Meat on the Bone"},{"floor":30,"key":"Strawberry"}],"event_choices":[{"damage_healed":0,"gold_gain":0,"player_choice":"Got Potions","damage_taken":0,"max_hp_gain":0,"max_hp_loss":0,"event_name":"Lab","floor":5,"gold_loss":0},{"damage_healed":0,"gold_gain":0,"player_choice":"Gave Potion","damage_taken":0,"relics_obtained":["Letter Opener"],"max_hp_gain":0,"max_hp_loss":0,"event_name":"WeMeetAgain","floor":14,"gold_loss":0},{"damage_healed":0,"gold_gain":0,"player_choice":"Joined the Cult","damage_taken":6,"max_hp_gain":0,"max_hp_loss":0,"event_name":"Nest","floor":25,"gold_loss":0,"cards_obtained":["RitualDagger"]}],"is_beta":false,"boss_relics":[{"not_picked":["Snecko Eye","Velvet Choker"],"picked":"Replay:Bronze Core"}],"items_purged_floors":[],"is_endless":false,"potions_floor_spawned":[1,3,8,12,19,24],"killed_by":"Collector","ascension_level":14}}