{"host":"z9grmtg2w0nmz8n1","time":1608530701,"event":{"mods":["Aspiration","Bard","BaseMod","Beaked The Cultist","Better Altar","Better Match","Better Note","Better Sensory Stone","Better Skull","Better Third Choice","BetterRewards","CCEM","Colored Map","Conspire","Downfall","GifTheSpireLib","Googly Eyes","Halation","Hermit","Highlight Path","Hubris","Hunter ??","Jedi Mod","Jorbs\u0027s Wanderer Trilogy","Mad Scientist","Marisa????????","Minty Spire (QoL Compilation)","Permanent Neow","Replay The Spire","Shade Mod","Shop Mod","Spicy Shops","StSLib","Stuff the Spire","The Bug Knight","The Construct","The Necromancer","The Runesmith","The Witch"],"gold_per_floor":[110,110,126,140,152,179,199,233,307,307,307],"floor_reached":10,"playtime":560,"items_purged":[],"score":80,"play_id":"b6468caa-441e-4143-9882-b1c462cde7b4","local_time":"20201221040501","is_ascension_mode":false,"campfire_choices":[],"circlet_count":0,"master_deck":["Runesmith:Strike_RS","Runesmith:Strike_RS","Runesmith:Strike_RS","Runesmith:Strike_RS","Runesmith:Defend_RS","Runesmith:Defend_RS","Runesmith:Defend_RS","Runesmith:Defend_RS","Runesmith:CraftFirestone+1","Runesmith:Fortify","Regret","Runesmith:CraftMagma","Runesmith:Grindstone","Runesmith:UnstableHammer","Runesmith:EarthShield","Runesmith:PoweredAnvil"],"relics":["Runesmith:BrokenRuby","StuffTheSpire:Gunfinga","Gremlin Horn","halation:AfternoonTea"],"acts_visited":["Exordium"],"potions_floor_usage":[5,6,10],"damage_taken":[{"damage":2,"enemies":"2 Louse","floor":1,"turns":3},{"damage":1,"enemies":"Cultist","floor":3,"turns":3},{"damage":3,"enemies":"Jaw Worm","floor":4,"turns":3},{"damage":0,"enemies":"Exordium Thugs","floor":5,"turns":5},{"damage":21,"enemies":"3 Sentries","floor":6,"turns":7},{"damage":2,"enemies":"Blue Slaver","floor":7,"turns":4},{"damage":30,"enemies":"Lagavulin","floor":8,"turns":7},{"damage":11,"enemies":"3 Sentries","floor":10,"turns":2}],"seed_played":"-5652644282587112479","potions_obtained":[{"floor":1,"key":"DistilledChaos"},{"floor":5,"key":"ColorlessPotion"},{"floor":8,"key":"SkillPotion"}],"is_trial":false,"path_per_floor":["M","?","M","M","M","E","M","E","T","E"],"character_chosen":"RUNESMITH_CLASS","items_purchased":[],"campfire_rested":0,"item_purchase_floors":[],"current_hp_per_floor":[68,68,67,64,64,43,41,11,11,0,0],"gold":307,"neow_bonus":"RANDOM_EVENT","is_daily":false,"chose_seed":false,"campfire_upgraded":0,"win_rate":0.0,"timestamp":1608530701,"path_taken":["M","?","M","M","?","E","M","E","T","E"],"items_purchased_type":[],"build_version":"2020-12-13","purchased_purges":0,"victory":false,"max_hp_per_floor":[70,70,70,70,70,70,70,70,70,70,70],"card_choices":[{"not_picked":["Runesmith:FrozenChisel","Runesmith:CraftProtectio","Runesmith:Overpower"],"picked":"SKIP","floor":1},{"not_picked":["Runesmith:NanitesCloud","Runesmith:DoubleUp"],"picked":"Runesmith:CraftMagma","floor":3},{"not_picked":["Runesmith:StaticCage","Runesmith:OneForEveryone"],"picked":"Runesmith:Grindstone","floor":4},{"not_picked":["Runesmith:CraftObretio","Runesmith:DoubleUp"],"picked":"Runesmith:UnstableHammer","floor":5},{"not_picked":["Runesmith:DoubleUp","Runesmith:GenerateForcefield"],"picked":"Runesmith:EarthShield","floor":6},{"not_picked":["Runesmith:Overpower","Runesmith:BackupBattery","Runesmith:CraftProtectio"],"picked":"SKIP","floor":7},{"not_picked":["Runesmith:UnstableHammer","Runesmith:OneForEveryone"],"picked":"Runesmith:PoweredAnvil","floor":8}],"player_experience":607631,"relics_obtained":[{"floor":6,"key":"Gremlin Horn"},{"floor":8,"key":"halation:AfternoonTea"}],"event_choices":[{"damage_healed":0,"gold_gain":0,"player_choice":"Box","damage_taken":0,"relics_obtained":["StuffTheSpire:Gunfinga"],"max_hp_gain":0,"max_hp_loss":0,"event_name":"Big Fish","floor":0,"gold_loss":0,"cards_obtained":["Regret"]},{"damage_healed":0,"gold_gain":0,"player_choice":"Upgraded","damage_taken":0,"max_hp_gain":0,"max_hp_loss":0,"event_name":"Upgrade Shrine","floor":2,"gold_loss":0,"cards_upgraded":["Runesmith:CraftFirestone"]}],"is_beta":false,"boss_relics":[],"items_purged_floors":[],"is_endless":false,"potions_floor_spawned":[1,5,8],"killed_by":"3 Sentries","ascension_level":0}}