{"host":"p7xnybcl7rtshmbr","time":1608577029,"event":{"mods":["AchievementEnabler","AlwaysNeverKeys","Aspiration","BaseMod","Hermit","Hubris","Minty Spire (QoL Compilation)","Replay The Spire","StSLib","The Hierophant","The Marked","The Poker Player","The Servant 0.9.4"],"gold_per_floor":[116,132,132,146,146,146,146,146,195,195,209,52,52,52,52,153,153,166,177,177,177,228,228,240,240,240],"floor_reached":25,"playtime":795,"items_purged":[],"score":189,"play_id":"a01a0550-056a-456a-80e5-1ddae5d3d5d6","local_time":"20201221215709","is_ascension_mode":false,"campfire_choices":[{"data":"theMarked:EmpowerWeapon","floor":6,"key":"SMITH"},{"data":"theMarked:SoldierOfQuellstein","floor":8,"key":"SMITH"},{"data":"theMarked:BindingBlade","floor":13,"key":"SMITH"},{"floor":15,"key":"REST"},{"floor":23,"key":"REST"}],"circlet_count":0,"master_deck":["theMarked:Strike","theMarked:Strike","theMarked:Strike","theMarked:Strike","theMarked:Strike+1","theMarked:Defend","theMarked:Defend","theMarked:Defend","theMarked:Defend+1","theMarked:SoldierOfQuellstein+1","theMarked:EmpowerWeapon+1","Regret","theMarked:HeritageOfTheMarked+1","theMarked:BindingBlade+1","theMarked:MaelstromOfLightning","Decay","theMarked:EmpowerWeapon+1"],"relics":["theMarked:ArtifactOfAir","aspiration:Nostalgia","PokerPlayerMod:DeckCase","hubris:Towel","Vajra","hubris:Backtick","PokerPlayerMod:EnergeticBat","StrikeDummy"],"acts_visited":["Exordium","TheCity"],"potions_floor_usage":[25],"damage_taken":[{"damage":1,"enemies":"Cultist","floor":1,"turns":3},{"damage":5,"enemies":"2 Louse","floor":2,"turns":2},{"damage":5,"enemies":"Small Slimes","floor":4,"turns":4},{"damage":9,"enemies":"2 Fungi Beasts","floor":11,"turns":3},{"damage":36,"enemies":"Hexaghost","floor":16,"turns":6},{"damage":2,"enemies":"Spheric Guardian","floor":18,"turns":3},{"damage":29,"enemies":"2 Thieves","floor":19,"turns":4},{"damage":22,"enemies":"Chosen and Byrds","floor":24,"turns":4},{"damage":43,"enemies":"Book of Stabbing","floor":25,"turns":3}],"seed_played":"8858803256939047219","potions_obtained":[{"floor":4,"key":"Ancient Potion"},{"floor":11,"key":"Explosive Potion"},{"floor":16,"key":"ColorlessPotion"},{"floor":22,"key":"FearPotion"}],"is_trial":false,"path_per_floor":["M","M","?","M","?","R","?","R","T","?","M","$","R","?","R","B",null,"M","M","?","?","?","R","M","E"],"character_chosen":"THE_DEFAULT","items_purchased":["theMarked:BindingBlade"],"campfire_rested":2,"item_purchase_floors":[12],"current_hp_per_floor":[69,64,64,59,59,59,59,59,59,59,50,50,50,36,57,21,70,68,39,39,39,39,60,38,0,0],"gold":240,"neow_bonus":"NOSTALGIA","is_daily":false,"chose_seed":false,"campfire_upgraded":3,"win_rate":0.0,"timestamp":1608577029,"path_taken":["M","M","?","M","?","R","?","R","T","?","M","$","R","?","R","BOSS","M","M","?","?","?","R","M","E"],"items_purchased_type":["Card"],"build_version":"2020-12-13","purchased_purges":0,"victory":false,"max_hp_per_floor":[70,70,70,70,70,70,70,70,70,70,70,70,70,70,70,70,70,70,70,70,70,70,70,70,70,70],"card_choices":[{"not_picked":["theMarked:WardOff","theMarked:Electrocute","theMarked:WastefulDefense"],"picked":"SKIP","floor":1},{"not_picked":["theMarked:SwordAndMagic","theMarked:Convert","theMarked:WastefulDefense"],"picked":"SKIP","floor":2},{"not_picked":["theMarked:Static","theMarked:WastefulAttack"],"picked":"theMarked:EmpowerWeapon","floor":4},{"not_picked":["theMarked:SwordAndMagic","theMarked:TunnelVision"],"picked":"theMarked:HeritageOfTheMarked","floor":11},{"not_picked":["theMarked:RepellingDischarge","theMarked:ChainLightning","theMarked:WastefulDefense"],"picked":"SKIP","floor":18},{"not_picked":["theMarked:Parkour","theMarked:TwofoldDefense"],"picked":"theMarked:MaelstromOfLightning","floor":19},{"not_picked":["theMarked:ChainLightning","theMarked:SwordAndMagic"],"picked":"theMarked:EmpowerWeapon+1","floor":22},{"not_picked":["theMarked:MagicAdept","theMarked:ElectricStrings","theMarked:ChainLightning"],"picked":"SKIP","floor":24}],"player_experience":320174,"relics_obtained":[{"floor":9,"key":"Vajra"},{"floor":22,"key":"StrikeDummy"}],"event_choices":[{"damage_healed":0,"gold_gain":0,"player_choice":"Entered Light","damage_taken":14,"max_hp_gain":0,"max_hp_loss":0,"event_name":"Shining Light","floor":14,"gold_loss":0,"cards_upgraded":["theMarked:Strike","theMarked:HeritageOfTheMarked"]},{"damage_healed":0,"gold_gain":0,"player_choice":"Smashed Altar","damage_taken":0,"max_hp_gain":0,"max_hp_loss":0,"event_name":"Forgotten Altar","floor":20,"gold_loss":0,"cards_obtained":["Decay"]},{"damage_healed":0,"gold_gain":0,"player_choice":"Ignored","damage_taken":0,"max_hp_gain":0,"max_hp_loss":0,"event_name":"Vampires","floor":21,"gold_loss":0}],"is_beta":false,"boss_relics":[{"not_picked":["Snecko Eye","Ectoplasm"],"picked":"hubris:Backtick"}],"items_purged_floors":[],"is_endless":false,"potions_floor_spawned":[4,11,16,24],"killed_by":"Book of Stabbing","ascension_level":0}}