{"host":"j4tm1fhkymdbe3p9","time":1608539971,"event":{"mods":["A Magickal Journey","BaseMod","Better Third Choice","BetterRewards","Chen","Downfall","Hermit","Hubris","Infinite Spire","Koishi","Luminous","Marisa????????","Mimic Mod","Minty Spire (QoL Compilation)","Reimu??????","Remilia??????","Replay The Spire","Shade Mod","Shop Mod","StSLib","The Administrix","The Animator","The Blackbeard","The Bladedancer","The Construct","The Cursed","The Disciple","The Druid","The Exalted","The Gatherer","The Hierophant","The Mystic","The Necromancer","The Runesmith","The Servant 0.9.4","The Spell Scribe","TheSwordswoman","??????REMEMod"],"gold_per_floor":[118,118,118,128,163,163,163,195,195,209,229,249,265,290,255,353,353,367,367,379,54,54,79,95,95,127,127,140,140,80,95,95,195,195,209,209,320,370,370,396,409,409,409,409,507,473,473,582,582,678],"floor_reached":51,"playtime":3597,"items_purged":[],"score":832,"play_id":"99dcd866-20ff-4478-ac00-5ce3cb875c7b","local_time":"20201221033931","is_ascension_mode":false,"campfire_choices":[{"data":"ScarletNetherworld","floor":6,"key":"SMITH"},{"data":"Stigmanizer","floor":25,"key":"SMITH"},{"data":"DiffusionOfMisfortune","floor":27,"key":"SMITH"},{"data":"Maim","floor":32,"key":"SMITH"},{"data":"ChainGang","floor":42,"key":"SMITH"},{"data":"HellCatastrophe","floor":44,"key":"SMITH"},{"floor":49,"key":"REST"}],"circlet_count":0,"master_deck":["Defend_RM","Defend_RM+1","ScarletShoot+1","ScarletCoffin+1","Stigmanizer+1","LeisurelyOfLord+1","ScarletNetherworld+1","LeisurelyOfLord","BloodAndWine","UnstableMagic","Maim+1","Ultimatum+1","Stigmanizer+1","BloodyCatastrophe","Ultimatum+1","expansioncontent:GoopSpray+1","DiffusionOfMisfortune+1","FavorOfDestiny+1","HellCatastrophe+1","Languid","SwitchConfidence","EndlessAdversity+1","DiffusionOfMisfortune+1","CeilingFear","ChainGang+1","ReplayTheSpireMod:Splinters","ForecastOfChange","EndlessAdversity","Languid","EndlessAdversity","animator:Curse_GriefSeed"],"relics":["ScarletHat","REME_ComplimentaryCards","InkBottle","PreservedInsect","infinitespire:ShieldingShard","Sundial","Garlic","Bromod:ArcaneTrickery","Dead Branch","hubris:TinFlute","Juzu Bracelet","Runic Pyramid","ReplayTheSpireMod:Ninjato","Membership Card","Replay:Bottled Eggs","betterThird:NestCultRelic","hubris:DeckOfHolding","hubris:CrystalStatue","ReplayTheSpireMod:Lightbulb","hubris:Icosahedron","Kintsugi","Ring of Misfortune","Ring of Greed","MealTicket","The Courier","Pet Ghost","CrazyTorch:ReiMu","REME_ArchaeologicalTools","Boot"],"acts_visited":["Exordium","TheCity","TheBeyond"],"potions_floor_usage":[14,16,28],"damage_taken":[{"damage":0,"enemies":"Jaw Worm","floor":1,"turns":7},{"damage":0,"enemies":"2 Louse","floor":4,"turns":4},{"damage":3,"enemies":"Small Slimes","floor":5,"turns":7},{"damage":4,"enemies":"3 Sentries","floor":8,"turns":5},{"damage":0,"enemies":"Small Slimes","floor":10,"turns":5},{"damage":31,"enemies":"Looter","floor":11,"turns":3},{"damage":0,"enemies":"Gremlin Gang","floor":12,"turns":6},{"damage":4,"enemies":"3 Louse","floor":13,"turns":13},{"damage":0,"enemies":"Lagavulin","floor":14,"turns":4},{"damage":31,"enemies":"Hexaghost","floor":16,"turns":4},{"damage":19,"enemies":"Shell Parasite","floor":18,"turns":3},{"damage":0,"enemies":"2 Thieves","floor":20,"turns":3},{"damage":0,"enemies":"Gremlin Leader","floor":23,"turns":5},{"damage":6,"enemies":"Snake Plant","floor":24,"turns":3},{"damage":5,"enemies":"Sentry and Sphere","floor":26,"turns":8},{"damage":0,"enemies":"Sentry and Sphere","floor":28,"turns":2},{"damage":0,"enemies":"Cultist and Chosen","floor":31,"turns":3},{"damage":55,"enemies":"hubris:MusketHawk","floor":33,"turns":6},{"damage":0,"enemies":"Orb Walker","floor":35,"turns":3},{"damage":43,"enemies":"3 Shapes","floor":37,"turns":4},{"damage":8,"enemies":"R_Hoarder","floor":40,"turns":4},{"damage":33,"enemies":"3 Darklings","floor":41,"turns":2},{"damage":5,"enemies":"4 Shapes","floor":46,"turns":3},{"damage":0,"enemies":"Sphere and 2 Shapes","floor":48,"turns":1},{"damage":0,"enemies":"Replay:Hell Engine","floor":50,"turns":2}],"seed_played":"5912953411534288107","potions_obtained":[{"floor":4,"key":"PowerPotion"},{"floor":5,"key":"SteroidPotion"},{"floor":12,"key":"Milkshake"},{"floor":12,"key":"infinitespire:BlackPotion"},{"floor":14,"key":"Elixir"},{"floor":16,"key":"Regen Potion"},{"floor":28,"key":"Block Potion"}],"is_trial":false,"path_per_floor":["M","?","?","M","MIM","R","?","E","T","M","M","M","M","E","R","B",null,"M","?","M","$","?","E","M","R","MIM","R","M","?","?","M","R","B",null,"M","?","M","?","?","E","M","R","T","R","?","M","T","M","R","B",null],"character_chosen":"REMILIA","items_purchased":["Membership Card","expansioncontent:GoopSpray","Replay:Bottled Eggs"],"campfire_rested":1,"item_purchase_floors":[21,21,21],"current_hp_per_floor":[75,75,60,60,57,57,75,71,71,71,40,40,38,46,64,37,75,56,56,56,56,56,60,55,55,55,55,75,75,75,75,75,20,75,75,75,61,61,61,69,42,42,42,42,42,37,37,38,60,75],"gold":678,"neow_bonus":"TRANSFORM_CARD","is_daily":false,"chose_seed":false,"campfire_upgraded":6,"win_rate":0.0,"timestamp":1608539971,"path_taken":["M","?","?","M","?","R","?","E","T","M","M","M","M","E","R","BOSS","M","?","M","$","?","E","M","R","MIM","R","M","?","?","M","R","BOSS","M","?","M","?","?","E","M","R","T","R","?","M","?","M","R","BOSS"],"items_purchased_type":["Relic","Card","Relic"],"build_version":"2020-12-13","purchased_purges":0,"victory":true,"max_hp_per_floor":[75,75,75,75,75,75,75,75,75,75,75,75,75,75,75,75,75,75,75,75,75,75,75,75,75,75,75,75,75,75,75,75,75,75,75,75,75,75,75,75,75,75,75,75,75,75,75,75,75,75],"card_choices":[{"not_picked":["BloodHunter","ForbiddenFruit"],"picked":"Stigmanizer","floor":1},{"not_picked":["UnderTheZenith","UnstableMagic"],"picked":"LeisurelyOfLord","floor":4},{"not_picked":["ScarletDevil","BloodHunter"],"picked":"ScarletNetherworld","floor":5},{"not_picked":["BloodyCatastrophe","ScarletDevilSign"],"picked":"LeisurelyOfLord","floor":8},{"not_picked":["VampireClaw","ScarletDevil"],"picked":"BloodAndWine","floor":10},{"not_picked":["AfternoonTea","ScarletImprint"],"picked":"UnstableMagic","floor":11},{"not_picked":["CharismaGuard","FitfulNightmare"],"picked":"Maim","floor":12},{"not_picked":["BloodHunter","NightDance"],"picked":"Ultimatum","floor":13},{"not_picked":["BlasphemousPunishment","VampireClaw"],"picked":"Stigmanizer","floor":14},{"not_picked":["CeilingFear","VampireClaw","RedRainbow"],"picked":"SKIP","floor":14},{"not_picked":["CeilingFear","VampireClaw","RedRainbow"],"picked":"SKIP","floor":14},{"not_picked":["CeilingFear","BloodRain"],"picked":"BloodyCatastrophe","floor":16},{"not_picked":["EternalNight","BlasphemousPunishment+1","BombardNight"],"picked":"SKIP","floor":18},{"not_picked":["BloodAndWine","UnstableMagic"],"picked":"Ultimatum+1","floor":20},{"not_picked":["BloodyTrap","NightDance","UnderTheZenith"],"picked":"SKIP","floor":23},{"not_picked":["AfternoonTea","StarOfDavid","BlasphemousPunishment"],"picked":"SKIP","floor":24},{"not_picked":["UltimateOffering","HunterOfTheNight"],"picked":"DiffusionOfMisfortune","floor":26},{"not_picked":["BadLadyScramble","VampireSweep"],"picked":"FavorOfDestiny+1","floor":26},{"not_picked":["UnderTheZenith","NightDance","NightLord"],"picked":"SKIP","floor":28},{"not_picked":["ScarletDevilSign","ScarletImprint","BloodHunter"],"picked":"SKIP","floor":31},{"not_picked":["QueenOfMidnight","ChaoticDestiny"],"picked":"HellCatastrophe","floor":33},{"not_picked":["UnderTheZenith+1","ScarletNetherworld+1"],"picked":"EndlessAdversity+1","floor":35},{"not_picked":["ScarletDevil","UnstableMagic+1","StarOfDavid+1"],"picked":"SKIP","floor":35},{"not_picked":["ReincarnationDial","AfternoonTea+1"],"picked":"DiffusionOfMisfortune+1","floor":37},{"not_picked":["KillingBlow","Stigmanizer+1","VampireSweep"],"picked":"SKIP","floor":40},{"not_picked":["ScarletImprint+1","ScarletDevilSign","ChainGang"],"picked":"SKIP","floor":40},{"not_picked":["ScarletImprint+1","ScarletDevilSign"],"picked":"ChainGang","floor":40},{"not_picked":["KillingBlow","Stigmanizer+1","VampireSweep"],"picked":"SKIP","floor":40},{"not_picked":["BloodHunter","MastersStateliness+1","EmergencyRegeneration"],"picked":"SKIP","floor":41},{"not_picked":["BlasphemousPunishment+1","BloodyMagicSquare+1","NightDance"],"picked":"SKIP","floor":41},{"not_picked":["VampireKiss","ScarletImprint+1"],"picked":"ForecastOfChange","floor":45},{"not_picked":["ScarletNetherworld","BloodHunter"],"picked":"EndlessAdversity","floor":45},{"not_picked":["ScarletNetherworld","MastersStateliness","BloodAndWine+1"],"picked":"SKIP","floor":46},{"not_picked":["ScarletGensokyo+1","ScarletImprint","BloodyCatastrophe"],"picked":"SKIP","floor":46},{"not_picked":["RedRainbow","Stigmanizer"],"picked":"EndlessAdversity","floor":48}],"player_experience":576486,"relics_obtained":[{"floor":4,"key":"InkBottle"},{"floor":5,"key":"PreservedInsect"},{"floor":8,"key":"infinitespire:ShieldingShard"},{"floor":8,"key":"Sundial"},{"floor":9,"key":"Garlic"},{"floor":10,"key":"Bromod:ArcaneTrickery"},{"floor":10,"key":"Dead Branch"},{"floor":12,"key":"hubris:TinFlute"},{"floor":14,"key":"Juzu Bracelet"},{"floor":23,"key":"hubris:DeckOfHolding"},{"floor":26,"key":"hubris:CrystalStatue"},{"floor":28,"key":"ReplayTheSpireMod:Lightbulb"},{"floor":38,"key":"Ring of Misfortune"},{"floor":38,"key":"Ring of Greed"},{"floor":38,"key":"MealTicket"},{"floor":38,"key":"The Courier"},{"floor":40,"key":"Pet Ghost"},{"floor":43,"key":"CrazyTorch:ReiMu"},{"floor":47,"key":"REME_ArchaeologicalTools"},{"floor":48,"key":"Boot"}],"event_choices":[{"damage_healed":75,"gold_gain":0,"player_choice":"Upgrade","damage_taken":15,"max_hp_gain":0,"max_hp_loss":75,"event_name":"betterThird:BetterShining","floor":3,"gold_loss":0,"cards_upgraded":["ScarletShoot","ScarletCoffin"]},{"damage_healed":25,"gold_gain":0,"player_choice":"Banana","damage_taken":0,"max_hp_gain":0,"max_hp_loss":0,"event_name":"Big Fish","floor":7,"gold_loss":0},{"damage_healed":18,"gold_gain":0,"player_choice":"Healed","damage_taken":0,"max_hp_gain":0,"max_hp_loss":0,"event_name":"The Cleric","floor":15,"gold_loss":35},{"damage_healed":0,"gold_gain":0,"player_choice":"Madness","damage_taken":0,"relics_obtained":["betterThird:NestCultRelic"],"max_hp_gain":0,"max_hp_loss":0,"event_name":"betterThird:BetterNest","floor":22,"gold_loss":0},{"cards_removed":["UltimateOffering"],"damage_healed":0,"gold_gain":0,"player_choice":"Removed Attack","damage_taken":0,"max_hp_gain":0,"max_hp_loss":0,"event_name":"Falling","floor":36,"gold_loss":0},{"damage_healed":0,"gold_gain":0,"cards_transformed":["RedMoon"],"player_choice":"Transformed","damage_taken":0,"max_hp_gain":0,"max_hp_loss":0,"event_name":"Transmorgrifier","floor":39,"gold_loss":0,"cards_obtained":["CeilingFear"]}],"is_beta":false,"boss_relics":[{"not_picked":["Astrolabe","RedLine:ReiMu"],"picked":"Runic Pyramid"},{"not_picked":["Velvet Choker","hubris:CrackedHourglass"],"picked":"Kintsugi"}],"items_purged_floors":[],"is_endless":false,"potions_floor_spawned":[12,13,14,16,23,28,31,37,48],"ascension_level":0}}