{"host":"18wi9kpcl4eah7pe","time":1608569974,"event":{"mods":["BaseMod","Colored Powertips","Downfall","Minty Spire (QoL Compilation)","StSLib"],"gold_per_floor":[349,524,18,18,37,72,72,72,105,30,43,102,121,121,131,131,131,131],"floor_reached":16,"playtime":666,"items_purged":["Doubt"],"score":113,"play_id":"207711e0-165d-44a7-8573-45a990d4b7cc","local_time":"20201221105934","is_ascension_mode":true,"campfire_choices":[{"floor":1,"key":"RECALL"},{"floor":8,"key":"REST"},{"floor":10,"key":"REST"}],"circlet_count":0,"master_deck":["Slimebound:Strike_Slimebound","Slimebound:Strike_Slimebound","Slimebound:Strike_Slimebound","Slimebound:Tackle+1","Slimebound:Defend_Slimebound","Slimebound:Defend_Slimebound+1","Slimebound:Defend_Slimebound","Slimebound:Defend_Slimebound","Slimebound:Split","Slimebound:CorrosiveSpit","Slimebound:GoopSpray","Slimebound:LeechEnergy+1","Slimebound:OneTwoCombo","Slimebound:RollThrough","Slimebound:SlimeSpikes","Slimebound:GrowthPunch","Slimebound:LeechingTouch","Slimebound:LeadByExample","Slimebound:SamplingLick","Slimebound:LevelUp","Slimebound:SpikyOuterGoop"],"relics":["Slimebound:AbsorbEndCombat","Singing Bowl","Orrery","Toy Ornithopter","Omamori","Tiny Chest","Blood Vial","downfall:HeartBlessingGreen","Bottled Flame"],"acts_visited":["Exordium"],"potions_floor_usage":[12,12,16],"damage_taken":[{"damage":9,"enemies":"downfall:FleeingMerchant","floor":3,"turns":4},{"damage":10,"enemies":"Jaw Worm","floor":5,"turns":2},{"damage":18,"enemies":"Lagavulin","floor":6,"turns":7},{"damage":27,"enemies":"3 Sentries","floor":9,"turns":6},{"damage":4,"enemies":"Small Slimes","floor":11,"turns":2},{"damage":8,"enemies":"3 Sentries","floor":12,"turns":5},{"damage":0,"enemies":"2 Louse","floor":13,"turns":2},{"damage":12,"enemies":"Large Slime","floor":15,"turns":3},{"damage":71,"enemies":"downfall:Defect","floor":16,"turns":8}],"seed_played":"-6622892492786330593","potions_obtained":[{"floor":9,"key":"Energy Potion"},{"floor":11,"key":"Explosive Potion"},{"floor":15,"key":"FearPotion"}],"is_trial":false,"path_per_floor":["R","?","$","?","M","E","T","R","E","R","M","?","M","?","M","B"],"character_chosen":"SLIMEBOUND","items_purchased":["Singing Bowl","Orrery"],"campfire_rested":2,"item_purchase_floors":[3,3],"current_hp_per_floor":[54,54,55,30,26,20,20,37,20,37,43,51,53,53,57,0,0,0],"gold":131,"neow_bonus":"TWO_FIFTY_GOLD","is_daily":false,"chose_seed":false,"campfire_upgraded":0,"win_rate":0.0,"timestamp":1608569974,"path_taken":["R","?","$","?","M","E","T","R","E","R","?","?","M","?","M","BOSS"],"items_purchased_type":["Relic","Relic"],"build_version":"2020-12-13","purchased_purges":1,"victory":false,"max_hp_per_floor":[54,54,58,58,58,58,58,58,58,58,58,58,58,58,58,58,58,58],"card_choices":[{"not_picked":["Slimebound:LeechingTouch","Slimebound:Chomp"],"picked":"Slimebound:GoopSpray","floor":3},{"not_picked":["Slimebound:GoopTackle","Slimebound:LeechingTouch"],"picked":"Slimebound:LeechEnergy","floor":3},{"not_picked":["Slimebound:RejuvenatingLick","Slimebound:Replication","Slimebound:ServeAndProtect"],"picked":"Singing Bowl","floor":3},{"not_picked":["Slimebound:ServeAndProtect","Slimebound:Nibble"],"picked":"Slimebound:OneTwoCombo","floor":3},{"not_picked":["Slimebound:GoopTackle","Slimebound:Schlurp"],"picked":"Slimebound:RollThrough","floor":3},{"not_picked":["Slimebound:FinishingTackle","Slimebound:RollThrough","Slimebound:RainOfGoop"],"picked":"Singing Bowl","floor":3},{"not_picked":["Slimebound:RollThrough","Slimebound:SplitMire"],"picked":"Slimebound:SlimeSpikes","floor":5},{"not_picked":["Slimebound:SplitLeeching","Slimebound:SlimeBrawl"],"picked":"Slimebound:GrowthPunch","floor":6},{"not_picked":["Slimebound:PressTheAttack","Slimebound:FormOfPuddle"],"picked":"Slimebound:LeechingTouch","floor":9},{"not_picked":["Slimebound:ServeAndProtect","Slimebound:TagTeam"],"picked":"Slimebound:LeadByExample","floor":11},{"not_picked":["Slimebound:SlimeBrawl","Slimebound:DisruptingSlam"],"picked":"Slimebound:SamplingLick","floor":12},{"not_picked":["Slimebound:PressTheAttack","Slimebound:Schlurp"],"picked":"Slimebound:LevelUp","floor":13},{"not_picked":["Slimebound:FirmFortitude","Slimebound:RainOfGoop"],"picked":"Slimebound:SpikyOuterGoop","floor":15}],"player_experience":818909,"relics_obtained":[{"floor":6,"key":"Omamori"},{"floor":7,"key":"Tiny Chest"},{"floor":9,"key":"Blood Vial"},{"floor":12,"key":"Bottled Flame"}],"event_choices":[{"damage_healed":0,"gold_gain":0,"player_choice":"Success","damage_taken":25,"relics_obtained":["Toy Ornithopter"],"max_hp_gain":0,"max_hp_loss":0,"event_name":"Scrap Ooze","floor":4,"gold_loss":0}],"is_beta":false,"boss_relics":[],"items_purged_floors":[3],"is_endless":false,"potions_floor_spawned":[9,11,15],"killed_by":"downfall:Defect","ascension_level":1}}