{"host":"xuxmsn6olavvgi6l","time":1608590691,"event":{"mods":["AchievementEnabler","Act Like it!","BaseMod","Better Third Choice","BetterRewards","Colored Map","Colored Powertips","Hermit","Highlight Path","Hubris","Infinite Spire","Marisa????????","Minty Spire (QoL Compilation)","Rare Cards Sparkle","Replay The Spire","Shop Mod","StSLib","The Animator","The Bug Knight","The Construct","The Cursed","The Runesmith","The Servant 0.9.4"],"gold_per_floor":[113,130,130,149,166,194,194,194,194,119,119,119,143,157,157,286,286,301,301,301,324,340,340,340],"floor_reached":23,"playtime":982,"items_purged":["Injury"],"score":293,"play_id":"89be9ac7-4381-4769-b3f5-c21b29a9fea9","local_time":"20201221164451","is_ascension_mode":false,"campfire_choices":[{"data":"HollowMod:MantisMark","floor":7.0,"key":"SMITH"},{"data":"HollowMod:FocusHealStart","floor":12.0,"key":"SMITH"},{"data":"HollowMod:MantisMark","floor":15.0,"key":"SMITH"}],"circlet_count":0,"master_deck":["HollowMod:NailStrikeStart","HollowMod:NailStrikeStart","HollowMod:NailStrikeStart","HollowMod:NailStrikeStart","HollowMod:QuickDashStart","HollowMod:QuickDashStart","HollowMod:QuickDashStart","HollowMod:QuickDashStart","HollowMod:FocusHealStart+1","HollowMod:PogoStrike","HollowMod:GreatSlash+1","HollowMod:MantisMark+1","HollowMod:MantisMark+1","HollowMod:MonarchWings","HollowMod:SlysStrikes","HollowMod:HuntersJournal","HollowMod:CloakDash"],"relics":["HollowMod:VesselMask","MerchantsRug","infinitespire:EmpoweringShard","construct:RocketBooster","WingedGreaves","hubris:Metronome","Golden Idol","HollowMod:MantisClawRelic","construct:WeddingRing","hubris:FruitBowl","Juzu Bracelet","infinitespire:Lychee Nut"],"acts_visited":["Exordium","TheCity"],"potions_floor_usage":[23,23],"damage_taken":[{"damage":5.0,"enemies":"infinitespire:Voidling","floor":1.0,"turns":3.0},{"damage":1.0,"enemies":"Jaw Worm","floor":2.0,"turns":3.0},{"damage":0.0,"enemies":"Small Slimes","floor":4.0,"turns":2.0},{"damage":9.0,"enemies":"Blue Slaver","floor":5.0,"turns":5.0},{"damage":26.0,"enemies":"Lagavulin","floor":6.0,"turns":6.0},{"damage":0.0,"enemies":"Lots of Slimes","floor":13.0,"turns":1.0},{"damage":0.0,"enemies":"Large Slime","floor":14.0,"turns":2.0},{"damage":28.0,"enemies":"The Guardian","floor":16.0,"turns":10.0},{"damage":0.0,"enemies":"Spheric Guardian","floor":18.0,"turns":2.0},{"damage":8.0,"enemies":"2 Thieves","floor":21.0,"turns":2.0},{"damage":0.0,"enemies":"Sentry and Sphere","floor":22.0,"turns":3.0},{"damage":61,"enemies":"Nightmare","floor":23,"turns":8}],"seed_played":"-1673426301631260376","potions_obtained":[{"floor":1.0,"key":"DuplicationPotion"},{"floor":6.0,"key":"EntropicBrew"},{"floor":16.0,"key":"Adrenaline Potion"},{"floor":21.0,"key":"BlessingOfTheForge"},{"floor":22.0,"key":"LifebloodPotion"}],"is_trial":false,"path_per_floor":["M","M","?","M","M","E","R","?","T","$","?","R","M","M","R","B",null,"M","?","$","M","M","NM"],"character_chosen":"THE_BUGKNIGHT","items_purchased":["MerchantsRug","infinitespire:EmpoweringShard","hubris:FruitBowl","Juzu Bracelet","infinitespire:Lychee Nut"],"campfire_rested":0,"item_purchase_floors":[0,0,20,20,20],"current_hp_per_floor":[53,52,45,51,52,32,32,32,32,32,32,32,32,32,32,16,75,75,75,26,27,38,0,0],"gold":340,"neow_bonus":"","is_daily":false,"chose_seed":false,"campfire_upgraded":3,"win_rate":0.0,"timestamp":1608590691,"path_taken":["M","?","?","M","M","E","R","?","T","$","?","R","?","M","R","BOSS","M","?","?","M","M","NM"],"items_purchased_type":["Relic","Relic","Relic","Relic","Relic"],"build_version":"2020-12-13","purchased_purges":1,"victory":false,"max_hp_per_floor":[75,75,75,75,75,75,75,75,75,75,75,75,75,75,75,75,75,75,75,47,47,47,47,47],"card_choices":[{"not_picked":["HollowMod:DreamGate","HollowMod:NewLittleFool","HollowMod:InfectedAttack"],"picked":"SKIP","floor":1.0},{"not_picked":["HollowMod:InfectedCysts","HollowMod:GoodIntentions","HollowMod:SiblingsShadow"],"picked":"SKIP","floor":2.0},{"not_picked":["HollowMod:DesolateDive","HollowMod:WraithStrike"],"picked":"HollowMod:GreatSlash","floor":4.0},{"not_picked":["HollowMod:SiblingsSouls","HollowMod:NewJinnsSoul","HollowMod:HowlingWraiths"],"picked":"SKIP","floor":5.0},{"not_picked":["HollowMod:WraithStrike","HollowMod:ChannelNail"],"picked":"HollowMod:MantisMark","floor":6.0},{"not_picked":["HollowMod:InfectedAttack","HollowMod:ChannelNail"],"picked":"HollowMod:MonarchWings","floor":13.0},{"not_picked":["HollowMod:InfectedCysts","HollowMod:ElderbugsWisdom","HollowMod:FallenFury"],"picked":"SKIP","floor":14.0},{"not_picked":["HollowMod:ZotesMagnificence","HollowMod:NewInfectedGuardian"],"picked":"HollowMod:SlysStrikes","floor":16.0},{"not_picked":["HollowMod:MonarchWings","HollowMod:InfectedCysts"],"picked":"HollowMod:HuntersJournal","floor":18.0},{"not_picked":["HollowMod:MonarchWings","HollowMod:DescendingDark","HollowMod:CloakDash"],"picked":"SKIP","floor":21.0},{"not_picked":["HollowMod:MonarchWings","HollowMod:DescendingDark"],"picked":"HollowMod:CloakDash","floor":21.0},{"not_picked":["HollowMod:VengefulVoid","HollowMod:SoulStrike+1","HollowMod:ShapeofUnn"],"picked":"SKIP","floor":22.0}],"player_experience":1294202,"relics_obtained":[{"floor":6.0,"key":"hubris:Metronome"},{"floor":9.0,"key":"HollowMod:MantisClawRelic"}],"event_choices":[{"damage_healed":0.0,"max_hp_gain":0.0,"max_hp_loss":0.0,"gold_gain":0.0,"event_name":"betterThird:BetterScrap","player_choice":"Relic ","floor":3.0,"gold_loss":0.0,"damage_taken":7.0,"cards_obtained":["Hemokinesis"]},{"damage_healed":0.0,"max_hp_gain":0.0,"max_hp_loss":0.0,"gold_gain":0.0,"event_name":"Golden Idol","player_choice":"Take Wound","floor":8.0,"gold_loss":0.0,"damage_taken":0.0,"relics_obtained":["Golden Idol"],"cards_obtained":["Injury"]},{"damage_healed":0.0,"max_hp_gain":0.0,"max_hp_loss":0.0,"gold_gain":0.0,"event_name":"Match and Keep!","player_choice":"1 cards matched","floor":11.0,"gold_loss":0.0,"damage_taken":0.0,"cards_obtained":["HollowMod:MantisMark"]},{"damage_healed":0.0,"max_hp_gain":0.0,"max_hp_loss":0.0,"gold_gain":0.0,"event_name":"N\u0027loth","player_choice":"Ignored","floor":19.0,"gold_loss":0.0,"damage_taken":0.0}],"is_beta":false,"boss_relics":[{"not_picked":["hubris:HollowSoul","Astrolabe"],"picked":"construct:WeddingRing"}],"items_purged_floors":[10],"is_endless":false,"potions_floor_spawned":[1,6,13,16,21,22],"killed_by":"Nightmare","ascension_level":0}}