{"host":"egyxg9lnjq7g2hmw","time":1608520602,"event":{"mods":["AchievementEnabler","BaseMod","Block Reminder","Colored Map","Colored Powertips","Highlight Path","Minty Spire (QoL Compilation)","Rare Cards Sparkle","StSLib"],"gold_per_floor":[115,265,265,31,45,45,65,104,157,198,223,9,49,126,126,207,207,226,248,257,266,37,37,51,86,86,113,113,36,45,87,87,167,167,190,28,42,42,62,62,105,117,155,167,209,221,260,281,293,305,317,317],"floor_reached":51,"playtime":3365,"items_purged":["Doubt","Pain","Strike_G","Strike_G"],"score":1570,"play_id":"e30fb0f8-5402-4eb9-b363-cbbe0e9bf195","local_time":"20201220191642","is_ascension_mode":true,"campfire_choices":[{"data":"Choke","floor":6.0,"key":"SMITH"},{"floor":15.0,"key":"REST"},{"floor":23.0,"key":"REST"},{"data":"Ghostly","floor":28.0,"key":"SMITH"},{"data":"Ghostly","floor":32.0,"key":"SMITH"},{"floor":40.0,"key":"DIG"},{"floor":42.0,"key":"DIG"},{"data":"Ghostly","floor":44.0,"key":"SMITH"},{"floor":46.0,"key":"RECALL"},{"floor":49.0,"key":"DIG"}],"circlet_count":0,"master_deck":["AscendersBane","Strike_G","Defend_G","Defend_G","Defend_G","Defend_G","Defend_G","Survivor","Neutralize+1","Choke+1","Deflect","Acrobatics","Cloak And Dagger","Underhanded Strike","Tactician","Blade Dance","Trip","Well Laid Plans","Adrenaline","Acrobatics","Eviscerate","Necronomicurse","RitualDagger","Concentrate","Underhanded Strike+1","Ghostly+1","Ghostly+1","Ghostly+1","Impatience","Footwork","Prepared+1","Burst","Eviscerate","Parasite","Writhe"],"relics":["Ring of the Snake","WarpedTongs","CeramicFish","Bag of Preparation","The Courier","Meat on the Bone","Empty Cage","Necronomicon","Shovel","Bottled Flame","Whetstone","Busted Crown","MawBank","Snake Skull","Regal Pillow","Happy Flower","Boot","Du-Vu Doll"],"acts_visited":["Exordium","TheCity","TheBeyond"],"potions_floor_usage":[],"damage_taken":[{"damage":0.0,"enemies":"Jaw Worm","floor":1.0,"turns":6.0},{"damage":2.0,"enemies":"Cultist","floor":5.0,"turns":3.0},{"damage":1.0,"enemies":"Small Slimes","floor":7.0,"turns":4.0},{"damage":10.0,"enemies":"Lagavulin","floor":8.0,"turns":8.0},{"damage":35.0,"enemies":"Gremlin Nob","floor":10.0,"turns":4.0},{"damage":6.0,"enemies":"Looter","floor":11.0,"turns":3.0},{"damage":10.0,"enemies":"Lagavulin","floor":13.0,"turns":4.0},{"damage":16.0,"enemies":"Slime Boss","floor":16.0,"turns":7.0},{"damage":10.0,"enemies":"Spheric Guardian","floor":18.0,"turns":5.0},{"damage":6.0,"enemies":"3 Byrds","floor":19.0,"turns":4.0},{"damage":22.0,"enemies":"Sentry and Sphere","floor":24.0,"turns":4.0},{"damage":16.0,"enemies":"Book of Stabbing","floor":25.0,"turns":3.0},{"damage":27.0,"enemies":"Gremlin Leader","floor":31.0,"turns":4.0},{"damage":6.0,"enemies":"Automaton","floor":33.0,"turns":10.0},{"damage":1.0,"enemies":"3 Darklings","floor":35.0,"turns":5.0},{"damage":26.0,"enemies":"3 Shapes","floor":37.0,"turns":4.0},{"damage":0.0,"enemies":"Writhing Mass","floor":39.0,"turns":2.0},{"damage":0.0,"enemies":"Giant Head","floor":41.0,"turns":5.0},{"damage":4.0,"enemies":"Nemesis","floor":45.0,"turns":6.0},{"damage":5.0,"enemies":"Reptomancer","floor":47.0,"turns":3.0},{"damage":29.0,"enemies":"Awakened One","floor":50.0,"turns":9.0},{"damage":28,"enemies":"Time Eater","floor":51,"turns":9}],"seed_played":"-5594775576482079804","potions_obtained":[{"floor":1.0,"key":"Energy Potion"},{"floor":8.0,"key":"Fruit Juice"},{"floor":11.0,"key":"Energy Potion"},{"floor":16.0,"key":"EssenceOfSteel"},{"floor":18.0,"key":"Dexterity Potion"},{"floor":19.0,"key":"BlessingOfTheForge"},{"floor":39.0,"key":"LiquidMemories"},{"floor":41.0,"key":"Fire Potion"}],"is_trial":false,"path_per_floor":["M","?","?","$","M","R","M","E","T","E","M","$","E","?","R","B",null,"M","M","?","?","$","R","M","E","T","?","R","$","?","E","R","B",null,"M","$","M","?","M","R","E","R","T","R","E","R","E","?","R","B","B"],"character_chosen":"THE_SILENT","items_purchased":["Deflect","Slice","AttackPotion","CunningPotion","Trip","Concentrate","DuplicationPotion","Impatience","AttackPotion"],"campfire_rested":2,"item_purchase_floors":[4,4,4,12,12,22,22,29,36],"current_hp_per_floor":[65,65,65,65,63,63,62,52,52,17,11,16,6,6,29,25,64,54,48,27,21,21,44,34,30,30,30,30,30,30,15,15,21,34,33,33,19,19,31,31,31,31,31,31,27,27,22,30,30,13,0,0],"gold":317,"neow_bonus":"TEN_PERCENT_HP_BONUS","is_daily":false,"chose_seed":false,"campfire_upgraded":4,"win_rate":0.0,"timestamp":1608520602,"path_taken":["M","?","?","$","M","R","M","E","T","E","?","$","E","?","R","BOSS","M","M","?","?","$","R","M","E","T","?","R","$","?","E","R","BOSS","M","$","M","?","M","R","E","R","T","R","E","R","E","?","R","BOSS","BOSS"],"items_purchased_type":["Card","Card","Potion","Potion","Card","Card","Potion","Card","Potion"],"build_version":"2020-12-13","purchased_purges":4,"victory":false,"max_hp_per_floor":[72,72,72,72,72,72,72,72,72,72,72,77,77,77,77,77,77,77,77,77,77,77,77,77,77,77,38,38,38,38,38,38,38,38,38,38,38,38,38,38,38,38,38,38,38,38,38,38,38,38,38,38],"card_choices":[{"not_picked":["Flechettes","Backflip"],"picked":"Choke","floor":1.0},{"not_picked":["Choke","Outmaneuver"],"picked":"Acrobatics","floor":5.0},{"not_picked":["Finisher","Caltrops"],"picked":"Cloak And Dagger","floor":7.0},{"not_picked":["Footwork","Dagger Throw"],"picked":"Underhanded Strike","floor":8.0},{"not_picked":["Quick Slash","Expertise"],"picked":"Tactician","floor":10.0},{"not_picked":["Dagger Spray","Expertise"],"picked":"Blade Dance","floor":11.0},{"not_picked":["Crippling Poison","Reflex"],"picked":"Well Laid Plans","floor":13.0},{"not_picked":["Unload","Grand Finale"],"picked":"Adrenaline","floor":16.0},{"not_picked":["Setup+1","Bane"],"picked":"Acrobatics","floor":18.0},{"not_picked":["Acrobatics","Crippling Poison"],"picked":"Eviscerate","floor":19.0},{"not_picked":["Deflect","Flying Knee+1","Cloak And Dagger"],"picked":"SKIP","floor":24.0},{"not_picked":["Deflect","Flying Knee+1","Cloak And Dagger"],"picked":"SKIP","floor":24.0},{"not_picked":["Calculated Gamble+1","Cloak And Dagger"],"picked":"Underhanded Strike","floor":25.0},{"not_picked":["Distraction","Doppelganger"],"picked":"Prepared+1","floor":31.0},{"not_picked":["Die Die Die","A Thousand Cuts"],"picked":"Burst","floor":33.0},{"not_picked":[],"picked":"Eviscerate","floor":35.0},{"not_picked":["Sucker Punch"],"picked":"SKIP","floor":37.0},{"not_picked":["Sucker Punch+1"],"picked":"SKIP","floor":39.0},{"not_picked":["Poisoned Stab+1"],"picked":"SKIP","floor":41.0},{"not_picked":["Acrobatics"],"picked":"SKIP","floor":45.0},{"not_picked":["Deflect"],"picked":"SKIP","floor":47.0}],"player_experience":555474,"relics_obtained":[{"floor":8.0,"key":"CeramicFish"},{"floor":9.0,"key":"Bag of Preparation"},{"floor":10.0,"key":"The Courier"},{"floor":13.0,"key":"Meat on the Bone"},{"floor":20.0,"key":"Necronomicon"},{"floor":25.0,"key":"Shovel"},{"floor":26.0,"key":"Bottled Flame"},{"floor":31.0,"key":"Whetstone"},{"floor":40.0,"key":"MawBank"},{"floor":41.0,"key":"Snake Skull"},{"floor":42.0,"key":"Regal Pillow"},{"floor":45.0,"key":"Happy Flower"},{"floor":47.0,"key":"Boot"},{"floor":49.0,"key":"Du-Vu Doll"}],"event_choices":[{"damage_healed":0.0,"max_hp_gain":0.0,"max_hp_loss":0.0,"gold_gain":150.0,"event_name":"Liars Game","player_choice":"AGREE","floor":2.0,"gold_loss":0.0,"damage_taken":0.0,"cards_obtained":["Doubt"]},{"damage_healed":0.0,"max_hp_gain":0.0,"max_hp_loss":0.0,"gold_gain":0.0,"event_name":"Accursed Blacksmith","player_choice":"Rummage","floor":3.0,"gold_loss":0.0,"damage_taken":0.0,"relics_obtained":["WarpedTongs"],"cards_obtained":["Pain"]},{"damage_healed":0.0,"max_hp_gain":0.0,"max_hp_loss":0.0,"gold_gain":77.0,"event_name":"Golden Wing","player_choice":"Gained Gold","floor":14.0,"gold_loss":0.0,"damage_taken":0.0},{"damage_healed":0.0,"max_hp_gain":0.0,"max_hp_loss":0.0,"gold_gain":0.0,"event_name":"Cursed Tome","player_choice":"Obtained Book","floor":20.0,"gold_loss":0.0,"damage_taken":21.0},{"damage_healed":0.0,"max_hp_gain":0.0,"max_hp_loss":0.0,"gold_gain":0.0,"event_name":"Nest","player_choice":"Joined the Cult","floor":21.0,"gold_loss":0.0,"damage_taken":6.0,"cards_obtained":["RitualDagger"]},{"damage_healed":0.0,"max_hp_gain":0.0,"max_hp_loss":39.0,"gold_gain":0.0,"event_name":"Ghosts","player_choice":"Became a Ghost","floor":27.0,"gold_loss":0.0,"damage_taken":0.0,"cards_obtained":["Ghostly","Ghostly","Ghostly"]},{"damage_healed":0.0,"max_hp_gain":0.0,"max_hp_loss":0.0,"gold_gain":0.0,"event_name":"The Library","player_choice":"Read","floor":30.0,"gold_loss":0.0,"damage_taken":0.0,"cards_obtained":["Footwork"]},{"cards_removed":["Slice"],"damage_healed":0.0,"max_hp_gain":0.0,"max_hp_loss":0.0,"gold_gain":0.0,"event_name":"Falling","player_choice":"Removed Attack","floor":38.0,"gold_loss":0.0,"damage_taken":0.0},{"damage_healed":8.0,"max_hp_gain":0.0,"max_hp_loss":0.0,"gold_gain":0.0,"event_name":"Winding Halls","player_choice":"Writhe","floor":48.0,"gold_loss":0.0,"damage_taken":0.0,"cards_obtained":["Writhe"]}],"is_beta":false,"boss_relics":[{"not_picked":["Runic Dome","Pandora\u0027s Box"],"picked":"Empty Cage"},{"not_picked":["Snecko Eye","Sozu"],"picked":"Busted Crown"}],"items_purged_floors":[4,12,22,36],"is_endless":false,"potions_floor_spawned":[1,8,11,16,18,19,31,39,41,45,47],"killed_by":"Time Eater","ascension_level":20}}