{"host":"87fdiiwflhrwsj8a","time":1608592216,"event":{"mods":["Aspiration","BaseMod","Better Match","Better Third Choice","BetterRewards","Colored Map","Downfall","GifTheSpireLib","Infinite Spire","Minty Spire (QoL Compilation)","Relic Sorter","Replay The Spire","Robot Space Explorer","StSLib","Stuff the Spire","The Cursed"],"gold_per_floor":[112,112,112,130,130,174,186,219,231,243,275,322,334,359,371,383,383],"floor_reached":16,"playtime":392,"items_purged":[],"score":270,"play_id":"43f0eec5-73b3-4c53-a54f-a8435c1f6a3e","local_time":"20201221181016","is_ascension_mode":true,"campfire_choices":[{"data":"Anger","floor":13,"key":"SMITH"},{"floor":15,"key":"REST"}],"circlet_count":0,"master_deck":["AscendersBane","Strike_R+1","Strike_R+1","Strike_R+1","Strike_R+1","Strike_R+1","Defend_R","Defend_R","Defend_R","A Thousand Cuts+1","Headbutt","Survivor","Neutralize","Anger+1","Flex"],"relics":["Burning Blood","NeowsBlessing","Golden Idol","King of Hearts","MawBank","Girya","Replay:Bottled Eggs","StuffTheSpire:Rhapsscallions"],"acts_visited":["Exordium"],"potions_floor_usage":[11,16,16],"damage_taken":[{"damage":0.0,"enemies":"Jaw Worm","floor":1.0,"turns":1.0},{"damage":0.0,"enemies":"Small Slimes","floor":4.0,"turns":1.0},{"damage":0.0,"enemies":"Gremlin Nob","floor":6.0,"turns":1.0},{"damage":8.0,"enemies":"Cultist","floor":8.0,"turns":5.0},{"damage":2,"enemies":"Large Slime","floor":11,"turns":4},{"damage":17,"enemies":"Lagavulin","floor":12,"turns":6},{"damage":12,"enemies":"3 Louse","floor":14,"turns":4},{"damage":66,"enemies":"Fading Forest","floor":16,"turns":11}],"seed_played":"8388943818432318178","potions_obtained":[{"floor":6.0,"key":"Languid Potion"},{"floor":8.0,"key":"hexamod:EctoCoolerPotion"},{"floor":12,"key":"FearPotion"}],"is_trial":false,"path_per_floor":["M","?","$","M","?","E","T","M","T","?","M","E","R","M","R","B"],"character_chosen":"IRONCLAD","items_purchased":[],"campfire_rested":1,"item_purchase_floors":[],"current_hp_per_floor":[74,48,48,54,21,27,27,25,25,25,29,22,22,16,39,0,0],"gold":383,"neow_bonus":"THREE_ENEMY_KILL","is_daily":false,"chose_seed":false,"campfire_upgraded":1,"win_rate":0.0,"timestamp":1608592216,"path_taken":["M","?","$","M","?","E","?","?","T","?","M","E","R","M","R","BOSS"],"items_purchased_type":[],"build_version":"2020-12-13","purchased_purges":0,"victory":false,"max_hp_per_floor":[75,75,75,75,75,75,75,75,75,75,75,79,79,79,79,79,79],"card_choices":[{"not_picked":["Sword Boomerang","True Grit","Hemokinesis"],"picked":"SKIP","floor":1.0},{"not_picked":["StuffTheSpire:Pyroclast","Sword Boomerang","Flex"],"picked":"SKIP","floor":4.0},{"not_picked":["Run Through","Life Link","StuffTheSpire:TitanForm"],"picked":"SKIP","floor":6.0},{"not_picked":["Power Through","Sever Soul"],"picked":"Headbutt","floor":8.0},{"not_picked":["Iron Wave","Wild Strike","Flame Barrier"],"picked":"SKIP","floor":11},{"not_picked":["Body Slam","Warcry"],"picked":"Anger","floor":12},{"not_picked":["Body Slam","Replay:Undeath\u0027s Touch"],"picked":"Flex","floor":14}],"player_experience":2616320,"relics_obtained":[{"floor":6.0,"key":"MawBank"},{"floor":7.0,"key":"Girya"},{"floor":9.0,"key":"Replay:Bottled Eggs"},{"floor":12,"key":"StuffTheSpire:Rhapsscallions"}],"event_choices":[{"damage_healed":0.0,"max_hp_gain":0.0,"max_hp_loss":0.0,"gold_gain":0.0,"event_name":"Golden Idol","player_choice":"Take Damage","floor":2.0,"gold_loss":0.0,"damage_taken":26.0,"relics_obtained":["Golden Idol"]}],"is_beta":false,"boss_relics":[],"items_purged_floors":[],"is_endless":false,"potions_floor_spawned":[6,8,12],"killed_by":"Fading Forest","ascension_level":20}}