{"host":"512s0dw15c3jqxy4","time":1608588458,"event":{"mods":["BaseMod","Colored Powertips","Highlight Path","Minty Spire (QoL Compilation)","Quick Restart","Relic Stats"],"gold_per_floor":[111,1,1,21,21,21,361,386,433,452,452,452],"floor_reached":11,"playtime":369,"items_purged":["Strike_R"],"score":113,"play_id":"b3b2914f-435d-46ab-86a1-786acca4022e","local_time":"20201221120738","is_ascension_mode":true,"campfire_choices":[{"data":"Spot Weakness","floor":6,"key":"SMITH"}],"circlet_count":0,"master_deck":["Strike_R","Strike_R","Strike_R","Strike_R","Defend_R","Defend_R","Defend_R","Defend_R","Bash","Armaments","Spot Weakness+1","Inflame","Fire Breathing","Berserk","Spot Weakness"],"relics":["Burning Blood","NeowsBlessing","Golden Idol","Strawberry","Old Coin","Omamori"],"acts_visited":["Exordium"],"potions_floor_usage":[],"damage_taken":[{"damage":0,"enemies":"Jaw Worm","floor":1,"turns":1},{"damage":0,"enemies":"Cultist","floor":4,"turns":1},{"damage":0,"enemies":"3 Sentries","floor":7,"turns":2},{"damage":4,"enemies":"Small Slimes","floor":8,"turns":5},{"damage":50,"enemies":"Gremlin Gang","floor":10,"turns":7},{"damage":39,"enemies":"Gremlin Nob","floor":11,"turns":4}],"seed_played":"9138108559484913780","potions_obtained":[{"floor":4,"key":"BloodPotion"}],"is_trial":false,"path_per_floor":["M","$","?","M","?","R","E","M","T","M","E"],"character_chosen":"IRONCLAD","items_purchased":["Spot Weakness"],"campfire_rested":0,"item_purchase_floors":[2],"current_hp_per_floor":[80,80,60,66,73,73,79,81,81,37,0,0],"gold":452,"neow_bonus":"THREE_ENEMY_KILL","is_daily":false,"chose_seed":false,"campfire_upgraded":1,"win_rate":0.0,"timestamp":1608588458,"path_taken":["M","$","?","M","?","R","E","?","T","M","E"],"items_purchased_type":["Card"],"build_version":"2020-12-13","purchased_purges":1,"victory":false,"max_hp_per_floor":[80,80,80,80,87,87,87,87,87,87,87,87],"relic_stats":{"counters":[6,20],"Golden Idol":21,"obtain_stats":[{"NeowsBlessing":0,"Golden Idol":3,"Strawberry":5,"Omamori":9,"Burning Blood":0,"Old Coin":7},{"NeowsBlessing":0,"Golden Idol":1,"Strawberry":2,"Omamori":4,"Burning Blood":0,"Old Coin":3},{"NeowsBlessing":0,"Golden Idol":1,"Strawberry":2,"Omamori":9,"Burning Blood":0,"Old Coin":4}],"Burning Blood":24},"card_choices":[{"not_picked":["Twin Strike","Flex"],"picked":"Armaments","floor":1},{"not_picked":["Carnage","Sword Boomerang"],"picked":"Inflame","floor":4},{"not_picked":["Body Slam","Pommel Strike"],"picked":"Fire Breathing","floor":7},{"not_picked":["Shrug It Off","Iron Wave"],"picked":"Berserk","floor":8},{"not_picked":["Armaments","Sword Boomerang"],"picked":"Spot Weakness","floor":10}],"player_experience":213663,"relics_obtained":[{"floor":7,"key":"Old Coin"},{"floor":9,"key":"Omamori"}],"event_choices":[{"damage_healed":0,"gold_gain":0,"player_choice":"Take Damage","damage_taken":20,"relics_obtained":["Golden Idol"],"max_hp_gain":0,"max_hp_loss":0,"event_name":"Golden Idol","floor":3,"gold_loss":0},{"damage_healed":0,"gold_gain":0,"player_choice":"Gave Potion","damage_taken":0,"relics_obtained":["Strawberry"],"max_hp_gain":0,"max_hp_loss":0,"event_name":"WeMeetAgain","floor":5,"gold_loss":0}],"is_beta":false,"boss_relics":[],"items_purged_floors":[2],"is_endless":false,"potions_floor_spawned":[4],"killed_by":"Gremlin Nob","ascension_level":3}}