{"host":"1pcwcurc8qazgtt6","time":1608585840,"event":{"mods":["AchievementEnabler","BaseMod","BetterRewards","Colored Map","Curses Come First","Hubris","Minty Spire (QoL Compilation)","StSLib","The Animator","The Blue Laboratory"],"gold_per_floor":[127,137,169,244,257,257,284,284,284,297,297,310,335,367,367,469,469,508,508,524,553,553,553,588,125,152,7,17,47,47,47,47,47],"floor_reached":33,"playtime":2323,"items_purged":[],"score":470,"play_id":"52de3a4d-ff15-43ca-83fc-d4223fcd9b5b","local_time":"20201221152400","is_ascension_mode":false,"campfire_choices":[{"data":"animator:Berserker","floor":6,"key":"SMITH"},{"data":"animator:Sloth","floor":8,"key":"SMITH"},{"data":"animator:Caster","floor":15,"key":"SMITH"},{"data":"animator:ShinjiMatou","floor":23,"key":"SMITH"},{"data":"animator:Berserker","floor":32,"key":"SMITH"}],"circlet_count":0,"master_deck":["animator:Strike_Fate+1","animator:Defend_Fate+1","animator:Defend+1","animator:Defend+1","animator:Defend+1","animator:Alexander","animator:Rider","animator:Sloth+1","animator:Sloth","animator:Berserker+1","animator:Alexander","animator:Gluttony","animator:ShinjiMatou+1","animator:Archer","animator:Caster+1","animator:Rimuru","animator:Illya","animator:Illya","animator:ShinjiMatou","animator:SakuraMatou","animator:Berserker+1","animator:QuestionMark","animator:RinTohsaka","animator:Kaijin+1","animator:Archer+1"],"relics":["animator:LivingPicture","animator:TheMissingPiece","animator:PurgingStone","hubris:PeanutButter","hubris:EmptyBottle","animator:BattleDrones","Matryoshka","Gambling Chip","animator:RacePiece","Red Mask","hubris:Teleporter","Dead Branch","Boot","Nunchaku","Lee\u0027s Waffle","Ancient Tea Set"],"acts_visited":["Exordium","TheCity"],"potions_floor_usage":[7,7,14,16,16,16,16,16,24,24,33],"damage_taken":[{"damage":0,"enemies":"Cultist","floor":1,"turns":5},{"damage":0,"enemies":"Small Slimes","floor":2,"turns":4},{"damage":0,"enemies":"2 Louse","floor":3,"turns":3},{"damage":0,"enemies":"Looter","floor":5,"turns":3},{"damage":6,"enemies":"Lagavulin","floor":7,"turns":5},{"damage":0,"enemies":"3 Louse","floor":10,"turns":4},{"damage":0,"enemies":"Blue Slaver","floor":12,"turns":3},{"damage":0,"enemies":"Exordium Thugs","floor":13,"turns":4},{"damage":0,"enemies":"3 Sentries","floor":14,"turns":4},{"damage":0,"enemies":"Slime Boss","floor":16,"turns":5},{"damage":10,"enemies":"Shell Parasite","floor":18,"turns":4},{"damage":0,"enemies":"Chosen","floor":20,"turns":2},{"damage":0,"enemies":"Masked Bandits","floor":21,"turns":3},{"damage":43,"enemies":"Gremlin Leader","floor":24,"turns":6},{"damage":35,"enemies":"Centurion and Healer","floor":29,"turns":7},{"damage":20,"enemies":"Book of Stabbing","floor":30,"turns":3},{"damage":67,"enemies":"Automaton","floor":33,"turns":6}],"seed_played":"-2453480399518345364","potions_obtained":[{"floor":5,"key":"LiquidMemories"},{"floor":12,"key":"PowerPotion"},{"floor":13,"key":"Energy Potion"},{"floor":14,"key":"blueLaboratory:FruitPunch"},{"floor":16,"key":"CultistPotion"},{"floor":20,"key":"blueLaboratory:CorrosionFlask"},{"floor":21,"key":"blueLaboratory:FruitPreserves"}],"is_trial":false,"path_per_floor":["M","M","M","?","M","R","E","R","T","M","?","M","M","E","R","B",null,"M","?","M","?","?","R","E","$","T","$","M","E","?","R","B"],"character_chosen":"THE_ANIMATOR","items_purchased":["hubris:PeanutButter","hubris:EmptyBottle","animator:QuestionMark","animator:RinTohsaka","Dead Branch","Lee\u0027s Waffle"],"campfire_rested":0,"item_purchase_floors":[0,0,25,25,25,28],"current_hp_per_floor":[66,66,66,55,55,55,50,50,50,50,47,48,52,57,57,65,73,63,63,63,63,63,63,36,36,36,80,45,25,25,25,0,0],"gold":47,"neow_bonus":"","is_daily":false,"chose_seed":false,"campfire_upgraded":5,"win_rate":0.0,"timestamp":1608585840,"path_taken":["M","?","M","?","M","R","E","R","T","M","?","M","M","E","R","BOSS","M","?","M","?","?","R","E","$","T","?","?","E","?","R","BOSS"],"items_purchased_type":["Relic","Relic","Card","Card","Relic","Relic"],"build_version":"2020-12-13","purchased_purges":0,"victory":false,"max_hp_per_floor":[66,66,66,66,66,66,67,67,67,67,67,68,68,69,69,73,73,73,73,73,73,73,73,73,73,73,80,80,80,80,80,80,80],"card_choices":[{"not_picked":["animator:ElricAlphonse","animator:Evileye"],"picked":"animator:Sloth","floor":1},{"not_picked":["animator:Assassin","animator:MumenRider"],"picked":"animator:Sloth","floor":2},{"not_picked":["animator:Priestess","animator:MumenRider"],"picked":"animator:Berserker","floor":3},{"not_picked":["animator:Rider","animator:SakuraMatou"],"picked":"animator:Alexander","floor":5},{"not_picked":["animator:Scar","animator:Lancer"],"picked":"animator:Gluttony","floor":7},{"not_picked":["animator:Genos","animator:Darkness","animator:ZankiKiguchi"],"picked":"SKIP","floor":10},{"not_picked":["animator:YuiTsuruno","animator:SayakaMiki"],"picked":"animator:ShinjiMatou","floor":12},{"not_picked":["animator:Berserker","animator:Assassin"],"picked":"animator:Archer","floor":13},{"not_picked":["animator:NarberalGamma","animator:Pride"],"picked":"animator:Caster","floor":14},{"not_picked":["animator:Biyorigo","animator:GoblinSlayer"],"picked":"animator:Rimuru","floor":16},{"not_picked":["animator:MumenRider+1","animator:Assassin"],"picked":"animator:SakuraMatou","floor":18},{"not_picked":["animator:DwarfShaman","animator:MaesHughes","animator:ElricEdward"],"picked":"SKIP","floor":20},{"not_picked":["animator:Rider","animator:Alexander"],"picked":"animator:Berserker","floor":24},{"not_picked":["animator:Scar","animator:Geryuganshoop"],"picked":"animator:Kaijin+1","floor":29},{"not_picked":["animator:Geryuganshoop+1","animator:Alexander"],"picked":"animator:Archer","floor":30}],"player_experience":171028,"relics_obtained":[{"floor":7,"key":"animator:BattleDrones"},{"floor":14,"key":"Gambling Chip"},{"floor":21,"key":"Red Mask"},{"floor":24,"key":"hubris:Teleporter"},{"floor":26,"key":"Boot"},{"floor":26,"key":"Nunchaku"},{"floor":30,"key":"Ancient Tea Set"}],"event_choices":[{"damage_healed":0,"gold_gain":75,"player_choice":"Gather Gold","damage_taken":11,"max_hp_gain":0,"max_hp_loss":0,"event_name":"World of Goop","floor":4,"gold_loss":0},{"damage_healed":0,"gold_gain":0,"player_choice":"Success","damage_taken":3,"relics_obtained":["Matryoshka"],"max_hp_gain":0,"max_hp_loss":0,"event_name":"Scrap Ooze","floor":11,"gold_loss":0},{"damage_healed":0,"gold_gain":0,"player_choice":"Ignored","damage_taken":0,"max_hp_gain":0,"max_hp_loss":0,"event_name":"Vampires","floor":19,"gold_loss":0},{"damage_healed":0,"gold_gain":0,"player_choice":"Fought Bandits","damage_taken":0,"max_hp_gain":0,"max_hp_loss":0,"event_name":"Masked Bandits","floor":21,"gold_loss":0},{"damage_healed":0,"gold_gain":0,"player_choice":"Simplicity","damage_taken":0,"max_hp_gain":0,"max_hp_loss":0,"event_name":"Back to Basics","floor":22,"gold_loss":0,"cards_upgraded":["animator:Strike_Fate","animator:Defend_Fate","animator:Defend","animator:Defend","animator:Defend"]},{"damage_healed":0,"gold_gain":0,"player_choice":"Forge","damage_taken":0,"max_hp_gain":0,"max_hp_loss":0,"event_name":"Accursed Blacksmith","floor":31,"gold_loss":0,"cards_upgraded":["animator:Archer"]}],"is_beta":false,"boss_relics":[{"not_picked":["Astrolabe","SacredBark"],"picked":"animator:RacePiece"}],"items_purged_floors":[],"is_endless":false,"potions_floor_spawned":[5,12,13,14,16,20,21],"killed_by":"Automaton","ascension_level":0}}