{"host":"axbb6sj12fvt0d3b","time":1608509767,"event":{"mods":["AchievementEnabler","Bard","BaseMod","Better Altar","Better Match","Better Note","Better Sensory Stone","Better Skull","Better Third Choice","BetterRewards","Colored Map","Conspire","Downfall","Hermit","Highlight Path","Hubris","Infinite Spire","Mimic Mod","Minty Spire (QoL Compilation)","Replay The Spire","Shop Mod","Spicy Shops","StSLib","The Cursed","The Jungle","The Runesmith","The Sage"],"gold_per_floor":[118,118,131,131,131,131,144,144,167,216,216,239,262,262,262,385,385,385,385],"floor_reached":18,"playtime":1366,"items_purged":[],"score":150,"play_id":"7ee3ef4c-2e99-44d1-a4fb-7284c45a3793","local_time":"20201220181607","is_ascension_mode":false,"campfire_choices":[{"floor":6,"key":"REST"},{"floor":8,"key":"REST"},{"data":"Runesmith:CraftFirestone","floor":11,"key":"SMITH"},{"floor":15,"key":"REST"}],"circlet_count":0,"master_deck":["Runesmith:Strike_RS","Runesmith:Strike_RS","Runesmith:Strike_RS","Runesmith:Defend_RS","Runesmith:Defend_RS","Runesmith:Defend_RS","Runesmith:Defend_RS","Runesmith:CraftFirestone+1","Runesmith:Fortify","Runesmith:MakeshiftArmor","Runesmith:Retool","Runesmith:BackupBattery","Runesmith:PerfectChisel","Runesmith:HeatedChisel","Runesmith:ReplicatingBarrier"],"relics":["Runesmith:BrokenRuby","Golden Idol","ReplayTheSpireMod:Ninjato","Ornamental Fan","MealTicket","Blood Vial","hubris:ScarierMask"],"acts_visited":["Exordium","TheCity"],"potions_floor_usage":[16,16],"damage_taken":[{"damage":1,"enemies":"Jaw Worm","floor":1,"turns":4},{"damage":0,"enemies":"2 Louse","floor":3,"turns":3},{"damage":0,"enemies":"conspire:RoseBush","floor":7,"turns":6},{"damage":2,"enemies":"Looter","floor":12,"turns":4},{"damage":14,"enemies":"3 Louse","floor":13,"turns":5},{"damage":54,"enemies":"Hexaghost","floor":16,"turns":11},{"damage":5,"enemies":"Spheric Guardian","floor":18,"turns":5}],"seed_played":"-4592248308781924369","potions_obtained":[{"floor":7,"key":"Strength Potion"},{"floor":13,"key":"LifebloodPotion"}],"is_trial":false,"path_per_floor":["M","?","M","?","?","R","M","R","T","T","R","M","M","?","R","B",null,"M"],"character_chosen":"RUNESMITH_CLASS","items_purchased":[],"campfire_rested":3,"item_purchase_floors":[],"current_hp_per_floor":[76,69,69,50,21,44,44,67,67,67,67,67,55,55,77,23,77,72,72],"gold":385,"neow_bonus":"TEN_PERCENT_HP_BONUS","is_daily":false,"chose_seed":false,"campfire_upgraded":1,"win_rate":0.0,"timestamp":1608509767,"path_taken":["M","?","M","?","?","R","M","R","T","?","R","M","M","?","R","BOSS","M"],"items_purchased_type":[],"build_version":"2020-12-13","purchased_purges":0,"victory":false,"max_hp_per_floor":[77,77,77,77,77,77,77,77,77,77,77,77,77,77,77,77,77,77,77],"card_choices":[{"not_picked":["Runesmith:Grindstone","Runesmith:ChiselStab"],"picked":"Runesmith:MakeshiftArmor","floor":1},{"not_picked":["Runesmith:Discharge","Runesmith:Firewall"],"picked":"Runesmith:Retool","floor":3},{"not_picked":["Runesmith:CraftMagma","Runesmith:Terraform"],"picked":"Runesmith:BackupBattery","floor":7},{"not_picked":["Runesmith:PoweredAnvil","Runesmith:Grindstone"],"picked":"Runesmith:PerfectChisel","floor":12},{"not_picked":["Runesmith:CraftMagma","Runesmith:StaticCage"],"picked":"Runesmith:HeatedChisel","floor":13},{"not_picked":["Runesmith:Supernova","Runesmith:GenerateForcefield"],"picked":"Runesmith:ReplicatingBarrier","floor":16}],"player_experience":94318,"relics_obtained":[{"floor":9,"key":"MealTicket"},{"floor":10,"key":"Blood Vial"}],"event_choices":[{"cards_removed":["Runesmith:Strike_RS"],"damage_healed":0,"gold_gain":0,"player_choice":"Card Removal","damage_taken":7,"max_hp_gain":0,"max_hp_loss":0,"event_name":"Golden Wing","floor":2,"gold_loss":0},{"damage_healed":0,"gold_gain":0,"player_choice":"Take Damage","damage_taken":19,"relics_obtained":["Golden Idol"],"max_hp_gain":0,"max_hp_loss":0,"event_name":"Golden Idol","floor":4,"gold_loss":0},{"damage_healed":0,"gold_gain":1,"player_choice":"Relic Relic ","damage_taken":29,"max_hp_gain":0,"max_hp_loss":0,"event_name":"betterThird:BetterScrap","floor":5,"gold_loss":0,"cards_obtained":["Perseverance"]},{"damage_healed":0,"gold_gain":0,"player_choice":"Ignored","damage_taken":0,"max_hp_gain":0,"max_hp_loss":0,"event_name":"betterNote:BetterNote","floor":14,"gold_loss":0,"cards_obtained":["Strike_B"]}],"is_beta":false,"boss_relics":[{"not_picked":["hubris:RunicObelisk","Replay:Bronze Core"],"picked":"hubris:ScarierMask"}],"items_purged_floors":[],"is_endless":false,"potions_floor_spawned":[7,13],"killed_by":"Spheric Guardian","ascension_level":0}}