{"host":"cjhtzh7tp54jdfyv","time":1608574243,"event":{"mods":["AchievementEnabler","BaseMod","Colored Map","Colored Powertips","Filter the Spire","Minty Spire (QoL Compilation)","RNG Fix","StSLib","ojb\u0027s Better Paths Mod","ojb\u0027s Info Mod"],"gold_per_floor":[110,129,129,147,164,164,194,214,286,312,312,338,338,349,349,421,421,432,446,446,206,206,206,236,236,236,262,262,274,274,292,292,366,366,385,396,415,425,285,285,317,317,343,343,343,358,390,390,390],"floor_reached":48,"playtime":5213,"items_purged":["Strike_G","All Out Attack+1"],"score":1150,"play_id":"4891233b-19b3-45a9-82a4-35575a9a9127","local_time":"20201221131043","is_ascension_mode":true,"campfire_choices":[{"data":"Skewer","floor":6.0,"key":"SMITH"},{"floor":11.0,"key":"REST"},{"data":"Acrobatics","floor":13.0,"key":"SMITH"},{"data":"Concentrate","floor":15.0,"key":"SMITH"},{"data":"Acrobatics","floor":23.0,"key":"SMITH"},{"floor":25.0,"key":"REST"},{"floor":28.0,"key":"REST"},{"data":"Wraith Form v2","floor":32.0,"key":"SMITH"},{"floor":40,"key":"REST"},{"floor":44,"key":"REST"}],"circlet_count":0,"master_deck":["AscendersBane","Defend_G+1","Defend_G","Defend_G","Defend_G","Defend_G","Survivor","Neutralize","Venomology+1","Dodge and Roll+1","Dagger Throw","Skewer+1","Acrobatics+1","Concentrate+1","Blade Dance","Concentrate+1","Grand Finale","Acrobatics+1","Footwork","Footwork","Wraith Form v2+1","Backflip","Burst","Well Laid Plans","Well Laid Plans","Violence","Good Instincts","Leg Sweep"],"relics":["Astrolabe","Pen Nib","Ornamental Fan","Happy Flower","Juzu Bracelet","SlaversCollar","Omamori","Strawberry","War Paint","Bottled Flame","Oddly Smooth Stone","Nilry\u0027s Codex","Empty Cage","Art of War","Du-Vu Doll"],"acts_visited":["Exordium","TheCity","TheBeyond"],"potions_floor_usage":[37,37,38,41,46,46,47,48],"damage_taken":[{"damage":0.0,"enemies":"Cultist","floor":1.0,"turns":6.0},{"damage":0.0,"enemies":"2 Louse","floor":2.0,"turns":3.0},{"damage":0.0,"enemies":"Small Slimes","floor":4.0,"turns":4.0},{"damage":0.0,"enemies":"Exordium Thugs","floor":5.0,"turns":3.0},{"damage":46.0,"enemies":"Gremlin Nob","floor":7.0,"turns":5.0},{"damage":26.0,"enemies":"Exordium Wildlife","floor":8.0,"turns":8.0},{"damage":9.0,"enemies":"Lagavulin","floor":10.0,"turns":5.0},{"damage":11.0,"enemies":"3 Sentries","floor":12.0,"turns":6.0},{"damage":2.0,"enemies":"2 Fungi Beasts","floor":14.0,"turns":5.0},{"damage":3.0,"enemies":"The Guardian","floor":16.0,"turns":8.0},{"damage":8.0,"enemies":"2 Thieves","floor":18.0,"turns":4.0},{"damage":0.0,"enemies":"Spheric Guardian","floor":19.0,"turns":1.0},{"damage":34.0,"enemies":"Book of Stabbing","floor":24.0,"turns":5.0},{"damage":9.0,"enemies":"Slavers","floor":27.0,"turns":9.0},{"damage":8.0,"enemies":"Centurion and Healer","floor":29.0,"turns":8.0},{"damage":0.0,"enemies":"Snecko","floor":31.0,"turns":3.0},{"damage":6.0,"enemies":"Collector","floor":33.0,"turns":7.0},{"damage":31.0,"enemies":"3 Darklings","floor":35.0,"turns":6.0},{"damage":5.0,"enemies":"3 Shapes","floor":36.0,"turns":7.0},{"damage":6,"enemies":"Writhing Mass","floor":37,"turns":9},{"damage":11,"enemies":"3 Darklings","floor":38,"turns":5},{"damage":1,"enemies":"Reptomancer","floor":41,"turns":9},{"damage":24,"enemies":"Transient","floor":46,"turns":6},{"damage":1,"enemies":"Nemesis","floor":47,"turns":7},{"damage":38,"enemies":"Sphere and 2 Shapes","floor":48,"turns":3}],"seed_played":"5720034736511548545","potions_obtained":[{"floor":1.0,"key":"SpeedPotion"},{"floor":4.0,"key":"Block Potion"},{"floor":24.0,"key":"LiquidMemories"},{"floor":27.0,"key":"FairyPotion"},{"floor":29.0,"key":"FearPotion"},{"floor":31.0,"key":"BlessingOfTheForge"},{"floor":37,"key":"FearPotion"},{"floor":38,"key":"LiquidBronze"},{"floor":46,"key":"Energy Potion"}],"is_trial":false,"path_per_floor":["M","M","?","M","M","R","E","M","T","E","R","E","R","M","R","B",null,"M","M","?","$","?","R","E","R","T","E","R","M","?","M","R","B",null,"M","M","M","M","$","R","E","?","T","R","?","M","E","M"],"character_chosen":"THE_SILENT","items_purchased":["Omamori","Well Laid Plans"],"campfire_rested":5,"item_purchase_floors":[21,39],"current_hp_per_floor":[59,59,59,59,59,59,13,31,31,22,41,30,30,28,28,25,56,48,48,48,48,55,55,21,42,42,33,54,46,25,25,25,19,60,29,24,18,7,7,28,27,17,17,38,38,14,13,0,0],"gold":390,"neow_bonus":"BOSS_RELIC","is_daily":false,"chose_seed":false,"campfire_upgraded":5,"win_rate":0.0,"timestamp":1608574243,"path_taken":["M","M","?","M","M","R","E","M","T","E","R","E","R","M","R","BOSS","M","M","?","$","?","R","E","R","T","E","R","M","?","M","R","BOSS","M","M","M","M","$","R","E","?","T","R","?","M","E","M"],"items_purchased_type":["Relic","Card"],"build_version":"2020-12-13","purchased_purges":2,"victory":false,"max_hp_per_floor":[66,66,66,66,66,66,66,66,66,66,66,66,66,66,66,66,66,66,66,66,66,73,73,73,73,73,73,73,73,73,73,73,73,73,73,73,73,73,73,73,73,73,73,73,73,73,73,73,73],"card_choices":[{"not_picked":["Backflip","Finisher"],"picked":"Dagger Throw","floor":1.0},{"not_picked":["Prepared","Dodge and Roll"],"picked":"Flying Knee","floor":2.0},{"not_picked":["Acrobatics","Deadly Poison"],"picked":"Skewer","floor":4.0},{"not_picked":["Flying Knee","Cloak And Dagger","Outmaneuver"],"picked":"SKIP","floor":5.0},{"not_picked":["Dagger Spray","Dagger Throw"],"picked":"Acrobatics","floor":7.0},{"not_picked":["Slice","Acrobatics"],"picked":"Concentrate","floor":8.0},{"not_picked":["Skewer","Finisher"],"picked":"Blade Dance","floor":10.0},{"not_picked":["Slice","Endless Agony"],"picked":"Concentrate","floor":12.0},{"not_picked":["Masterful Stab","Bane","Dodge and Roll"],"picked":"SKIP","floor":14.0},{"not_picked":["Envenom","Glass Knife"],"picked":"Grand Finale","floor":16.0},{"not_picked":["Backflip","Blade Dance"],"picked":"Acrobatics","floor":18.0},{"not_picked":["Prepared","Glass Knife","Dagger Throw"],"picked":"SKIP","floor":19.0},{"not_picked":["Quick Slash","Bane"],"picked":"Footwork","floor":24.0},{"not_picked":["Prepared","PiercingWail"],"picked":"Footwork","floor":27.0},{"not_picked":["Dagger Spray","Dagger Throw+1"],"picked":"Wraith Form v2","floor":29.0},{"not_picked":["Deadly Poison","Skewer"],"picked":"Backflip","floor":31.0},{"not_picked":["After Image","Tools of the Trade"],"picked":"Burst","floor":33.0},{"not_picked":["Skewer","Deadly Poison+1"],"picked":"Well Laid Plans","floor":35.0},{"not_picked":["Blade Dance","Underhanded Strike","Sucker Punch+1"],"picked":"SKIP","floor":36.0},{"not_picked":["Bane","Blade Dance","Deadly Poison"],"picked":"SKIP","floor":37},{"not_picked":["Envenom","Sucker Punch+1","Dagger Spray"],"picked":"SKIP","floor":38},{"not_picked":["Finisher","Prepared","Endless Agony"],"picked":"SKIP","floor":41},{"not_picked":["Enlightenment","Flash of Steel"],"picked":"Violence","floor":42},{"not_picked":["Transmutation","PanicButton"],"picked":"Good Instincts","floor":42},{"not_picked":["Bouncing Flask","Backflip"],"picked":"Leg Sweep","floor":46},{"not_picked":["Sucker Punch","Deflect","Dodge and Roll"],"picked":"SKIP","floor":47}],"player_experience":4334984,"relics_obtained":[{"floor":7.0,"key":"Pen Nib"},{"floor":9.0,"key":"Ornamental Fan"},{"floor":10.0,"key":"Happy Flower"},{"floor":12.0,"key":"Juzu Bracelet"},{"floor":24.0,"key":"War Paint"},{"floor":26.0,"key":"Bottled Flame"},{"floor":27.0,"key":"Oddly Smooth Stone"},{"floor":30.0,"key":"Nilry\u0027s Codex"},{"floor":41,"key":"Art of War"},{"floor":47,"key":"Du-Vu Doll"}],"event_choices":[{"damage_healed":0.0,"max_hp_gain":0.0,"max_hp_loss":0.0,"gold_gain":0.0,"event_name":"Liars Game","player_choice":"Ignored","floor":3.0,"gold_loss":0.0,"damage_taken":0.0},{"damage_healed":0.0,"max_hp_gain":0.0,"max_hp_loss":0.0,"gold_gain":0.0,"event_name":"Vampires","player_choice":"Ignored","floor":20.0,"gold_loss":0.0,"damage_taken":0.0},{"damage_healed":0.0,"max_hp_gain":0.0,"max_hp_loss":0.0,"gold_gain":0.0,"event_name":"The Mausoleum","player_choice":"Opened","floor":22.0,"gold_loss":0.0,"damage_taken":0.0,"relics_obtained":["Strawberry"],"cards_obtained":["Writhe"]},{"damage_healed":0.0,"max_hp_gain":0.0,"max_hp_loss":0.0,"gold_gain":0.0,"event_name":"Cursed Tome","player_choice":"Obtained Book","floor":30.0,"gold_loss":0.0,"damage_taken":21.0},{"damage_healed":0,"gold_gain":0,"player_choice":"Memory 3","damage_taken":10,"max_hp_gain":0,"max_hp_loss":0,"event_name":"SensoryStone","floor":42,"gold_loss":0},{"damage_healed":0,"gold_gain":0,"player_choice":"Ignored","damage_taken":0,"max_hp_gain":0,"max_hp_loss":0,"event_name":"SecretPortal","floor":45,"gold_loss":0}],"is_beta":false,"boss_relics":[{"not_picked":["Runic Dome","Busted Crown"],"picked":"SlaversCollar"},{"not_picked":["Fusion Hammer","Snecko Eye"],"picked":"Empty Cage"}],"items_purged_floors":[21,39],"is_endless":false,"potions_floor_spawned":[1,4,7,14,24,27,29,31,37,38,46],"killed_by":"Sphere and 2 Shapes","ascension_level":20}}