{"host":"4b06nrmhsmzqjm1r","time":1608579855,"event":{"mods":["2.2 Compatiblity","AchievementEnabler","BaseMod","BetterRewards","Colored Map","Colored Powertips","Downfall","Hermit","Highlight Path","Marisa????????","Minty Spire (QoL Compilation)","StSLib","The Animator","The Cursed","The Hierophant","The Servant 0.9.4"],"gold_per_floor":[130,144,177,208,233,233,13,13,89,115,43,59,69,244,244,362,362,375,401,401,401,411,411,424,92,173,173,183,196,295,295,295,414,414,445,445,445,465,465,496,511,552,552,569,569,569,569],"floor_reached":46,"playtime":7849,"items_purged":["Strike_MRS","Doubt"],"score":581,"play_id":"aabd867a-bfd0-4795-a7cf-afa798c2ca68","local_time":"20201221204415","is_ascension_mode":false,"campfire_choices":[{"floor":8,"key":"REST"},{"data":"MilkyWay","floor":15,"key":"SMITH"},{"floor":23,"key":"RECALL"},{"data":"FinalSpark","floor":27,"key":"SMITH"},{"data":"MillisecondPulsars","floor":32,"key":"SMITH"},{"floor":45,"key":"REST"}],"circlet_count":0,"master_deck":["Strike_MRS","Strike_MRS","Strike_MRS","Defend_MRS","Defend_MRS","Defend_MRS","MasterSpark","UpSweep","WitchOfGreed","MysteriousBeam","AsteroidBelt","Chrysalis","MysteriousBeam","StarDustReverie","DoubleSpark","MeteoricShower","AsteroidBelt","Orbital","FinalSpark+1","DarkMatter","EnergyFlow","MysteriousBeam","DC","MilkyWay+1","MagicAbsorber","CasketOfStar","MilkyWay","Orbital+1","SporeBomb+1","Slimebound:CheckThePlaybook","GalacticHalo","PowerUp","GasGiant","StarBarrage","AsteroidBelt","FairyDestructionRay","MillisecondPulsars+1","FinalSpark","DoubleSpark","SuperPerseids+1","RefractionSpark","StarBarrage","Parasite","DoubleSpark","DC","Singularity+1","SporeBomb+1","ChargeUpSpray+1","Robbery+1","Occultation+1"],"relics":["MiniHakkero","SimpleLauncher","Pen Nib","Mercury Hourglass","Prayer Wheel","Toy Ornithopter","ExperimentalFamiliar","Orichalcum","Bottled Lightning","Kunai","Happy Flower"],"acts_visited":["Exordium","TheCity","TheBeyond"],"potions_floor_usage":[4,12,22,29,33,33,35,35,40,42,42,44],"damage_taken":[{"damage":0,"enemies":"Cultist","floor":1,"turns":2},{"damage":1,"enemies":"Jaw Worm","floor":2,"turns":2},{"damage":1,"enemies":"2 Louse","floor":3,"turns":2},{"damage":1,"enemies":"Exordium Wildlife","floor":4,"turns":4},{"damage":2,"enemies":"Looter","floor":5,"turns":2},{"damage":5,"enemies":"Gremlin Nob","floor":10,"turns":3},{"damage":8,"enemies":"Lots of Slimes","floor":12,"turns":2},{"damage":0,"enemies":"Red Slaver","floor":13,"turns":1},{"damage":20,"enemies":"Slime Boss","floor":16,"turns":8},{"damage":0,"enemies":"Spheric Guardian","floor":18,"turns":2},{"damage":4,"enemies":"Chosen","floor":19,"turns":5},{"damage":9,"enemies":"3 Cultists","floor":22,"turns":4},{"damage":0,"enemies":"Centurion and Healer","floor":24,"turns":4},{"damage":2,"enemies":"Snecko","floor":28,"turns":3},{"damage":3,"enemies":"Cultist and Chosen","floor":29,"turns":3},{"damage":45,"enemies":"Collector","floor":33,"turns":8},{"damage":21,"enemies":"3 Darklings","floor":35,"turns":3},{"damage":13,"enemies":"3 Shapes","floor":38,"turns":3},{"damage":9,"enemies":"Writhing Mass","floor":40,"turns":3},{"damage":24,"enemies":"3 Darklings","floor":41,"turns":4},{"damage":42,"enemies":"Giant Head","floor":42,"turns":7},{"damage":11,"enemies":"4 Shapes","floor":44,"turns":3},{"damage":22,"enemies":"Maw","floor":46,"turns":4}],"seed_played":"-8907071776752871046","potions_obtained":[{"floor":1,"key":"SneckoOil"},{"floor":1,"key":"SpeedPotion"},{"floor":3,"key":"StarNLove"},{"floor":3,"key":"BottledSpark"},{"floor":4,"key":"StarNLove"},{"floor":16,"key":"AttackPotion"},{"floor":28,"key":"Weak Potion"},{"floor":29,"key":"SpeedPotion"},{"floor":33,"key":"CultistPotion"},{"floor":33,"key":"LiquidBronze"},{"floor":35,"key":"BottledSpark"},{"floor":40,"key":"FearPotion"},{"floor":40,"key":"FairyPotion"},{"floor":42,"key":"Explosive Potion"}],"is_trial":false,"path_per_floor":["M","M","M","M","M","?","$","R","T","E","$","M","M","?","R","B",null,"M","M","?","?","M","R","M","$","T","R","M","M","?","?","R","B",null,"M","?","?","M","?","M","M","E","T","M","R","M"],"character_chosen":"MARISA","items_purchased":["WitchOfGreed","SimpleLauncher","MysteriousBeam","AsteroidBelt","Pen Nib","Mercury Hourglass","Orbital","FinalSpark","EnergyFlow","StarBarrage","Orichalcum"],"campfire_rested":2,"item_purchase_floors":[0,0,0,0,0,0,7,7,11,25,25],"current_hp_per_floor":[40,39,38,37,35,28,28,50,50,45,45,42,42,42,42,22,75,75,71,68,68,59,59,59,59,59,59,57,59,59,59,59,23,68,47,47,47,34,34,30,6,9,9,3,22,0,0],"gold":569,"neow_bonus":"","is_daily":false,"chose_seed":false,"campfire_upgraded":3,"win_rate":0.0,"timestamp":1608579855,"path_taken":["M","M","?","M","M","?","$","R","T","E","?","?","M","?","R","BOSS","M","M","?","?","M","R","?","?","T","R","?","M","?","?","R","BOSS","M","?","?","?","?","M","M","E","T","M","R","M"],"items_purchased_type":["Card","Relic","Card","Card","Relic","Relic","Card","Card","Card","Card","Relic"],"build_version":"2020-12-13","purchased_purges":2,"victory":false,"max_hp_per_floor":[75,75,75,75,75,75,75,75,75,75,75,75,75,75,75,75,75,75,75,68,68,68,68,68,68,68,68,68,68,68,68,68,68,68,68,68,68,68,65,65,65,65,65,65,65,65,65],"card_choices":[{"not_picked":["WitchLeyline","GalacticHalo"],"picked":"MysteriousBeam","floor":1},{"not_picked":["SuperPerseids","NonDirectionalLaser"],"picked":"StarDustReverie","floor":2},{"not_picked":["WitchOfGreed","MagicChant"],"picked":"DoubleSpark","floor":3},{"not_picked":["DoubleSpark","SporeBomb"],"picked":"MeteoricShower","floor":4},{"not_picked":["GrandCross","GravityBeat"],"picked":"AsteroidBelt","floor":5},{"not_picked":["OpenUniverse","UnstableBomb"],"picked":"DarkMatter","floor":10},{"not_picked":["BlazingStar","OortCloud"],"picked":"MysteriousBeam","floor":12},{"not_picked":["ChargingUp","WitchOfGreed"],"picked":"DC","floor":12},{"not_picked":["IllusionStar","GrandCross"],"picked":"MilkyWay","floor":13},{"not_picked":["WitchLeyline","NonDirectionalLaser"],"picked":"MagicAbsorber","floor":13},{"not_picked":["EscapeVelocity","BigCrunch"],"picked":"CasketOfStar","floor":16},{"not_picked":["DragonMeteor","NonDirectionalLaser"],"picked":"MilkyWay","floor":18},{"not_picked":["LuminesStrike","6A+1"],"picked":"Orbital+1","floor":18},{"not_picked":["SprinkleStarSeal","OneTimeOff+1"],"picked":"SporeBomb+1","floor":19},{"not_picked":["StarlightTyphoon","UnstableBomb","CollectingQuirk"],"picked":"SKIP","floor":19},{"not_picked":["6A","WitchOfGreed"],"picked":"GalacticHalo","floor":22},{"not_picked":["ChargingUp","UnstableBomb+1"],"picked":"PowerUp","floor":22},{"not_picked":["OpenUniverse","GravityBeat+1"],"picked":"GasGiant","floor":24},{"not_picked":["UnstableBomb+1","BlazeAway","PulseMagic"],"picked":"SKIP","floor":24},{"not_picked":["EventHorizon","IllusionStar"],"picked":"AsteroidBelt","floor":28},{"not_picked":["GrandCross","AsteroidBelt"],"picked":"FairyDestructionRay","floor":28},{"not_picked":["BlazeAway","ChargingUp"],"picked":"MillisecondPulsars","floor":29},{"not_picked":["DragonMeteor","ChargingUp+1","WitchOfGreed"],"picked":"SKIP","floor":29},{"not_picked":["StarDustReverie","AbsoluteMagnitude"],"picked":"FinalSpark","floor":33},{"not_picked":["ChargingUp","6A"],"picked":"DoubleSpark","floor":35},{"not_picked":["UnstableBomb+1","MilkyWay"],"picked":"SuperPerseids+1","floor":35},{"not_picked":["BlazeAway+1","StarBarrage+1"],"picked":"RefractionSpark","floor":38},{"not_picked":["DC+1","ManaConvection"],"picked":"StarBarrage","floor":38},{"not_picked":["StarDustReverie","UnstableBomb+1"],"picked":"DoubleSpark","floor":40},{"not_picked":["MachineGunSpark+1","NonDirectionalLaser"],"picked":"DC","floor":40},{"not_picked":["Orbital+1","EscapeVelocity"],"picked":"Singularity+1","floor":41},{"not_picked":["MeteoricShower+1","NonDirectionalLaser+1"],"picked":"SporeBomb+1","floor":41},{"not_picked":["WitchLeyline+1","UnstableBomb"],"picked":"ChargeUpSpray+1","floor":42},{"not_picked":["MachineGunSpark+1","BlazeAway+1"],"picked":"Robbery+1","floor":44},{"not_picked":["DragonMeteor","NonDirectionalLaser+1"],"picked":"Occultation+1","floor":44}],"player_experience":173197,"relics_obtained":[{"floor":10,"key":"Toy Ornithopter"},{"floor":26,"key":"Bottled Lightning"},{"floor":42,"key":"Kunai"},{"floor":43,"key":"Happy Flower"}],"event_choices":[{"damage_healed":0,"gold_gain":0,"player_choice":"Success","damage_taken":7,"relics_obtained":["Prayer Wheel"],"max_hp_gain":0,"max_hp_loss":0,"event_name":"Scrap Ooze","floor":6,"gold_loss":0},{"damage_healed":0,"gold_gain":175,"player_choice":"AGREE","damage_taken":0,"max_hp_gain":0,"max_hp_loss":0,"event_name":"Liars Game","floor":14,"gold_loss":0,"cards_obtained":["Doubt"]},{"damage_healed":0,"gold_gain":0,"player_choice":"Ignored","damage_taken":0,"max_hp_gain":0,"max_hp_loss":0,"event_name":"N\u0027loth","floor":21,"gold_loss":0},{"damage_healed":0,"gold_gain":99,"player_choice":"Stole From Cult","damage_taken":0,"max_hp_gain":0,"max_hp_loss":0,"event_name":"Nest","floor":30,"gold_loss":0},{"damage_healed":0,"gold_gain":0,"player_choice":"Ignored","damage_taken":0,"max_hp_gain":0,"max_hp_loss":0,"event_name":"Vampires","floor":31,"gold_loss":0},{"damage_healed":0,"gold_gain":0,"player_choice":"Ignored","damage_taken":0,"max_hp_gain":0,"max_hp_loss":0,"event_name":"Tomb of Lord Red Mask","floor":36,"gold_loss":0},{"cards_removed":["Defend_MRS"],"damage_healed":0,"gold_gain":0,"player_choice":"Purged","damage_taken":0,"max_hp_gain":0,"max_hp_loss":0,"event_name":"Purifier","floor":37,"gold_loss":0},{"damage_healed":0,"gold_gain":0,"player_choice":"Max HP","damage_taken":0,"max_hp_gain":0,"max_hp_loss":3,"event_name":"Winding Halls","floor":39,"gold_loss":0}],"is_beta":false,"boss_relics":[{"not_picked":["Cursed Key","Philosopher\u0027s Stone"],"picked":"ExperimentalFamiliar"},{"not_picked":["Velvet Choker","Sozu","Snecko Eye"]}],"items_purged_floors":[0,25],"is_endless":false,"potions_floor_spawned":[1,3,4,10,16,18,28,29,33,38,40,41],"killed_by":"Maw","ascension_level":0}}