{"host":"1zjc08c6hob33401","time":1608557721,"event":{"mods":["AchievementEnabler","Act Like it!","Aspiration","BaseMod","Downfall","Energized Spire","GifTheSpireLib","Hermit","Hubris","Infinite Spire","Jedi Mod","Jorbs\u0027s Wanderer Trilogy","Minty Spire (QoL Compilation)","Pale of the Ancients","Quick Restart","Replay The Spire","Retaliation","Shop Mod","StSLib","Stuff the Spire","Swap Starting Deck Mod","The Blue Laboratory","The Gatherer","The Poker Player","The Runesmith","Wandering Minibosses"],"gold_per_floor":[111,128,128,128,138,138,171,22,22,36,47,57,57,57,57,158,158,173,173,173,190,190,44,62,73,99,99,132,132,164,64,64,164,164,180,0,0,0,0],"floor_reached":37,"playtime":5306,"items_purged":["PokerPlayerMod:Spade1","hubris:Lust"],"score":557,"play_id":"9c394dcc-3cb8-4a7e-9524-22cff76b88c3","local_time":"20201221153521","is_ascension_mode":false,"metric_token":1697,"campfire_choices":[{"data":"PokerPlayerMod:Raise","floor":6.0,"key":"SMITH"},{"data":"PokerPlayerMod:DamnStraight","floor":13.0,"key":"SMITH"},{"data":"PokerPlayerMod:Raise","floor":15.0,"key":"SMITH"},{"data":"PokerPlayerMod:Promotion","floor":27.0,"key":"SMITH"},{"data":"PokerPlayerMod:ChangeRules","floor":29.0,"key":"SMITH"},{"data":"PokerPlayerMod:FakeSymbols","floor":32.0,"key":"SMITH"}],"circlet_count":0,"master_deck":["PokerPlayerMod:Diamond1","PokerPlayerMod:Diamond2","PokerPlayerMod:Diamond3","PokerPlayerMod:Diamond4","PokerPlayerMod:Diamond5","PokerPlayerMod:Spade2","PokerPlayerMod:Spade3","PokerPlayerMod:Spade4","PokerPlayerMod:Club1","PokerPlayerMod:Club2","PokerPlayerMod:Heart2","PokerPlayerMod:TrumpStrike","PokerPlayerMod:BadJoker","PokerPlayerMod:Mulligan","PokerPlayerMod:Heart6","PokerPlayerMod:DiamondStrike","PokerPlayerMod:Raise+1","PokerPlayerMod:SpadeStrike","PokerPlayerMod:DamnStraight+1","PokerPlayerMod:Diamond4","PokerPlayerMod:Heart4","PokerPlayerMod:Raise+1","PokerPlayerMod:Promotion+1","PokerPlayerMod:CardBurn","PokerPlayerMod:JackOfSpades","PokerPlayerMod:DiamondStrike+1","PokerPlayerMod:CloakAndDiamond+1","PokerPlayerMod:ChangeRules+1","PokerPlayerMod:FakeSymbols+1","PokerPlayerMod:Promotion","PokerPlayerMod:MagicTrick","expansioncontent:Corrupt"],"relics":["PokerPlayerMod:DeckCase","ReplayTheSpireMod:TigerMarble","StuffTheSpire:EmeraldSignet","hubris:TerracottaHorce","hubris:Icosahedron","Ring of Peace","ReplayTheSpireMod:Ring of Exchange","Lantern","Pen Nib","aspiration:ChemicalBlood","ReplayTheSpireMod:Lightbulb","Snecko Eye"],"acts_visited":["Exordium","TheCity","TheBeyond"],"potions_floor_usage":[35,35,37,37],"damage_taken":[{"damage":0.0,"enemies":"Cultist","floor":1.0,"turns":2.0},{"damage":7.0,"enemies":"2 Louse","floor":2.0,"turns":3.0},{"damage":8.0,"enemies":"Jaw Worm","floor":5.0,"turns":2.0},{"damage":41.0,"enemies":"Lagavulin","floor":7.0,"turns":7.0},{"damage":0.0,"enemies":"3 Louse","floor":10.0,"turns":2.0},{"damage":8.0,"enemies":"Large Slime","floor":11.0,"turns":7.0},{"damage":13.0,"enemies":"Blue Slaver","floor":12.0,"turns":3.0},{"damage":36.0,"enemies":"The Guardian","floor":16.0,"turns":8.0},{"damage":22.0,"enemies":"Spheric Guardian","floor":18.0,"turns":4.0},{"damage":6.0,"enemies":"Shell Parasite","floor":21.0,"turns":5.0},{"damage":13.0,"enemies":"Cultist and Chosen","floor":24.0,"turns":8.0},{"damage":12.0,"enemies":"Snecko","floor":25.0,"turns":5.0},{"damage":26.0,"enemies":"Gremlin Leader","floor":28.0,"turns":8.0},{"damage":6.0,"enemies":"Slavers","floor":30.0,"turns":4.0},{"damage":48.0,"enemies":"Pondfish","floor":33.0,"turns":8.0},{"damage":0,"enemies":"3 Darklings","floor":35,"turns":4},{"damage":0,"enemies":"infinitespire:Three Voidlings","floor":37,"turns":4},{"damage":62,"enemies":"Nightmare_Alpha","floor":37,"turns":7}],"seed_played":"6503007355825314849","potions_obtained":[{"floor":1.0,"key":"blueLaboratory:FrostheartPotion"},{"floor":3.0,"key":"blueLaboratory:AbyssPotion"},{"floor":3.0,"key":"Dexterity Potion"},{"floor":12.0,"key":"Weak Potion"},{"floor":16.0,"key":"Languid Potion"},{"floor":21.0,"key":"blueLaboratory:HorrorPotion"},{"floor":33.0,"key":"blueLaboratory:PyrophylliteBrew"},{"floor":33.0,"key":"blueLaboratory:SavagePotion"},{"floor":35,"key":"Venom Potion"}],"is_trial":false,"path_per_floor":["M","M","?","$","M","R","E","$","T","M","M","M","R","$","R","B",null,"M","?","?","M","?","$","M","M","T","R","E","R","E","$","R","B",null,"M","$","?"],"character_chosen":"THE_POKER_PLAYER","items_purchased":["PokerPlayerMod:DamnStraight","Lantern","expansioncontent:Corrupt"],"campfire_rested":0,"item_purchase_floors":[8,23,36],"current_hp_per_floor":[57,50,50,50,42,42,13,13,13,27,31,33,33,33,33,24,49,40,40,40,57,57,57,52,45,45,45,36,36,47,47,47,21,48,57,57,0,0,0],"gold":0,"neow_bonus":"TEN_PERCENT_HP_BONUS","is_daily":false,"chose_seed":false,"campfire_upgraded":6,"win_rate":0.0,"timestamp":1608557721,"path_taken":["M","M","?","$","?","R","E","?","T","M","M","?","R","$","R","BOSS","M","?","?","M","?","$","M","M","T","R","E","R","E","$","R","BOSS","M","$","?"],"items_purchased_type":["Card","Relic","Card"],"build_version":"2020-12-13","purchased_purges":2,"victory":false,"max_hp_per_floor":[57,57,57,57,57,57,57,57,57,57,57,57,57,57,57,57,57,57,57,57,57,57,57,57,57,57,57,57,57,57,57,57,57,57,57,57,57,57,57],"card_choices":[{"not_picked":["PokerPlayerMod:Spade5","PokerPlayerMod:Trickery"],"picked":"PokerPlayerMod:Heart6","floor":1.0},{"not_picked":["PokerPlayerMod:Club8","PokerPlayerMod:Diamond1"],"picked":"PokerPlayerMod:DiamondStrike","floor":2.0},{"not_picked":["PokerPlayerMod:Diamond1","PokerPlayerMod:Diamond2"],"picked":"PokerPlayerMod:Raise","floor":5.0},{"not_picked":["PokerPlayerMod:DartThrow","PokerPlayerMod:Spade3"],"picked":"PokerPlayerMod:SpadeStrike","floor":7.0},{"not_picked":["PokerPlayerMod:DartThrow","PokerPlayerMod:Diamond6"],"picked":"PokerPlayerMod:Diamond4","floor":10.0},{"not_picked":["PokerPlayerMod:Diamond5","PokerPlayerMod:Club5"],"picked":"PokerPlayerMod:Heart4","floor":11.0},{"not_picked":["PokerPlayerMod:Spade2","PokerPlayerMod:Diamond1"],"picked":"PokerPlayerMod:Raise","floor":12.0},{"not_picked":["PokerPlayerMod:Heart8","PokerPlayerMod:Club10+"],"picked":"PokerPlayerMod:Promotion","floor":16.0},{"not_picked":["PokerPlayerMod:Club4","PokerPlayerMod:ClubsClub"],"picked":"PokerPlayerMod:CardBurn","floor":18.0},{"not_picked":["PokerPlayerMod:Club5","PokerPlayerMod:Club4"],"picked":"PokerPlayerMod:JackOfSpades","floor":21.0},{"not_picked":["PokerPlayerMod:CloakAndDiamond","PokerPlayerMod:Diamond3"],"picked":"PokerPlayerMod:DiamondStrike+1","floor":24.0},{"not_picked":["PokerPlayerMod:FlyingCard","PokerPlayerMod:HiddenCard"],"picked":"PokerPlayerMod:CloakAndDiamond+1","floor":25.0},{"not_picked":["PokerPlayerMod:Spade3","PokerPlayerMod:Diamond2"],"picked":"PokerPlayerMod:ChangeRules","floor":28.0},{"not_picked":["PokerPlayerMod:Spade10+","PokerPlayerMod:Raise+1"],"picked":"PokerPlayerMod:FakeSymbols","floor":30.0},{"not_picked":["PokerPlayerMod:Diamond7","PokerPlayerMod:Diamond8"],"picked":"PokerPlayerMod:Promotion","floor":33.0},{"not_picked":["PokerPlayerMod:Club1","PokerPlayerMod:Diamond2"],"picked":"PokerPlayerMod:MagicTrick","floor":35}],"player_experience":464856,"relics_obtained":[{"floor":7.0,"key":"ReplayTheSpireMod:TigerMarble"},{"floor":9.0,"key":"StuffTheSpire:EmeraldSignet"},{"floor":22.0,"key":"Ring of Peace"},{"floor":22.0,"key":"ReplayTheSpireMod:Ring of Exchange"},{"floor":26.0,"key":"Pen Nib"},{"floor":28.0,"key":"aspiration:ChemicalBlood"},{"floor":30.0,"key":"ReplayTheSpireMod:Lightbulb"}],"event_choices":[{"damage_healed":0.0,"max_hp_gain":0.0,"max_hp_loss":0.0,"gold_gain":0.0,"event_name":"Lab","player_choice":"Got Potions","floor":3.0,"gold_loss":0.0,"damage_taken":0.0}],"is_beta":false,"boss_relics":[{"not_picked":["Painkiller Herb","Runic Dome"],"picked":"hubris:TerracottaHorce"},{"not_picked":["Medical Kit","hubris:BlackHole"],"picked":"Snecko Eye"}],"items_purged_floors":[8,31],"is_endless":false,"potions_floor_spawned":[1,12,16,21,33,35,37],"killed_by":"Nightmare_Alpha","ascension_level":0}}