{"host":"augq31c17g2ieuye","time":1608574318,"event":{"mods":["AchievementEnabler","Aspiration","BaseMod","Better Altar","Better Match","Better Note","Better Sensory Stone","Better Skull","Better Third Choice","Better Vampires","BetterRewards","Card Forge","Displayed Cursed Tome","Downfall","Energized Spire","GifTheSpireLib","Gold Saver","Hubris","Minty Spire (QoL Compilation)","Replay The Spire","Spicy Shops","StSLib","Stuff the Spire","The Necromancer","The Servant 0.9.4"],"gold_per_floor":[399,399,399,413,427,427,459,471,518,552,552,563,576,608,608,713,713,723,723,679,727,742,777,777,793,842,875,875,903,903,918,918,1020,1020,1033,1033,1050,1070,1070,1098,1113,1138,1164,1184,1184,1200,1233,1247,1247,1247,1247,1247,1547,1581,1581],"floor_reached":56,"playtime":3017,"items_purged":[],"score":2143,"play_id":"cf0c521d-63d8-49ed-bbc4-14ae12238b56","local_time":"20201221191158","is_ascension_mode":true,"campfire_choices":[{"floor":6,"key":"REST"},{"floor":11,"key":"RECALL"},{"data":"Summon_Lich","floor":15,"key":"SMITH"},{"floor":24,"key":"REST"},{"floor":32,"key":"REST"},{"floor":52,"key":"REST"}],"circlet_count":0,"master_deck":["Strike_W","Strike_W","Defend_W","Defend_W","Defend_W","ReplayUltimateDefense+1","Hellfire+1","Slay_Living+1","Dramatic Entrance+1","Stop_Heart+1","Hellfire+1","Grasp_Heart+1","Madness+1","Finesse+1","StuffTheSpire:Vigor+1","Summon_Death_Knight+1","Grasp_Heart+1","Panache+1"],"relics":["Vampire_Amulet","Seething Fire","Anvil of the Gods","Membership Card","Omamori","StuffTheSpire:NeowsTribute","downfall:RedIOUUpgrade","ReplayTheSpireMod:Lightbulb","StuffTheSpire:Experiment12","StuffTheSpire:Saxophone","Gremlin Food","aspiration:ChemicalBlood","StuffTheSpire:Mouthbags","Simple Rune","Ornamental Fan","Fusion Hammer","aspiration:Lifesprig","Lantern","hubris:TenFootPole","Replay:Bottled Eggs","Dream Catcher","Replay:Grab Bag","Philosopher\u0027s Stone","energizedSpire:RedRose","Runic Pyramid","hubris:Stopwatch","Orichalcum","Turnip","Centennial Puzzle","Calipers","Ring of Chaos","ReplayTheSpireMod:Ring of Challenge","hubris:NiceRug","Replay:Wax Seal","Bag of Marbles","Sling","hubris:TinFlute","Toy Ornithopter","hubris:MedicalManual"],"acts_visited":["Exordium","TheCity","TheBeyond","TheEnding"],"potions_floor_usage":[1,8,8,10,16,16,16,18,23,53,55],"damage_taken":[{"damage":2,"enemies":"Small Slimes","floor":1,"turns":3},{"damage":0,"enemies":"Cultist","floor":4,"turns":3},{"damage":0,"enemies":"2 Louse","floor":5,"turns":3},{"damage":11,"enemies":"Gremlin Nob","floor":7,"turns":4},{"damage":5,"enemies":"Exordium Thugs","floor":8,"turns":4},{"damage":5,"enemies":"Replay:BlueRogue","floor":10,"turns":4},{"damage":0,"enemies":"3 Louse","floor":12,"turns":2},{"damage":0,"enemies":"Red Slaver","floor":13,"turns":3},{"damage":0,"enemies":"3 Sentries","floor":14,"turns":4},{"damage":24,"enemies":"Fading Forest","floor":16,"turns":11},{"damage":0,"enemies":"Chosen","floor":18,"turns":3},{"damage":12,"enemies":"2 Thieves","floor":22,"turns":2},{"damage":6,"enemies":"Replay:Snechameleon","floor":23,"turns":3},{"damage":0,"enemies":"Snake Plant","floor":25,"turns":2},{"damage":0,"enemies":"Book of Stabbing","floor":27,"turns":4},{"damage":0,"enemies":"Slavers","floor":29,"turns":2},{"damage":0,"enemies":"Cultist and Chosen","floor":31,"turns":4},{"damage":0,"enemies":"Champ","floor":33,"turns":5},{"damage":3,"enemies":"3 Darklings","floor":35,"turns":4},{"damage":1,"enemies":"Orb Walker","floor":37,"turns":2},{"damage":0,"enemies":"Jaw Worm Horde","floor":38,"turns":2},{"damage":0,"enemies":"Giant Head","floor":40,"turns":5},{"damage":0,"enemies":"4 Shapes","floor":41,"turns":3},{"damage":0,"enemies":"Reptomancer","floor":42,"turns":3},{"damage":1,"enemies":"Spire Growth","floor":44,"turns":2},{"damage":0,"enemies":"3 Darklings","floor":46,"turns":3},{"damage":1,"enemies":"R_Hoarder","floor":47,"turns":4},{"damage":2,"enemies":"Sphere and 2 Shapes","floor":48,"turns":2},{"damage":0,"enemies":"Donu and Deca","floor":50,"turns":5},{"damage":0,"enemies":"hubris:Merchant","floor":53,"turns":3},{"damage":2,"enemies":"Shield and Spear","floor":54,"turns":2},{"damage":1,"enemies":"The Heart","floor":55,"turns":5}],"seed_played":"2014768708529724704","potions_obtained":[{"floor":4,"key":"BlessingOfTheForge"},{"floor":5,"key":"SmokeBomb"},{"floor":7,"key":"Strength Potion"},{"floor":8,"key":"DistilledChaos"},{"floor":13,"key":"EntropicBrew"},{"floor":22,"key":"Explosive Potion"},{"floor":23,"key":"champ:CounterPotion"},{"floor":23,"key":"hexamod:EctoCoolerPotion"},{"floor":29,"key":"Adrenaline Potion"},{"floor":42,"key":"DistilledChaos"},{"floor":54,"key":"champ:CounterPotion"}],"is_trial":false,"path_per_floor":["M","?","?","M","M","R","E","M","T","E","R","M","M","E","R","B",null,"M","?","$","T","M","E","R","M","T","E","?","E","?","M","R","B",null,"M","?","M","M","?","E","M","E","T","M","?","M","E","M","R","B",null,"R","$","E","B",null],"character_chosen":"NECROMANCER","items_purchased":["Membership Card","ReplayUltimateDefense","Omamori","StuffTheSpire:NeowsTribute","Fruit Juice","FairyPotion","StuffTheSpire:Saxophone","Summon_Undead_Army","Siphon_Strength","Blood_Curse","Dramatic Entrance"],"campfire_rested":4,"item_purchase_floors":[0,0,0,0,0,0,0,0,0,0,20],"current_hp_per_floor":[80,80,45,47,51,75,66,65,65,62,62,68,70,76,76,62,80,80,80,80,80,72,68,80,80,80,80,80,80,80,80,80,80,80,79,79,80,80,70,72,80,80,80,80,80,80,80,80,80,80,80,80,80,80,80],"gold":1581,"neow_bonus":"","is_daily":false,"chose_seed":false,"campfire_upgraded":1,"win_rate":0.0,"timestamp":1608574318,"path_taken":["M","?","?","M","M","R","E","?","T","E","R","M","M","E","R","BOSS","M","?","$","?","M","E","R","M","T","E","?","E","?","M","R","BOSS","M","?","M","M","?","E","M","E","T","M","?","M","E","M","R","BOSS","R","$","E","BOSS"],"items_purchased_type":["Relic","Card","Relic","Relic","Potion","Potion","Relic","Card","Card","Card","Card"],"build_version":"2020-12-13","purchased_purges":0,"victory":true,"max_hp_per_floor":[80,80,80,80,80,80,80,80,80,80,80,80,80,80,80,80,80,80,80,80,80,80,80,80,80,80,80,80,80,80,80,80,80,80,80,80,80,80,80,80,80,80,80,80,80,80,80,80,80,80,80,80,80,80,80],"card_choices":[{"not_picked":["Pandemic","Shackles_Of_Pain"],"picked":"Finger_Of_Death","floor":1},{"not_picked":["Death_March_Dance","Spectral_Walk"],"picked":"Scare","floor":4},{"not_picked":["Bones_to_Steel","Spectral_Walk"],"picked":"Blood_Curse","floor":5},{"not_picked":["Life_Drain","Blood_Whip"],"picked":"Negative_Energy_Mist","floor":7},{"not_picked":["Bone_Spikes","Negative_Energy_Javelin"],"picked":"Acid_Javelin","floor":8},{"not_picked":["Bone_Shift","Shackles_Of_Pain","Negative_Energy_Shield"],"picked":"SKIP","floor":10},{"not_picked":["Death_Coil","Negative_Energy_Mist","Cloudkill"],"picked":"SKIP","floor":12},{"not_picked":["Blood_Whip","Consume_Illness","Life_Drain"],"picked":"SKIP","floor":13},{"not_picked":["Negative_Energy_Mist","Spectral_Armor"],"picked":"Summon_Lich","floor":14},{"not_picked":["Blood_Magic","Blood_Wake"],"picked":"Hellfire","floor":16},{"not_picked":["Bone_Bullets","Blood_for_Blood"],"picked":"Slay_Living+1","floor":18},{"not_picked":["Scare","Bone_Prison"],"picked":"Stop_Heart","floor":22},{"not_picked":["Bones_to_Steel","Flesh_Made_Foul","Finger_Of_Death"],"picked":"SKIP","floor":23},{"not_picked":["Scare","Bone_Armor","Negative_Energy_Shield"],"picked":"SKIP","floor":25},{"not_picked":["Shackles_Of_Pain","Slay_Living","Scare"],"picked":"SKIP","floor":27},{"not_picked":["Bone_Shift","Death_March_Dance","Consume_Illness"],"picked":"SKIP","floor":29},{"not_picked":["Scare","Plague_Bolt"],"picked":"Hellfire","floor":31},{"not_picked":["Reap_The_Weak","Summon_Vampire_Lady"],"picked":"Grasp_Heart","floor":33},{"not_picked":["Bone_Shift","Bone_Bullets+1","Bone_Armor+1"],"picked":"SKIP","floor":35},{"not_picked":["Uncharnel+1","Negative_Energy_Shield+1","Bone_Armor"],"picked":"SKIP","floor":37},{"not_picked":["Deaths_Shadow","Finger_Of_Death","Violent_Necrosis"],"picked":"SKIP","floor":38},{"not_picked":["Bone_Prison","Exploit+1","Bone_Armor"],"picked":"SKIP","floor":40},{"not_picked":["Bone_Armory","Bone_Spikes+1","Consume_Illness"],"picked":"SKIP","floor":41},{"not_picked":["Blood_Curse","Violent_Necrosis+1","Necrotic_Claws"],"picked":"SKIP","floor":42},{"not_picked":["Negative_Energy_Javelin","Bone_Armory","Chill_Blood"],"picked":"SKIP","floor":44},{"not_picked":["Transmutation","StuffTheSpire:FreeRealEstate"],"picked":"Madness","floor":45},{"not_picked":["Secret Weapon","Discovery"],"picked":"Finesse","floor":45},{"not_picked":["Finger_Of_Death","Whirlwind_of_Bones+1","Death_Coil"],"picked":"SKIP","floor":46},{"not_picked":["Plague_Bolt","Bone_Bullets+1","Spectral_Armor+1"],"picked":"SKIP","floor":47},{"not_picked":["Death_Coil","Negative_Energy_Sphere+1","Blood_Curse"],"picked":"SKIP","floor":48},{"not_picked":["Death_Knell+1","Summon_Undead_Army"],"picked":"Summon_Death_Knight","floor":52},{"not_picked":[],"picked":"Grasp_Heart","floor":53},{"not_picked":[],"picked":"Panache","floor":53},{"not_picked":["Necrotic_Claws"],"picked":"SKIP","floor":53},{"not_picked":["Epidemic+1"],"picked":"SKIP","floor":53},{"not_picked":["Bone_Prison"],"picked":"SKIP","floor":53},{"not_picked":["Summon_Lich"],"picked":"SKIP","floor":53},{"not_picked":["expansioncontent:YouAreMine"],"picked":"SKIP","floor":53},{"not_picked":["Thousand_Bone_Knives+1","Blood_Curse+1","Blood_Magic"],"picked":"SKIP","floor":54}],"player_experience":248125,"relics_obtained":[{"floor":7,"key":"StuffTheSpire:Mouthbags"},{"floor":10,"key":"Simple Rune"},{"floor":14,"key":"Ornamental Fan"},{"floor":21,"key":"aspiration:Lifesprig"},{"floor":23,"key":"Lantern"},{"floor":26,"key":"hubris:TenFootPole"},{"floor":27,"key":"Replay:Bottled Eggs"},{"floor":29,"key":"Dream Catcher"},{"floor":40,"key":"Orichalcum"},{"floor":42,"key":"Turnip"},{"floor":43,"key":"Centennial Puzzle"},{"floor":47,"key":"Calipers"},{"floor":49,"key":"Ring of Chaos"},{"floor":49,"key":"ReplayTheSpireMod:Ring of Challenge"},{"floor":53,"key":"Replay:Wax Seal"},{"floor":53,"key":"Bag of Marbles"},{"floor":53,"key":"Sling"},{"floor":53,"key":"hubris:TinFlute"},{"floor":53,"key":"Toy Ornithopter"},{"floor":54,"key":"hubris:MedicalManual"}],"event_choices":[{"damage_healed":0,"gold_gain":0,"player_choice":"RE RE ","damage_taken":39,"relics_obtained":["Gremlin Food","aspiration:ChemicalBlood"],"max_hp_gain":0,"max_hp_loss":0,"event_name":"betterSkull:BetterSkull","floor":3,"gold_loss":0,"cards_upgraded":[]},{"cards_removed":["Spectral_Walk"],"damage_healed":0,"gold_gain":0,"player_choice":"Purged","damage_taken":0,"max_hp_gain":0,"max_hp_loss":0,"event_name":"Purifier","floor":19,"gold_loss":0},{"damage_healed":0,"gold_gain":0,"player_choice":"Ignored","damage_taken":0,"max_hp_gain":0,"max_hp_loss":0,"event_name":"betterNote:BetterNote","floor":28,"gold_loss":0,"cards_obtained":["Summon_Vampire_Lady"]},{"damage_healed":0,"gold_gain":0,"player_choice":"Simplicity","damage_taken":0,"max_hp_gain":0,"max_hp_loss":5,"event_name":"betterThird:BetterWriting","floor":30,"gold_loss":0},{"damage_healed":0,"gold_gain":3,"player_choice":"1","damage_taken":0,"max_hp_gain":0,"max_hp_loss":0,"event_name":"betterStone:BetterStone","floor":45,"gold_loss":0}],"is_beta":false,"boss_relics":[{"not_picked":["SlaversCollar","Coffee Dripper"],"picked":"Fusion Hammer"},{"not_picked":["Astrolabe","StuffTheSpire:RunicHypercube"],"picked":"Replay:Grab Bag"},{"not_picked":["Busted Crown","Velvet Choker"],"picked":"Philosopher\u0027s Stone"},{"not_picked":["StuffTheSpire:RunicConfusion","Runic Dome"],"picked":"energizedSpire:RedRose"},{"not_picked":["aspiration:PoetsPen_weak","Pandora\u0027s Box"],"picked":"Runic Pyramid"},{"not_picked":["Empty Cage","aspiration:WatcherSkillbook"],"picked":"hubris:Stopwatch"}],"items_purged_floors":[],"is_endless":false,"potions_floor_spawned":[4,5,7,8,13,22,23,29,37,42,44,46,48,54],"ascension_level":4}}