{"host":"mhmdt6pir7l60j7a","time":1608525638,"event":{"mods":["BaseMod","Bestiary","Better Altar","Better Sensory Stone","Better Third Choice","Displayed Cursed Tome","Dota2Spire","Hubris","Infinite Spire","Minty Spire (QoL Compilation)","Replay The Spire","StSLib","The Alterego","The Construct","Uncapped","UnlockEverythingMod"],"gold_per_floor":[112,125,125,125,225,243,243,243,243,243,273,290,317,331,331,430,430,443,455,455,455,474,501,501,520,520,240,255,255,111,128,128,233,233,255,255,275,330,131,131,170,170,170,170,185,185,190],"floor_reached":48,"playtime":3837,"items_purged":["alterego_mod:Strike"],"score":763,"play_id":"cb950567-9c82-4afe-8edf-017217dee5eb","local_time":"20201220214038","is_ascension_mode":false,"campfire_choices":[{"data":"alterego_mod:Nekomimi","floor":8,"key":"SMITH"},{"data":"infinitespire:Collect","floor":15,"key":"SMITH"},{"data":"alterego_mod:Venus","floor":24,"key":"SMITH"},{"floor":29,"key":"REST"},{"data":"alterego_mod:BigMeatyClaws","floor":29,"key":"SMITH"},{"floor":32,"key":"REST"},{"data":"alterego_mod:Mirror","floor":32,"key":"SMITH"},{"floor":40,"key":"REST"},{"data":"alterego_mod:Vow","floor":40,"key":"SMITH"},{"data":"alterego_mod:ClassAdvantage","floor":44,"key":"SMITH"}],"circlet_count":0,"master_deck":["alterego_mod:Strike","alterego_mod:Strike","alterego_mod:Strike","alterego_mod:Defend","alterego_mod:Defend","alterego_mod:Defend","alterego_mod:Defend","alterego_mod:Impale","alterego_mod:BigMeatyClaws+1","alterego_mod:BrynhildrsRune","alterego_mod:DiscoLights","alterego_mod:BreastValley","infinitespire:Collect+1","alterego_mod:Nekomimi+1","alterego_mod:Mirror+1","alterego_mod:Pet","alterego_mod:Undulate","alterego_mod:Smother","alterego_mod:Venus+1","alterego_mod:Stockings","alterego_mod:DiscoLights","alterego_mod:ClassAdvantage+1","alterego_mod:MagicResistance","alterego_mod:GoddessCore","alterego_mod:BusterCard","alterego_mod:Maid","alterego_mod:Smother","alterego_mod:Jiggle+1","alterego_mod:Vow+1","alterego_mod:DestructionOfProperty+1","ReplayTheSpireMod:Brewmster","alterego_mod:Bounce+1"],"relics":["alterego_mod:MasochisticConstitution","hubris:Towel","Strawberry","infinitespire:Magic Flask","Replay:Towering Pillar of Hats","Boot","infinitespire:FocusingShard","construct:WeddingRing","hubris:Reverence","hubris:MysteriousPyramids","The Courier","Toolbox","Membership Card","SacredBark","hubris:Zylophone","PreservedInsect","hubris:SlimyHat","Vajra","Dota2Spire:Dagon"],"acts_visited":["Exordium","TheCity","TheBeyond"],"potions_floor_usage":[18,19,22,33,33,35,35,41,41,41,47],"damage_taken":[{"damage":4,"enemies":"Jaw Worm","floor":1,"turns":4},{"damage":6,"enemies":"2 Louse","floor":2,"turns":4},{"damage":0,"enemies":"Cultist","floor":6,"turns":7},{"damage":0,"enemies":"Lagavulin","floor":11,"turns":11},{"damage":5,"enemies":"Looter","floor":12,"turns":3},{"damage":14,"enemies":"3 Sentries","floor":13,"turns":9},{"damage":0,"enemies":"3 Louse","floor":14,"turns":5},{"damage":7,"enemies":"Fading Forest","floor":16,"turns":11},{"damage":0,"enemies":"3 Byrds","floor":18,"turns":2},{"damage":10,"enemies":"2 Thieves","floor":19,"turns":4},{"damage":1,"enemies":"Chosen and Byrds","floor":22,"turns":4},{"damage":13,"enemies":"Replay:Snechameleon","floor":23,"turns":6},{"damage":15,"enemies":"Snake Plant","floor":25,"turns":5},{"damage":18,"enemies":"Centurion and Healer","floor":28,"turns":5},{"damage":25,"enemies":"Cultist and Chosen","floor":31,"turns":7},{"damage":3,"enemies":"Champ","floor":33,"turns":12},{"damage":42,"enemies":"3 Darklings","floor":35,"turns":7},{"damage":2,"enemies":"Orb Walker","floor":37,"turns":3},{"damage":0,"enemies":"Mind Bloom Boss Battle","floor":38,"turns":4},{"damage":8,"enemies":"Giant Head","floor":41,"turns":8},{"damage":18,"enemies":"Spire Growth","floor":45,"turns":4},{"damage":30,"enemies":"hubris:GrandSnecko","floor":47,"turns":4}],"seed_played":"-21639019762809757","potions_obtained":[{"floor":2,"key":"Weak Potion"},{"floor":14,"key":"Regen Potion"},{"floor":16,"key":"Explosive Potion"},{"floor":18,"key":"Adrenaline Potion"},{"floor":28,"key":"CultistPotion"},{"floor":31,"key":"Swift Potion"},{"floor":33,"key":"Flashbang"},{"floor":45,"key":"Block Potion"}],"is_trial":false,"path_per_floor":["M","M","?","?","?","M","?","R","T","?","E","M","E","M","R","B",null,"M","M","?","?","M","E","R","M","T","$","M","R","$","M","R","B",null,"M","$","M","?","$","R","E","?","T","R","M","?","B",null],"character_chosen":"The_Alterego","items_purchased":["alterego_mod:GoddessCore","alterego_mod:BusterCard","Toolbox","Membership Card","alterego_mod:Smother","ReplayTheSpireMod:Brewmster","PreservedInsect","hubris:SlimyHat"],"campfire_rested":3,"item_purchase_floors":[27,27,27,30,30,39,39,39],"current_hp_per_floor":[67,72,72,55,55,55,50,50,50,50,50,46,40,61,61,82,82,82,73,73,73,73,61,61,47,47,47,30,56,56,32,58,78,89,48,48,47,47,47,74,67,67,67,67,50,50,21],"gold":190,"neow_bonus":"","is_daily":false,"chose_seed":false,"campfire_upgraded":7,"win_rate":0.0,"timestamp":1608525638,"path_taken":["M","M","?","?","?","?","?","R","T","?","E","M","E","M","R","BOSS","M","M","?","?","?","E","R","M","T","$","M","R","$","M","R","BOSS","M","?","?","?","$","R","E","?","T","R","M","?","BOSS"],"items_purchased_type":["Card","Card","Relic","Relic","Card","Card","Relic","Relic"],"build_version":"2020-12-13","purchased_purges":1,"victory":true,"max_hp_per_floor":[71,72,72,72,72,72,79,79,79,79,79,80,81,81,81,82,82,82,83,83,83,84,85,85,86,86,86,87,87,87,88,88,89,89,90,90,91,91,91,91,92,92,92,92,93,93,94],"card_choices":[{"not_picked":["alterego_mod:Undulate","alterego_mod:DeftHands"],"picked":"alterego_mod:DiscoLights","floor":1},{"not_picked":["alterego_mod:Jiggle","alterego_mod:GachaTicket"],"picked":"alterego_mod:BreastValley","floor":2},{"not_picked":["infinitespire:Oblivion","infinitespire:Fortify"],"picked":"infinitespire:Collect","floor":4},{"not_picked":["alterego_mod:Mirror","alterego_mod:Lingerie"],"picked":"alterego_mod:Nekomimi","floor":6},{"not_picked":["alterego_mod:1TonWallop","alterego_mod:BustOut"],"picked":"alterego_mod:Mirror","floor":11},{"not_picked":["alterego_mod:Cycle","alterego_mod:Cooking"],"picked":"alterego_mod:Pet","floor":12},{"not_picked":["alterego_mod:Skirt","alterego_mod:Lingerie"],"picked":"alterego_mod:Undulate","floor":13},{"not_picked":["alterego_mod:TrashNCrash","alterego_mod:HighServant"],"picked":"alterego_mod:Smother","floor":14},{"not_picked":["alterego_mod:Weigh","alterego_mod:PainIsPleasure"],"picked":"alterego_mod:Venus","floor":16},{"not_picked":["alterego_mod:Cooking","alterego_mod:Swimsuit+1"],"picked":"alterego_mod:Stockings","floor":18},{"not_picked":["alterego_mod:Cooking","alterego_mod:Jiggle"],"picked":"alterego_mod:DiscoLights","floor":19},{"not_picked":["alterego_mod:Bloomers+1","alterego_mod:Maid"],"picked":"alterego_mod:ClassAdvantage","floor":22},{"not_picked":["alterego_mod:BeGentle+1","alterego_mod:Rip"],"picked":"alterego_mod:MagicResistance","floor":23},{"not_picked":["alterego_mod:Collar","alterego_mod:TrashNCrash+1"],"picked":"alterego_mod:Belle+1","floor":25},{"not_picked":["alterego_mod:IndependentAction","alterego_mod:DeftHands"],"picked":"alterego_mod:Maid","floor":28},{"not_picked":["alterego_mod:ChallengeComplete","alterego_mod:Belle+1"],"picked":"alterego_mod:Jiggle+1","floor":31},{"not_picked":["alterego_mod:Antipathy","alterego_mod:InsideBaseball"],"picked":"alterego_mod:Vow","floor":33},{"not_picked":["alterego_mod:Jiggle","alterego_mod:RidiculouslyBig+1"],"picked":"alterego_mod:Belle","floor":35},{"not_picked":["alterego_mod:PresenceConcealment+1","alterego_mod:1TonWallop+1"],"picked":"alterego_mod:DestructionOfProperty+1","floor":37},{"not_picked":["alterego_mod:Cooking","alterego_mod:GoddessCore+1","alterego_mod:Jiggle"],"picked":"SKIP","floor":41},{"not_picked":["alterego_mod:MagicResistance","alterego_mod:Exercise+1"],"picked":"alterego_mod:Bounce+1","floor":45}],"player_experience":0,"relics_obtained":[{"floor":9,"key":"infinitespire:Magic Flask"},{"floor":10,"key":"Replay:Towering Pillar of Hats"},{"floor":11,"key":"Boot"},{"floor":13,"key":"infinitespire:FocusingShard"},{"floor":21,"key":"hubris:Reverence"},{"floor":23,"key":"hubris:MysteriousPyramids"},{"floor":26,"key":"The Courier"},{"floor":38,"key":"hubris:Zylophone"},{"floor":41,"key":"Vajra"},{"floor":43,"key":"Dota2Spire:Dagon"}],"event_choices":[{"damage_healed":0,"gold_gain":100,"player_choice":"Pray","damage_taken":0,"max_hp_gain":0,"max_hp_loss":0,"event_name":"Golden Shrine","floor":5,"gold_loss":0},{"damage_healed":0,"gold_gain":0,"player_choice":"Relic ","damage_taken":12,"max_hp_gain":0,"max_hp_loss":0,"event_name":"betterThird:BetterScrap","floor":7,"gold_loss":0,"cards_obtained":["ReplayTheSpireMod:Speed Training"]},{"damage_healed":0,"gold_gain":0,"player_choice":"Relic","damage_taken":0,"max_hp_gain":0,"max_hp_loss":0,"event_name":"Wheel of Change","floor":10,"gold_loss":0},{"damage_healed":0,"gold_gain":0,"player_choice":"Ignored","damage_taken":0,"max_hp_gain":0,"max_hp_loss":0,"event_name":"Ghosts","floor":20,"gold_loss":0},{"damage_healed":0,"gold_gain":0,"player_choice":"Relic","damage_taken":0,"max_hp_gain":0,"max_hp_loss":0,"event_name":"Wheel of Change","floor":21,"gold_loss":0},{"damage_healed":0,"gold_gain":0,"player_choice":"Fight","damage_taken":0,"max_hp_gain":0,"max_hp_loss":0,"event_name":"MindBloom","floor":38,"gold_loss":0},{"damage_healed":0,"gold_gain":0,"player_choice":"Portal","damage_taken":0,"max_hp_gain":0,"max_hp_loss":0,"event_name":"betterThird:BetterPortal","floor":46,"gold_loss":0}],"is_beta":false,"boss_relics":[{"not_picked":["Runic Dome","infinitespire:Cupcake"],"picked":"construct:WeddingRing"},{"not_picked":["Painkiller Herb","Tiny House"],"picked":"SacredBark"}],"items_purged_floors":[27],"is_endless":false,"potions_floor_spawned":[2,14,16,18,28,31,33,45],"ascension_level":0}}