{"host":"nzvslkw4t4b5qscz","time":1608547719,"event":{"mods":["2.2 Compatiblity","AchievementEnabler","BaseMod","Block Reminder","Colored Map","Colored Powertips","DeckTracker","Highlight Path","Key Reminder","Minty Spire (QoL Compilation)","Quick Restart","Rare Cards Sparkle","Relic Sorter","StSLib","The Awakened One except there are too many feathers","Unceasing Turn Reminder","Unknown Chances","everything is the same but u backflip on backflip"],"gold_per_floor":[119,132,151,4,21,56,56,67,67,79,79,79,79,91,91,196,196,211,221,146,3,15,15,30,58,85,98,98,125,48,48,48,48,48],"floor_reached":33,"playtime":5479,"items_purged":["Strike_B"],"score":376,"play_id":"17e7f5bc-3a37-4a1b-8af3-cccde483ef99","local_time":"20201221034839","is_ascension_mode":true,"campfire_choices":[{"data":"Hologram","floor":7,"key":"SMITH"},{"floor":12,"key":"REST"},{"data":"Steam Power","floor":15,"key":"SMITH"},{"data":"Buffer","floor":23,"key":"SMITH"},{"data":"Loop","floor":32,"key":"SMITH"}],"circlet_count":0,"master_deck":["Strike_B+1","Strike_B","Strike_B","Defend_B","Defend_B","Defend_B","Defend_B","Zap","Dualcast","Self Repair","Doom and Gloom","Genetic Algorithm","BootSequence","Compile Driver","Hologram+1","Cold Snap","Go for the Eyes+1","Sweeping Beam","Steam Power+1","Conserve Battery","Buffer+1","Undo+1","Consume+1","Loop+1","Ball Lightning+1","Sunder"],"relics":["Philosopher\u0027s Stone","Orrery","Omamori","keyreminder:keyreminder","Symbiotic Virus","Snecko Eye","Whetstone","Pear","Smiling Mask","Eternal Feather","PreservedInsect","Bronze Scales"],"acts_visited":["Exordium","TheCity"],"potions_floor_usage":[16,16,16,24,29,33],"damage_taken":[{"damage":0,"enemies":"Small Slimes","floor":1,"turns":2},{"damage":2,"enemies":"Cultist","floor":2,"turns":3},{"damage":11,"enemies":"2 Louse","floor":3,"turns":2},{"damage":24,"enemies":"Red Slaver","floor":5,"turns":5},{"damage":15,"enemies":"Lagavulin","floor":6,"turns":7},{"damage":0,"enemies":"2 Fungi Beasts","floor":8,"turns":2},{"damage":25,"enemies":"Exordium Thugs","floor":10,"turns":4},{"damage":0,"enemies":"Red Slaver","floor":14,"turns":3},{"damage":5,"enemies":"The Guardian","floor":16,"turns":9},{"damage":22,"enemies":"Spheric Guardian","floor":18,"turns":6},{"damage":2,"enemies":"3 Byrds","floor":19,"turns":4},{"damage":0,"enemies":"Snecko","floor":22,"turns":5},{"damage":6,"enemies":"Centurion and Healer","floor":24,"turns":8},{"damage":37,"enemies":"Gremlin Leader","floor":25,"turns":9},{"damage":6,"enemies":"Snake Plant","floor":27,"turns":4},{"damage":11,"enemies":"Slavers","floor":29,"turns":6},{"damage":61,"enemies":"Automaton","floor":33,"turns":6}],"seed_played":"-5283862573725404020","potions_obtained":[{"floor":5,"key":"SteroidPotion"},{"floor":6,"key":"Weak Potion"},{"floor":8,"key":"DuplicationPotion"},{"floor":13,"key":"Regen Potion"},{"floor":13,"key":"PotionOfCapacity"},{"floor":19,"key":"Weak Potion"},{"floor":22,"key":"Fire Potion"},{"floor":25,"key":"SteroidPotion"},{"floor":27,"key":"AttackPotion"}],"is_trial":false,"path_per_floor":["M","M","M","$","M","E","R","M","T","M","?","R","?","M","R","B",null,"M","M","$","$","M","R","M","E","T","M","T","E","$","?","R","B"],"character_chosen":"DEFECT","items_purchased":["Orrery","Whetstone","Sunder"],"campfire_rested":1,"item_purchase_floors":[4,21,30],"current_hp_per_floor":[68,73,69,69,52,44,44,51,51,26,23,45,45,52,52,69,74,59,64,64,64,64,64,65,45,45,46,46,35,35,35,50,0,0],"gold":48,"neow_bonus":"BOSS_RELIC","is_daily":false,"chose_seed":false,"campfire_upgraded":4,"win_rate":0.0,"timestamp":1608547719,"path_taken":["M","M","M","$","M","E","R","M","T","M","?","R","?","?","R","BOSS","M","M","?","$","M","R","M","E","T","?","?","E","$","?","R","BOSS"],"items_purchased_type":["Relic","Relic","Card"],"build_version":"2020-12-13","purchased_purges":1,"victory":false,"max_hp_per_floor":[75,75,75,75,75,75,75,75,75,75,75,75,75,75,75,75,75,75,75,75,75,75,75,75,85,85,85,85,85,85,85,85,85,85],"card_choices":[{"not_picked":["Hologram","Coolheaded"],"picked":"Self Repair","floor":1},{"not_picked":["Scrape","Chaos"],"picked":"Doom and Gloom","floor":2},{"not_picked":["Consume","Rebound","Stack"],"picked":"SKIP","floor":3},{"not_picked":["Reinforced Body","Go for the Eyes"],"picked":"Genetic Algorithm","floor":4},{"not_picked":["Rebound","Hologram"],"picked":"BootSequence","floor":4},{"not_picked":["Streamline","All For One"],"picked":"Compile Driver","floor":4},{"not_picked":["Chill","Barrage"],"picked":"Hologram","floor":4},{"not_picked":["FTL","Streamline"],"picked":"Cold Snap","floor":5},{"not_picked":["Rip and Tear","Coolheaded"],"picked":"Go for the Eyes","floor":6},{"not_picked":["Leap","Rebound"],"picked":"Sweeping Beam","floor":8},{"not_picked":["Sunder","Biased Cognition"],"picked":"Steam Power","floor":10},{"not_picked":["Reprogram","Beam Cell"],"picked":"Conserve Battery","floor":14},{"not_picked":["Amplify","Seek"],"picked":"Buffer","floor":16},{"not_picked":["Steam","Auto Shields"],"picked":"Undo+1","floor":18},{"not_picked":["Gash","Streamline+1","Amplify"],"picked":"SKIP","floor":19},{"not_picked":["Ball Lightning","Hologram","Go for the Eyes+1"],"picked":"SKIP","floor":22},{"not_picked":["Turbo","Self Repair"],"picked":"Consume+1","floor":24},{"not_picked":["Reprogram","Ball Lightning","Consume"],"picked":"SKIP","floor":25},{"not_picked":["Hologram","Compile Driver"],"picked":"Loop","floor":27},{"not_picked":["Storm","Cold Snap+1"],"picked":"Ball Lightning+1","floor":29}],"player_experience":852745,"relics_obtained":[{"floor":6,"key":"Omamori"},{"floor":25,"key":"Pear"},{"floor":26,"key":"Smiling Mask"},{"floor":28,"key":"Eternal Feather"},{"floor":29,"key":"PreservedInsect"}],"event_choices":[{"damage_healed":0,"gold_gain":0,"player_choice":"Success","damage_taken":3,"relics_obtained":["Symbiotic Virus"],"max_hp_gain":0,"max_hp_loss":0,"event_name":"Scrap Ooze","floor":11,"gold_loss":0},{"damage_healed":0,"gold_gain":0,"player_choice":"Got Potions","damage_taken":0,"max_hp_gain":0,"max_hp_loss":0,"event_name":"Lab","floor":13,"gold_loss":0},{"damage_healed":0,"gold_gain":0,"player_choice":"Stole Relic","damage_taken":0,"relics_obtained":["Bronze Scales"],"max_hp_gain":0,"max_hp_loss":0,"event_name":"Addict","floor":31,"gold_loss":0,"cards_obtained":["Shame"]}],"is_beta":false,"boss_relics":[{"not_picked":["Velvet Choker","Busted Crown"],"picked":"Snecko Eye"}],"items_purged_floors":[20],"is_endless":false,"potions_floor_spawned":[5,6,8,14,19,22,25,27],"killed_by":"Automaton","ascension_level":6}}