{"host":"3jjxuhjpio8e4zkv","time":1608587174,"event":{"mods":["BaseMod","Colored Map","Minty Spire (QoL Compilation)","Permanent Neow","Relic Stats","StSLib"],"gold_per_floor":[114,127,127,127,143,170,170,198,198,211,221,221,249,279,279,351,351,365,385,402,412,24,59,59,86,109,143,143,175,189,189,189,263,263,279,279,295,312,328,328,328],"floor_reached":40,"playtime":2199,"items_purged":["Strike_G"],"score":1146,"play_id":"5043fed4-c0ec-4544-b8cd-90fc3a384199","local_time":"20201221164614","is_ascension_mode":true,"campfire_choices":[{"data":"Riddle With Holes","floor":7,"key":"SMITH"},{"data":"Finisher","floor":12,"key":"SMITH"},{"data":"Leg Sweep","floor":15,"key":"SMITH"},{"floor":28,"key":"REST"},{"floor":32,"key":"REST"}],"circlet_count":0,"master_deck":["AscendersBane","Strike_G+1","Strike_G","Strike_G+1","Defend_G","Defend_G","Defend_G","Defend_G","Defend_G","Survivor+1","Neutralize","Finisher+1","Riddle With Holes+1","Calculated Gamble+1","After Image","Leg Sweep+1","Masterful Stab+1","A Thousand Cuts","Heel Hook+1","Backstab+1","Masterful Stab+1","After Image","Phantasmal Killer","Backflip","Glass Knife+1","Malaise","Dagger Spray+1","Deflect+1"],"relics":["Ring of the Snake","Whetstone","Meat on the Bone","Tough Bandages","Nunchaku","Molten Egg 2","FossilizedHelix","WingedGreaves","Blood Vial","Philosopher\u0027s Stone","DollysMirror","Snake Skull","War Paint","MealTicket","Regal Pillow","Anchor","Enchiridion","Black Star"],"acts_visited":["Exordium","TheCity","TheBeyond"],"potions_floor_usage":[6,8,23,25,27,33,40],"damage_taken":[{"damage":1,"enemies":"2 Louse","floor":1,"turns":4},{"damage":0,"enemies":"Small Slimes","floor":2,"turns":3},{"damage":0,"enemies":"Cultist","floor":5,"turns":3},{"damage":13,"enemies":"Gremlin Nob","floor":6,"turns":4},{"damage":18,"enemies":"Lagavulin","floor":8,"turns":6},{"damage":3,"enemies":"Looter","floor":10,"turns":3},{"damage":3,"enemies":"Blue Slaver","floor":11,"turns":4},{"damage":0,"enemies":"3 Sentries","floor":13,"turns":9},{"damage":0,"enemies":"Gremlin Nob","floor":14,"turns":2},{"damage":12,"enemies":"The Guardian","floor":16,"turns":19},{"damage":0,"enemies":"Chosen","floor":18,"turns":5},{"damage":0,"enemies":"Shell Parasite","floor":19,"turns":5},{"damage":2,"enemies":"Cultist and Chosen","floor":20,"turns":8},{"damage":3,"enemies":"Snecko","floor":21,"turns":5},{"damage":0,"enemies":"Book of Stabbing","floor":23,"turns":4},{"damage":11,"enemies":"Slavers","floor":25,"turns":5},{"damage":33,"enemies":"Book of Stabbing","floor":27,"turns":7},{"damage":19,"enemies":"Slavers","floor":29,"turns":9},{"damage":0,"enemies":"Centurion and Healer","floor":30,"turns":4},{"damage":26,"enemies":"Champ","floor":33,"turns":13},{"damage":0,"enemies":"3 Shapes","floor":35,"turns":5},{"damage":0,"enemies":"Orb Walker","floor":37,"turns":3},{"damage":3,"enemies":"Sphere and 2 Shapes","floor":38,"turns":5},{"damage":1,"enemies":"Spire Growth","floor":39,"turns":7},{"damage":81,"enemies":"Giant Head","floor":40,"turns":10}],"seed_played":"-800733462854858197","potions_obtained":[{"floor":1,"key":"Block Potion"},{"floor":6,"key":"Weak Potion"},{"floor":10,"key":"GhostInAJar"},{"floor":11,"key":"Fire Potion"},{"floor":14,"key":"DuplicationPotion"},{"floor":23,"key":"SteroidPotion"},{"floor":29,"key":"Dexterity Potion"},{"floor":37,"key":"AttackPotion"}],"is_trial":false,"path_per_floor":["M","M","?","?","M","E","R","E","T","M","M","R","E","E","R","B",null,"M","M","M","M","$","E","?","E","T","E","R","E","M","?","R","B",null,"M","?","M","M","M","E"],"character_chosen":"THE_SILENT","items_purchased":["DollysMirror","Phantasmal Killer"],"campfire_rested":2,"item_purchase_floors":[22,22],"current_hp_per_floor":[58,58,32,32,44,43,43,37,37,34,43,43,43,43,43,45,61,63,65,64,63,63,65,65,55,55,36,66,47,49,28,62,38,59,61,61,63,62,63,0,0],"gold":328,"neow_bonus":"RANDOM_COMMON_RELIC","is_daily":false,"chose_seed":false,"campfire_upgraded":3,"win_rate":0.0,"timestamp":1608587174,"path_taken":["M","M","?","?","M","E","R","E","T","?","M","R","E","E","R","BOSS","M","M","M","M","$","E","?","E","T","E","R","E","M","?","R","BOSS","M","?","M","M","M","E"],"items_purchased_type":["Relic","Card"],"build_version":"2020-12-13","purchased_purges":1,"victory":false,"max_hp_per_floor":[66,66,66,66,66,66,66,66,66,66,66,66,66,66,66,66,66,66,66,66,66,66,66,66,66,66,66,66,66,66,66,66,66,66,66,66,66,66,66,66,66],"relic_stats":{"Regal Pillow":26,"counters":[25,152],"Snake Skull":[5],"Whetstone":["Strike_G","Strike_G"],"War Paint":["Calculated Gamble","Survivor"],"Blood Vial":28,"Tough Bandages":[282],"Nunchaku":[28],"MealTicket":0,"Black Star":0,"obtain_stats":[{"Regal Pillow":27,"Enchiridion":31,"Snake Skull":23,"Whetstone":0,"War Paint":25,"Blood Vial":14,"Tough Bandages":4,"Nunchaku":6,"Anchor":29,"DollysMirror":22,"Molten Egg 2":8,"Philosopher\u0027s Stone":17,"MealTicket":26,"WingedGreaves":13,"Black Star":34,"FossilizedHelix":9,"Ring of the Snake":0,"Meat on the Bone":3},{"Regal Pillow":17,"Enchiridion":19,"Snake Skull":15,"Whetstone":0,"War Paint":16,"Blood Vial":9,"Tough Bandages":2,"Nunchaku":4,"Anchor":18,"DollysMirror":14,"Molten Egg 2":5,"Philosopher\u0027s Stone":10,"MealTicket":16,"WingedGreaves":8,"Black Star":20,"FossilizedHelix":5,"Ring of the Snake":0,"Meat on the Bone":2},{"Regal Pillow":96,"Enchiridion":109,"Snake Skull":84,"Whetstone":0,"War Paint":89,"Blood Vial":38,"Tough Bandages":7,"Nunchaku":14,"Anchor":105,"DollysMirror":80,"Molten Egg 2":20,"Philosopher\u0027s Stone":57,"MealTicket":89,"WingedGreaves":36,"Black Star":122,"FossilizedHelix":20,"Ring of the Snake":0,"Meat on the Bone":7}],"Ring of the Snake":[50],"Meat on the Bone":72},"card_choices":[{"not_picked":["Prepared","Acrobatics"],"picked":"Finisher","floor":1},{"not_picked":["Flying Knee","Slice"],"picked":"Riddle With Holes","floor":2},{"not_picked":["Bouncing Flask","Blur","PiercingWail"],"picked":"SKIP","floor":5},{"not_picked":["Slice","Sucker Punch"],"picked":"Calculated Gamble","floor":6},{"not_picked":["Corpse Explosion","Skewer+1"],"picked":"After Image","floor":8},{"not_picked":["Setup","Prepared"],"picked":"Leg Sweep","floor":10},{"not_picked":["Concentrate","Noxious Fumes"],"picked":"Masterful Stab+1","floor":11},{"not_picked":["Catalyst","Eviscerate+1","Expertise"],"picked":"SKIP","floor":13},{"not_picked":["Riddle With Holes+1","Prepared","Underhanded Strike+1"],"picked":"SKIP","floor":14},{"not_picked":["Storm of Steel","Grand Finale+1"],"picked":"A Thousand Cuts","floor":16},{"not_picked":["Skewer+1","Bane+1"],"picked":"Heel Hook+1","floor":18},{"not_picked":["Calculated Gamble","Deflect","Prepared"],"picked":"SKIP","floor":19},{"not_picked":["Flechettes+1","Deadly Poison"],"picked":"Backstab+1","floor":20},{"not_picked":["Deadly Poison+1","PiercingWail+1"],"picked":"Masterful Stab+1","floor":21},{"not_picked":["Deadly Poison","Finisher+1","Underhanded Strike+1"],"picked":"SKIP","floor":23},{"not_picked":["Backstab+1","Catalyst"],"picked":"Backflip","floor":25},{"not_picked":["Outmaneuver","Calculated Gamble","Prepared"],"picked":"SKIP","floor":27},{"not_picked":["Dagger Spray+1","Choke+1"],"picked":"Glass Knife+1","floor":29},{"not_picked":["Slice+1","Dagger Spray+1","Deadly Poison"],"picked":"SKIP","floor":30},{"not_picked":["Storm of Steel","Phantasmal Killer"],"picked":"Malaise","floor":33},{"not_picked":["Blur","Dodge and Roll+1","Backstab+1"],"picked":"SKIP","floor":35},{"not_picked":["Dagger Throw+1","Prepared"],"picked":"Dagger Spray+1","floor":37},{"not_picked":["Cloak And Dagger","Dagger Throw+1"],"picked":"Deflect+1","floor":38},{"not_picked":["Night Terror","Dagger Spray+1","Eviscerate+1"],"picked":"SKIP","floor":39}],"player_experience":1079291,"relics_obtained":[{"floor":4,"key":"Tough Bandages"},{"floor":6,"key":"Nunchaku"},{"floor":8,"key":"Molten Egg 2"},{"floor":9,"key":"FossilizedHelix"},{"floor":13,"key":"WingedGreaves"},{"floor":14,"key":"Blood Vial"},{"floor":23,"key":"Snake Skull"},{"floor":25,"key":"War Paint"},{"floor":26,"key":"MealTicket"},{"floor":27,"key":"Regal Pillow"},{"floor":29,"key":"Anchor"},{"floor":31,"key":"Enchiridion"}],"event_choices":[{"damage_healed":0,"gold_gain":0,"player_choice":"Success","damage_taken":26,"relics_obtained":["Meat on the Bone"],"max_hp_gain":0,"max_hp_loss":0,"event_name":"Scrap Ooze","floor":3,"gold_loss":0},{"damage_healed":0,"gold_gain":0,"player_choice":"Relic","damage_taken":0,"max_hp_gain":0,"max_hp_loss":0,"event_name":"Wheel of Change","floor":4,"gold_loss":0},{"damage_healed":0,"gold_gain":0,"player_choice":"Ignored","damage_taken":0,"max_hp_gain":0,"max_hp_loss":0,"event_name":"The Mausoleum","floor":24,"gold_loss":0},{"damage_healed":0,"gold_gain":0,"player_choice":"Obtained Book","damage_taken":21,"max_hp_gain":0,"max_hp_loss":0,"event_name":"Cursed Tome","floor":31,"gold_loss":0},{"cards_removed":["Strike_G"],"damage_healed":0,"gold_gain":0,"player_choice":"Purged","damage_taken":0,"max_hp_gain":0,"max_hp_loss":0,"event_name":"Purifier","floor":36,"gold_loss":0}],"is_beta":false,"boss_relics":[{"not_picked":["Calling Bell","Busted Crown"],"picked":"Philosopher\u0027s Stone"},{"not_picked":["WristBlade","Tiny House"],"picked":"Black Star"}],"items_purged_floors":[22],"is_endless":false,"potions_floor_spawned":[1,6,10,11,14,18,19,23,29,37],"killed_by":"Giant Head","ascension_level":20}}