{"host":"nptej036rrbiurf5","time":1608519179,"event":{"mods":["BaseMod","Colored Map","Colored Powertips","DeckTracker","Minty Spire (QoL Compilation)","StSLib","SuperFastMode"],"gold_per_floor":[118,135,153,163,178,178,208,231,257,271,289,302,302,372,372,447,447,458,61,80,5,5,5,5],"floor_reached":23,"playtime":6872,"items_purged":["Well Laid Plans"],"score":390,"play_id":"79731a08-d385-4c67-811c-624611b8844f","local_time":"20201221115259","is_ascension_mode":true,"campfire_choices":[{"data":"Finisher","floor":6.0,"key":"SMITH"},{"data":"Blade Dance","floor":13.0,"key":"SMITH"},{"data":"Blade Dance","floor":15.0,"key":"SMITH"}],"circlet_count":0,"master_deck":["AscendersBane","Strike_G","Strike_G","Strike_G","Defend_G","Defend_G","Defend_G","Defend_G","Defend_G","Survivor","Neutralize","Finisher+1","Slice+1","Blade Dance+1","Prepared","PiercingWail","Unload+1","Blade Dance+1","Infinite Blades","Phantasmal Killer","Cloak And Dagger","Leg Sweep","Mayhem"],"relics":["Runic Pyramid","PreservedInsect","Odd Mushroom","Vajra","Empty Cage","Whetstone"],"acts_visited":["Exordium","TheCity"],"potions_floor_usage":[],"damage_taken":[{"damage":0.0,"enemies":"2 Louse","floor":1.0,"turns":4.0},{"damage":0.0,"enemies":"Small Slimes","floor":2.0,"turns":3.0},{"damage":2.0,"enemies":"Jaw Worm","floor":3.0,"turns":5.0},{"damage":4.0,"enemies":"Large Slime","floor":4.0,"turns":5.0},{"damage":19.0,"enemies":"Exordium Wildlife","floor":5.0,"turns":5.0},{"damage":17.0,"enemies":"Lagavulin","floor":7.0,"turns":7.0},{"damage":7.0,"enemies":"The Mushroom Lair","floor":8.0,"turns":4.0},{"damage":0.0,"enemies":"2 Fungi Beasts","floor":10.0,"turns":4.0},{"damage":1.0,"enemies":"Looter","floor":11.0,"turns":3.0},{"damage":2.0,"enemies":"Exordium Wildlife","floor":12.0,"turns":3.0},{"damage":15.0,"enemies":"The Guardian","floor":16.0,"turns":8.0},{"damage":24.0,"enemies":"Chosen","floor":18.0,"turns":5.0},{"damage":7.0,"enemies":"3 Byrds","floor":20.0,"turns":5.0},{"damage":20,"enemies":"Slavers","floor":23,"turns":2}],"seed_played":"-1311979215597840031","potions_obtained":[{"floor":1.0,"key":"Regen Potion"},{"floor":4.0,"key":"GamblersBrew"},{"floor":5.0,"key":"Weak Potion"},{"floor":10.0,"key":"LiquidBronze"},{"floor":11.0,"key":"PowerPotion"},{"floor":16.0,"key":"Explosive Potion"},{"floor":20.0,"key":"DuplicationPotion"}],"is_trial":false,"path_per_floor":["M","M","M","M","M","R","E","?","T","M","M","M","R","?","R","B",null,"M","$","M","$","?","E"],"character_chosen":"THE_SILENT","items_purchased":["Leg Sweep","Mayhem","Whetstone"],"campfire_rested":0,"item_purchase_floors":[19,19,19],"current_hp_per_floor":[59,59,57,53,34,34,32,25,25,25,24,22,22,22,22,7,51,27,27,20,20,20,0,0],"gold":5,"neow_bonus":"BOSS_RELIC","is_daily":false,"chose_seed":false,"campfire_upgraded":3,"win_rate":0.0,"timestamp":1608519179,"path_taken":["M","M","M","M","M","R","E","?","T","M","M","M","R","?","R","BOSS","M","$","M","$","?","E"],"items_purchased_type":["Card","Card","Relic"],"build_version":"2020-12-13","purchased_purges":1,"victory":false,"max_hp_per_floor":[66,66,66,66,66,66,66,66,66,66,66,66,66,66,66,66,66,66,66,66,66,66,66,66],"card_choices":[{"not_picked":["Outmaneuver","Deadly Poison"],"picked":"Finisher","floor":1.0},{"not_picked":["Finisher","Acrobatics"],"picked":"Slice","floor":2.0},{"not_picked":["Quick Slash","Deadly Poison"],"picked":"Blade Dance","floor":3.0},{"not_picked":["Bane","Outmaneuver"],"picked":"Prepared","floor":4.0},{"not_picked":["Caltrops","Deadly Poison"],"picked":"PiercingWail","floor":5.0},{"not_picked":["Masterful Stab","Escape Plan"],"picked":"Unload","floor":7.0},{"not_picked":["Deadly Poison","Riddle With Holes"],"picked":"Well Laid Plans","floor":8.0},{"not_picked":["Underhanded Strike","Poisoned Stab"],"picked":"Blade Dance","floor":10.0},{"not_picked":["Outmaneuver","Quick Slash"],"picked":"Infinite Blades","floor":11.0},{"not_picked":["Deadly Poison","Flying Knee","Dodge and Roll"],"picked":"SKIP","floor":12.0},{"not_picked":["Grand Finale","Envenom"],"picked":"Phantasmal Killer","floor":16.0},{"not_picked":["Crippling Poison","Blade Dance"],"picked":"Cloak And Dagger","floor":18.0},{"not_picked":["Slice+1","Blade Dance","Endless Agony"],"picked":"SKIP","floor":20.0}],"player_experience":831659,"relics_obtained":[{"floor":7.0,"key":"PreservedInsect"},{"floor":8.0,"key":"Odd Mushroom"},{"floor":9.0,"key":"Vajra"}],"event_choices":[{"damage_healed":0.0,"max_hp_gain":0.0,"max_hp_loss":0.0,"gold_gain":0.0,"event_name":"Mushrooms","player_choice":"Fought Mushrooms","floor":8.0,"gold_loss":0.0,"damage_taken":0.0},{"damage_healed":0.0,"max_hp_gain":0.0,"max_hp_loss":0.0,"gold_gain":70.0,"event_name":"Golden Wing","player_choice":"Gained Gold","floor":14.0,"gold_loss":0.0,"damage_taken":0.0},{"damage_healed":0,"gold_gain":0,"player_choice":"Ignored","damage_taken":0,"max_hp_gain":0,"max_hp_loss":0,"event_name":"Ghosts","floor":22,"gold_loss":0}],"is_beta":false,"boss_relics":[{"not_picked":["Astrolabe","Fusion Hammer"],"picked":"Empty Cage"}],"items_purged_floors":[21],"is_endless":false,"potions_floor_spawned":[1,4,5,10,11,16,20],"killed_by":"Slavers","ascension_level":20}}