{"host":"aj7el8l5kufbk20z","time":1608515385,"event":{"mods":["AchievementEnabler","BaseMod","Colored Map","Colored Powertips","Curses Come First","Highlight Path","Minty Spire (QoL Compilation)","Quick Restart","Rare Cards Sparkle","Relic Stats","StSLib","SuperFastMode"],"gold_per_floor":[117,42,42,57,76,104,104,124,147,147,47,47,47],"floor_reached":12,"playtime":474,"items_purged":["Strike_R","Strike_R"],"score":94,"play_id":"133b0904-799b-4bdb-861d-d21fb675d4d8","local_time":"20201221094945","is_ascension_mode":true,"campfire_choices":[{"data":"Entrench","floor":7,"key":"SMITH"},{"data":"Whirlwind","floor":10,"key":"SMITH"}],"circlet_count":0,"master_deck":["Strike_R","Strike_R","Strike_R","Defend_R","Defend_R","Defend_R","Defend_R","Bash","Heavy Blade","Entrench+1","Thunderclap","Whirlwind+1","Headbutt"],"relics":["Burning Blood","NeowsBlessing","Art of War","Blood Vial"],"acts_visited":["Exordium"],"potions_floor_usage":[12,12,12],"damage_taken":[{"damage":0,"enemies":"Small Slimes","floor":1,"turns":1},{"damage":0,"enemies":"Cultist","floor":4,"turns":1},{"damage":0,"enemies":"Jaw Worm","floor":5,"turns":1},{"damage":32,"enemies":"Gremlin Nob","floor":6,"turns":4},{"damage":11,"enemies":"Blue Slaver","floor":8,"turns":4},{"damage":68,"enemies":"Lagavulin","floor":12,"turns":11}],"seed_played":"-3682096751709293894","potions_obtained":[{"floor":3,"key":"Block Potion"},{"floor":3,"key":"GamblersBrew"},{"floor":3,"key":"Regen Potion"},{"floor":4,"key":"SkillPotion"}],"is_trial":false,"path_per_floor":["M","$","?","M","M","E","R","M","T","R","$","E"],"character_chosen":"IRONCLAD","items_purchased":[],"campfire_rested":0,"item_purchase_floors":[],"current_hp_per_floor":[80,80,80,80,80,54,54,49,49,49,49,0,0],"gold":47,"neow_bonus":"THREE_ENEMY_KILL","is_daily":false,"chose_seed":false,"campfire_upgraded":2,"win_rate":0.0,"timestamp":1608515385,"path_taken":["M","$","?","M","M","E","R","M","T","R","$","E"],"items_purchased_type":[],"build_version":"2020-12-13","purchased_purges":2,"victory":false,"max_hp_per_floor":[80,80,80,80,80,80,80,80,80,80,80,80,80],"relic_stats":{"Blood Vial":2,"counters":[6,22],"Art of War":[3],"obtain_stats":[{"Blood Vial":9,"NeowsBlessing":0,"Art of War":6,"Burning Blood":0},{"Blood Vial":5,"NeowsBlessing":0,"Art of War":4,"Burning Blood":0},{"Blood Vial":11,"NeowsBlessing":0,"Art of War":7,"Burning Blood":0}],"Burning Blood":12},"card_choices":[{"not_picked":["Carnage","Iron Wave"],"picked":"Heavy Blade","floor":1},{"not_picked":["Pommel Strike","True Grit"],"picked":"Entrench","floor":4},{"not_picked":["Sever Soul","Twin Strike"],"picked":"Thunderclap","floor":5},{"not_picked":["Offering","Sword Boomerang"],"picked":"Whirlwind","floor":6},{"not_picked":["Iron Wave","Thunderclap"],"picked":"Headbutt","floor":8}],"player_experience":282919,"relics_obtained":[{"floor":6,"key":"Art of War"},{"floor":9,"key":"Blood Vial"}],"event_choices":[{"damage_healed":0,"gold_gain":0,"player_choice":"Got Potions","damage_taken":0,"max_hp_gain":0,"max_hp_loss":0,"event_name":"Lab","floor":3,"gold_loss":0}],"is_beta":false,"boss_relics":[],"items_purged_floors":[2,11],"is_endless":false,"potions_floor_spawned":[4,8],"killed_by":"Lagavulin","ascension_level":4}}