{"host":"2461dio7vetlq1z3","time":1608523008,"event":{"mods":["2.2 Compatiblity","AchievementEnabler","BaseMod","Better Third Choice","Hermit","Minty Spire (QoL Compilation)","Relic Stats","Spicy Shops","StSLib","Waifu the Spire"],"gold_per_floor":[117,117,130,44,44,75,125,125,148,160,191,191,224,241,241,317,317,334,384,452,514,564,564,596,607,675,725,725,794,822,883,883,960,960,980,1000,465,475,40,74,74,149,217,217,0,28,50,97,109,121,133,145,12,44,44],"floor_reached":56,"playtime":2656,"items_purged":["Strike_P","Defend_P"],"score":2252,"play_id":"526e147a-f47a-4cd5-b4ef-b3e987e0315a","local_time":"20201221045648","is_ascension_mode":true,"campfire_choices":[{"data":"EmptyFist","floor":8,"key":"SMITH"},{"data":"FlurryOfBlows","floor":12,"key":"SMITH"},{"data":"FlurryOfBlows","floor":15,"key":"SMITH"},{"data":"WindmillStrike","floor":23,"key":"SMITH"},{"data":"TalkToTheHand","floor":28,"key":"SMITH"},{"data":"Meditate","floor":32,"key":"SMITH"},{"data":"Blasphemy","floor":41,"key":"SMITH"},{"floor":44,"key":"RECALL"},{"data":"Establishment","floor":49,"key":"SMITH"},{"data":"MentalFortress","floor":52,"key":"SMITH"}],"circlet_count":0,"master_deck":["AscendersBane","Defend_P","Defend_P","Defend_P","Eruption","Vigilance","WindmillStrike+1","EmptyFist+1","BattleHymn+1","FlurryOfBlows+1","FollowUp","Halt","FlurryOfBlows+1","CutThroughFate","Vault+1","CutThroughFate","EmptyMind","SpiritShield","Necronomicurse","TalkToTheHand+1","Meditate+1","FlurryOfBlows+1","Blasphemy+1","TalkToTheHand+1","Vault+1","MentalFortress+1","Establishment+1","CrushJoints+1","Wish"],"relics":["PureWater","NeowsBlessing","SsserpentHead","Boot","Lantern","Turnip","Bottled Flame","Coffee Dripper","Necronomicon","CloakClasp","Meat on the Bone","Molten Egg 2","Pen Nib","Empty Cage","Mango","Bronze Scales","DollysMirror","Kunai","Dream Catcher","FossilizedHelix","MawBank","Smiling Mask","Bag of Preparation","Happy Flower"],"acts_visited":["Exordium","TheCity","TheBeyond","TheEnding"],"potions_floor_usage":[13,21,25,35,55,55],"damage_taken":[{"damage":0,"enemies":"Small Slimes","floor":1,"turns":1},{"damage":0,"enemies":"Cultist","floor":3,"turns":1},{"damage":0,"enemies":"Lagavulin","floor":6,"turns":1},{"damage":3,"enemies":"2 Louse","floor":10,"turns":2},{"damage":0,"enemies":"Gremlin Nob","floor":11,"turns":2},{"damage":7,"enemies":"Lagavulin","floor":13,"turns":3},{"damage":11,"enemies":"Looter","floor":14,"turns":3},{"damage":0,"enemies":"Slime Boss","floor":16,"turns":3},{"damage":14,"enemies":"2 Thieves","floor":18,"turns":4},{"damage":0,"enemies":"3 Byrds","floor":20,"turns":3},{"damage":0,"enemies":"Snake Plant","floor":21,"turns":3},{"damage":0,"enemies":"Gremlin Leader","floor":24,"turns":4},{"damage":17,"enemies":"Centurion and Healer","floor":25,"turns":3},{"damage":0,"enemies":"Snecko","floor":29,"turns":4},{"damage":15,"enemies":"Book of Stabbing","floor":30,"turns":3},{"damage":7,"enemies":"Cultist and Chosen","floor":31,"turns":3},{"damage":19,"enemies":"Collector","floor":33,"turns":7},{"damage":0,"enemies":"3 Shapes","floor":35,"turns":2},{"damage":39,"enemies":"3 Darklings","floor":36,"turns":4},{"damage":16,"enemies":"Maw","floor":38,"turns":5},{"damage":5,"enemies":"Reptomancer","floor":40,"turns":4},{"damage":1,"enemies":"Mind Bloom Boss Battle","floor":42,"turns":6},{"damage":0,"enemies":"Nemesis","floor":46,"turns":4},{"damage":0,"enemies":"Sphere and 2 Shapes","floor":47,"turns":4},{"damage":0,"enemies":"Giant Head","floor":48,"turns":7},{"damage":25,"enemies":"Awakened One","floor":50,"turns":9},{"damage":6,"enemies":"Shield and Spear","floor":54,"turns":6},{"damage":3,"enemies":"The Heart","floor":55,"turns":9}],"seed_played":"-6957717955010132557","potions_obtained":[{"floor":1,"key":"SpeedPotion"},{"floor":6,"key":"Explosive Potion"},{"floor":13,"key":"EntropicBrew"},{"floor":18,"key":"SneckoOil"},{"floor":25,"key":"PowerPotion"},{"floor":33,"key":"Swift Potion"},{"floor":36,"key":"FearPotion"},{"floor":54,"key":"SteroidPotion"}],"is_trial":false,"path_per_floor":["M","?","M","$","?","E","?","R","T","M","E","R","E","M","R","B",null,"M","?","M","M","?","R","E","M","T","?","R","M","E","M","R","B",null,"M","M","$","M","$","E","R","?","T","R","$","E","M","E","R","B",null,"R","$","E","B",null],"character_chosen":"WATCHER","items_purchased":["BattleHymn","Mango","Bronze Scales","TalkToTheHand+1","DollysMirror","Kunai","MentalFortress","Bag of Preparation"],"campfire_rested":0,"item_purchase_floors":[4,37,37,39,39,39,45,53],"current_hp_per_floor":[65,65,65,65,65,65,65,65,65,62,62,62,55,44,44,44,65,51,51,51,51,35,35,35,18,18,18,18,30,27,32,32,25,60,60,33,47,43,43,50,50,49,49,49,49,49,49,49,49,36,74,74,74,68,65],"gold":44,"neow_bonus":"THREE_ENEMY_KILL","is_daily":false,"chose_seed":false,"campfire_upgraded":9,"win_rate":0.0,"timestamp":1608523008,"path_taken":["M","?","M","$","?","E","?","R","T","M","E","R","E","M","R","BOSS","M","?","?","?","?","R","E","M","T","?","R","?","E","?","R","BOSS","M","M","$","M","$","E","R","?","T","R","$","E","M","E","R","BOSS","R","$","E","BOSS"],"items_purchased_type":["Card","Relic","Relic","Card","Relic","Relic","Card","Relic"],"build_version":"2020-12-13","purchased_purges":2,"victory":true,"max_hp_per_floor":[72,72,72,72,72,72,72,72,72,72,72,72,72,72,72,72,72,72,72,72,72,72,72,72,72,72,72,72,72,72,72,72,72,72,72,72,86,86,86,86,86,86,86,86,86,86,86,86,86,86,86,86,86,86,86],"relic_stats":{"Happy Flower":[3],"counters":[28,110],"Pen Nib":[26],"CloakClasp":[277],"Bag of Preparation":[4],"Boot":[72],"MawBank":84,"Smiling Mask":0,"SsserpentHead":500,"Dream Catcher":0,"Bronze Scales":[168],"Turnip":[12],"Necronomicon":[25],"Kunai":[39],"obtain_stats":[{"Lantern":9,"NeowsBlessing":0,"Happy Flower":54,"Mango":37,"Pen Nib":30,"CloakClasp":24,"Bag of Preparation":53,"Boot":6,"Empty Cage":34,"MawBank":46,"Smiling Mask":48,"SsserpentHead":2,"Bottled Flame":13,"Dream Catcher":40,"DollysMirror":39,"Bronze Scales":37,"Molten Egg 2":27,"Turnip":11,"Coffee Dripper":17,"Necronomicon":22,"Kunai":39,"PureWater":0,"FossilizedHelix":42,"Meat on the Bone":26},{"Lantern":3,"NeowsBlessing":0,"Happy Flower":27,"Mango":19,"Pen Nib":15,"CloakClasp":12,"Bag of Preparation":26,"Boot":3,"Empty Cage":17,"MawBank":23,"Smiling Mask":25,"SsserpentHead":1,"Bottled Flame":6,"Dream Catcher":21,"DollysMirror":20,"Bronze Scales":19,"Molten Egg 2":13,"Turnip":5,"Coffee Dripper":8,"Necronomicon":11,"Kunai":20,"PureWater":0,"FossilizedHelix":22,"Meat on the Bone":13},{"Lantern":3,"NeowsBlessing":0,"Happy Flower":101,"Mango":56,"Pen Nib":40,"CloakClasp":30,"Bag of Preparation":95,"Boot":3,"Empty Cage":50,"MawBank":75,"Smiling Mask":86,"SsserpentHead":1,"Bottled Flame":10,"Dream Catcher":65,"DollysMirror":61,"Bronze Scales":56,"Molten Egg 2":33,"Turnip":7,"Coffee Dripper":16,"Necronomicon":26,"Kunai":61,"PureWater":0,"FossilizedHelix":71,"Meat on the Bone":33}],"Meat on the Bone":96},"card_choices":[{"not_picked":["EmptyMind","Sanctity"],"picked":"WindmillStrike","floor":1},{"not_picked":["FlyingSleeves","InnerPeace"],"picked":"EmptyFist","floor":3},{"not_picked":["BowlingBash","ReachHeaven"],"picked":"FlurryOfBlows","floor":6},{"not_picked":["Halt","Evaluate"],"picked":"FollowUp","floor":10},{"not_picked":["Study","Devotion"],"picked":"Halt","floor":11},{"not_picked":["JustLucky","Conclude"],"picked":"FlurryOfBlows","floor":13},{"not_picked":["ReachHeaven","SashWhip"],"picked":"CutThroughFate","floor":14},{"not_picked":["Scrawl","Ragnarok"],"picked":"Vault","floor":16},{"not_picked":["Halt","FollowUp"],"picked":"CutThroughFate","floor":18},{"not_picked":["Halt","ClearTheMind"],"picked":"EmptyMind","floor":20},{"not_picked":["BowlingBash","EmptyMind"],"picked":"SpiritShield","floor":21},{"not_picked":["JustLucky","FlyingSleeves","ClearTheMind"],"picked":"SKIP","floor":24},{"not_picked":["Wallop","JustLucky"],"picked":"TalkToTheHand","floor":25},{"not_picked":["CarveReality+1","MentalFortress"],"picked":"Meditate","floor":29},{"not_picked":["JustLucky+1","Protect"],"picked":"FlurryOfBlows+1","floor":30},{"not_picked":["ThirdEye","BowlingBash+1","PathToVictory"],"picked":"SKIP","floor":31},{"not_picked":["DeusExMachina","Devotion"],"picked":"Blasphemy","floor":33},{"not_picked":["FlyingSleeves+1","SandsOfTime+1","ThirdEye+1"],"picked":"SKIP","floor":35},{"not_picked":["FlurryOfBlows+1","Evaluate","ClearTheMind+1"],"picked":"SKIP","floor":36},{"not_picked":["Halt","EmptyFist+1","ThirdEye+1"],"picked":"SKIP","floor":38},{"not_picked":["Crescendo","Prostrate","Consecrate+1"],"picked":"SKIP","floor":40},{"not_picked":["EmptyBody","Prostrate"],"picked":"Establishment","floor":46},{"not_picked":["Halt+1","FollowUp+1","FlyingSleeves+1"],"picked":"SKIP","floor":47},{"not_picked":["Perseverance","EmptyFist+1"],"picked":"CrushJoints+1","floor":48},{"not_picked":["Collect+1","Prostrate"],"picked":"Wish","floor":54}],"player_experience":798480,"relics_obtained":[{"floor":6,"key":"Boot"},{"floor":9,"key":"Lantern"},{"floor":11,"key":"Turnip"},{"floor":13,"key":"Bottled Flame"},{"floor":22,"key":"Necronomicon"},{"floor":24,"key":"CloakClasp"},{"floor":26,"key":"Meat on the Bone"},{"floor":30,"key":"Pen Nib"},{"floor":40,"key":"Dream Catcher"},{"floor":42,"key":"FossilizedHelix"},{"floor":46,"key":"MawBank"},{"floor":48,"key":"Smiling Mask"},{"floor":54,"key":"Happy Flower"}],"event_choices":[{"damage_healed":0,"gold_gain":0,"player_choice":"Trade","damage_taken":0,"relics_obtained":["SsserpentHead"],"max_hp_gain":0,"max_hp_loss":0,"event_name":"FaceTrader","floor":2,"gold_loss":0},{"cards_removed":["Strike_P"],"damage_healed":0,"gold_gain":0,"player_choice":"Card Removal","damage_taken":0,"max_hp_gain":0,"max_hp_loss":0,"event_name":"The Cleric","floor":5,"gold_loss":50},{"damage_healed":0,"gold_gain":0,"player_choice":"Upgraded","damage_taken":0,"max_hp_gain":0,"max_hp_loss":0,"event_name":"Upgrade Shrine","floor":7,"gold_loss":0,"cards_upgraded":["BattleHymn"]},{"damage_healed":0,"gold_gain":0,"player_choice":"Upgraded","damage_taken":0,"max_hp_gain":0,"max_hp_loss":0,"event_name":"Upgrade Shrine","floor":19,"gold_loss":0,"cards_upgraded":["Vault"]},{"damage_healed":0,"gold_gain":0,"player_choice":"Obtained Book","damage_taken":16,"max_hp_gain":0,"max_hp_loss":0,"event_name":"Cursed Tome","floor":22,"gold_loss":0},{"damage_healed":0,"gold_gain":0,"player_choice":"Gave Potion","damage_taken":0,"relics_obtained":["Molten Egg 2"],"max_hp_gain":0,"max_hp_loss":0,"event_name":"WeMeetAgain","floor":27,"gold_loss":0},{"damage_healed":0,"gold_gain":0,"player_choice":"Fight","damage_taken":0,"max_hp_gain":0,"max_hp_loss":0,"event_name":"MindBloom","floor":42,"gold_loss":0}],"is_beta":false,"boss_relics":[{"not_picked":["Velvet Choker","Calling Bell"],"picked":"Coffee Dripper"},{"not_picked":["Black Star","Runic Dome"],"picked":"Empty Cage"}],"items_purged_floors":[37,45],"is_endless":false,"potions_floor_spawned":[1,6,13,18,25,33,36,40,46,48,54],"ascension_level":13}}