{"host":"7yxt37kap0q16lk4","time":1608578381,"event":{"mods":["2.2 Compatiblity","Act Like it!","BaseMod","Better Third Choice","Better-Laid Plans","Colored Map","Custom Start","Highlight Path","Keyboard Shortcuts","Minty Spire (QoL Compilation)","Quick Restart","Rare Cards Sparkle","Relic Stats","Shop Mod","Slay the Relics Exporter","StSLib","SuperFastMode"],"gold_per_floor":[111,111,111,124,142,142,107,107,107,121,146,196,196,227,227,303,303,322,322,322,85,136,136,61,90,113,113,113,13,29,58,58,133,133,144,144,157,27,42,42,76,76,376,404,111,111,111,111,111,111,111,111,111,54,84,84],"floor_reached":57,"playtime":2562,"items_purged":["Defend_G","Defend_G","Defend_G"],"score":3096,"play_id":"393fdf3a-8632-42c6-9243-48e5cbc54e43","local_time":"20201222041940","is_ascension_mode":true,"campfire_choices":[{"data":"Poisoned Stab","floor":6,"key":"SMITH"},{"data":"Neutralize","floor":13,"key":"SMITH"},{"data":"Cloak And Dagger","floor":15,"key":"SMITH"},{"data":"Burst","floor":23,"key":"SMITH"},{"floor":28,"key":"REST"},{"data":"Acrobatics","floor":32,"key":"SMITH"},{"data":"Acrobatics","floor":40,"key":"SMITH"},{"data":"Well Laid Plans","floor":42,"key":"SMITH"},{"floor":49,"key":"RECALL"},{"data":"Footwork","floor":53,"key":"SMITH"}],"circlet_count":0,"master_deck":["AscendersBane","Strike_G+1","Defend_G+1","Survivor","Neutralize+1","Poisoned Stab+1","Well Laid Plans+1","Corpse Explosion","Backstab","Backflip","Burst+1","Concentrate","Doppelganger","Acrobatics+1","Escape Plan","Footwork+1","Acrobatics+1","PiercingWail","Envenom"],"relics":["Ring of the Snake","Juzu Bracelet","Unceasing Top","Sundial","Shuriken","Tingsha","Sozu","Bag of Preparation","Regal Pillow","Anchor","Enchiridion","HornCleat","Busted Crown","Blood Vial","Old Coin","Pen Nib","TheAbacus","Gambling Chip"],"acts_visited":["Exordium","TheCity","TheBeyond","TheEnding"],"potions_floor_usage":[11,41,56],"damage_taken":[{"damage":0.0,"enemies":"2 Louse","floor":1.0,"turns":3.0},{"damage":7,"enemies":"Small Slimes","floor":4,"turns":4},{"damage":0,"enemies":"Cultist","floor":5,"turns":4},{"damage":8,"enemies":"Large Slime","floor":10,"turns":6},{"damage":8,"enemies":"Lagavulin","floor":11,"turns":5},{"damage":10,"enemies":"3 Sentries","floor":14,"turns":2},{"damage":11,"enemies":"Hexaghost","floor":16,"turns":8},{"damage":2,"enemies":"Chosen","floor":18,"turns":4},{"damage":10,"enemies":"Slavers","floor":25,"turns":2},{"damage":3,"enemies":"Shell Parasite","floor":30,"turns":2},{"damage":0,"enemies":"Gremlin Leader","floor":31,"turns":3},{"damage":0,"enemies":"Automaton","floor":33,"turns":5},{"damage":0,"enemies":"3 Shapes","floor":35,"turns":2},{"damage":0,"enemies":"Orb Walker","floor":37,"turns":2},{"damage":0,"enemies":"Transient","floor":39,"turns":6},{"damage":16,"enemies":"Nemesis","floor":41,"turns":5},{"damage":0,"enemies":"Giant Head","floor":44,"turns":2},{"damage":19,"enemies":"Time Eater","floor":50,"turns":11},{"damage":0,"enemies":"Awakened One","floor":51,"turns":4},{"damage":0,"enemies":"Shield and Spear","floor":55,"turns":3},{"damage":59,"enemies":"The Heart","floor":56,"turns":8}],"seed_played":"119459634314746426","potions_obtained":[{"floor":5,"key":"Regen Potion"},{"floor":11,"key":"GhostInAJar"},{"floor":14,"key":"SneckoOil"}],"is_trial":false,"path_per_floor":["M","?","?","M","M","R","?","?","T","M","E","?","R","E","R","B",null,"M","?","?","$","T","R","?","E","T","?","R","$","M","E","R","B",null,"M","?","M","$","M","R","E","R","T","E","$","?","?","?","R","B","B",null,"R","$","E","B",null],"character_chosen":"THE_SILENT","items_purchased":["Bag of Preparation","Footwork","Acrobatics","TheAbacus","PiercingWail"],"campfire_rested":1,"item_purchase_floors":[21,38,38,45,54],"current_hp_per_floor":[59,54,34,27,27,27,43,43,43,35,42,42,42,32,32,21,55,53,53,53,53,53,53,53,43,43,22,56,56,53,53,53,53,63,63,63,63,63,63,63,47,47,47,49,49,49,49,49,49,32,34,56,56,56,58,1],"gold":84,"neow_bonus":"RANDOM_COMMON_RELIC","is_daily":false,"chose_seed":false,"campfire_upgraded":8,"win_rate":0.0,"timestamp":1608578380,"path_taken":["M","?","?","M","M","R","?","?","T","M","E","?","R","E","R","BOSS","M","?","?","$","?","R","?","E","T","?","R","$","M","E","R","BOSS","M","?","M","$","M","R","E","R","T","E","$","?","?","?","R","BOSS","BOSS","R","$","E","BOSS"],"items_purchased_type":["Relic","Card","Card","Relic","Card"],"build_version":"2020-12-13","purchased_purges":3,"victory":true,"max_hp_per_floor":[66,66,66,66,66,66,66,66,66,66,66,66,66,66,66,66,66,66,66,66,66,66,66,66,66,66,66,66,66,66,66,66,66,66,66,63,63,63,63,63,63,63,63,63,63,63,63,63,63,63,63,63,63,63,63,63],"relic_stats":{"Regal Pillow":15,"counters":[21,91],"Tingsha":[1157],"Pen Nib":[7],"Juzu Bracelet":3,"Bag of Preparation":[26],"Sozu":5,"Blood Vial":10,"Busted Crown":14,"TheAbacus":[426],"Sundial":[72],"Shuriken":[60],"Gambling Chip":[4],"obtain_stats":[{"Regal Pillow":22,"Enchiridion":27,"Tingsha":14,"Pen Nib":44,"Juzu Bracelet":0,"Bag of Preparation":21,"Old Coin":43,"Sozu":17,"Blood Vial":41,"Anchor":25,"HornCleat":31,"Busted Crown":34,"TheAbacus":45,"Sundial":9,"Shuriken":11,"Gambling Chip":55,"Unceasing Top":2,"Ring of the Snake":0},{"Regal Pillow":8,"Enchiridion":9,"Tingsha":6,"Pen Nib":17,"Juzu Bracelet":0,"Bag of Preparation":8,"Old Coin":16,"Sozu":7,"Blood Vial":16,"Anchor":9,"HornCleat":11,"Busted Crown":12,"TheAbacus":17,"Sundial":3,"Shuriken":5,"Gambling Chip":20,"Unceasing Top":1,"Ring of the Snake":0},{"Regal Pillow":36,"Enchiridion":38,"Tingsha":24,"Pen Nib":65,"Juzu Bracelet":0,"Bag of Preparation":36,"Old Coin":63,"Sozu":32,"Blood Vial":63,"Anchor":38,"HornCleat":43,"Busted Crown":48,"TheAbacus":65,"Sundial":11,"Shuriken":22,"Gambling Chip":83,"Unceasing Top":3,"Ring of the Snake":0}],"Unceasing Top":[71],"Ring of the Snake":[42]},"card_choices":[{"not_picked":["Tactician","Slice"],"picked":"Poisoned Stab","floor":1.0},{"not_picked":["Quick Slash","Prepared"],"picked":"Well Laid Plans","floor":4},{"not_picked":["Tactician","Slice"],"picked":"Cloak And Dagger","floor":5},{"not_picked":["Skewer","Slice"],"picked":"Backstab","floor":10},{"not_picked":["Skewer","Setup"],"picked":"Backflip","floor":11},{"not_picked":["Choke","Finisher","Dagger Spray"],"picked":"SKIP","floor":14},{"not_picked":["Die Die Die","Phantasmal Killer"],"picked":"Burst","floor":16},{"not_picked":["Dagger Spray","Sucker Punch","Backstab"],"picked":"SKIP","floor":18},{"not_picked":["Escape Plan","Noxious Fumes"],"picked":"Acrobatics","floor":25},{"not_picked":["Riddle With Holes","Underhanded Strike","Quick Slash"],"picked":"SKIP","floor":30},{"not_picked":["Expertise","Cloak And Dagger"],"picked":"Escape Plan","floor":31},{"not_picked":["Flying Knee"],"picked":"SKIP","floor":35},{"not_picked":["Deadly Poison"],"picked":"SKIP","floor":37},{"not_picked":["Finisher"],"picked":"SKIP","floor":39},{"not_picked":["Dagger Throw"],"picked":"SKIP","floor":41},{"not_picked":["Predator+1"],"picked":"SKIP","floor":44},{"not_picked":[],"picked":"Envenom","floor":55}],"player_experience":1006123,"relics_obtained":[{"floor":9,"key":"Sundial"},{"floor":11,"key":"Shuriken"},{"floor":14,"key":"Tingsha"},{"floor":22,"key":"Regal Pillow"},{"floor":25,"key":"Anchor"},{"floor":27,"key":"Enchiridion"},{"floor":31,"key":"HornCleat"},{"floor":41,"key":"Blood Vial"},{"floor":43,"key":"Old Coin"},{"floor":44,"key":"Pen Nib"},{"floor":55,"key":"Gambling Chip"}],"event_choices":[{"damage_healed":0.0,"max_hp_gain":0.0,"max_hp_loss":0.0,"gold_gain":0.0,"event_name":"betterThird:BetterScrap","player_choice":"Relic ","floor":2.0,"gold_loss":0.0,"damage_taken":5.0,"cards_obtained":["Amplify"]},{"damage_healed":54,"gold_gain":0,"player_choice":"Upgrade","damage_taken":20,"max_hp_gain":0,"max_hp_loss":66,"event_name":"betterThird:BetterShining","floor":3,"gold_loss":0,"cards_upgraded":["Strike_G","Defend_G"]},{"damage_healed":16,"gold_gain":0,"player_choice":"Healed","damage_taken":0,"max_hp_gain":0,"max_hp_loss":0,"event_name":"The Cleric","floor":7,"gold_loss":35},{"damage_healed":0,"gold_gain":0,"cards_transformed":["Strike_G"],"player_choice":"Transformed","damage_taken":0,"max_hp_gain":0,"max_hp_loss":0,"event_name":"Transmorgrifier","floor":8,"gold_loss":0,"cards_obtained":["Corpse Explosion"]},{"damage_healed":0,"gold_gain":50,"player_choice":"Gained Gold","damage_taken":0,"max_hp_gain":0,"max_hp_loss":0,"event_name":"Golden Wing","floor":12,"gold_loss":0},{"damage_healed":0,"gold_gain":0,"cards_transformed":["Strike_G","Strike_G"],"player_choice":"Became Test Subject","damage_taken":0,"max_hp_gain":0,"max_hp_loss":0,"event_name":"Drug Dealer","floor":19,"gold_loss":0,"cards_obtained":["Concentrate","Doppelganger"]},{"damage_healed":0,"gold_gain":0,"player_choice":"Ignored","damage_taken":0,"max_hp_gain":0,"max_hp_loss":0,"event_name":"The Mausoleum","floor":20,"gold_loss":0},{"cards_removed":["Strike_G"],"damage_healed":0,"gold_gain":0,"player_choice":"Gave Gold","damage_taken":0,"max_hp_gain":0,"max_hp_loss":0,"event_name":"Beggar","floor":24,"gold_loss":75},{"damage_healed":0,"gold_gain":0,"player_choice":"Obtained Book","damage_taken":21,"max_hp_gain":0,"max_hp_loss":0,"event_name":"Cursed Tome","floor":27,"gold_loss":0},{"damage_healed":0,"gold_gain":0,"player_choice":"Max HP","damage_taken":0,"max_hp_gain":0,"max_hp_loss":3,"event_name":"Winding Halls","floor":36,"gold_loss":0},{"cards_removed":["Cloak And Dagger"],"damage_healed":0,"gold_gain":0,"player_choice":"Removed Skill","damage_taken":0,"max_hp_gain":0,"max_hp_loss":0,"event_name":"Falling","floor":46,"gold_loss":0},{"cards_removed":["Defend_G"],"damage_healed":0,"gold_gain":0,"player_choice":"Purged","damage_taken":0,"max_hp_gain":0,"max_hp_loss":0,"event_name":"Purifier","floor":47,"gold_loss":0},{"damage_healed":0,"gold_gain":0,"player_choice":"Memory 1","damage_taken":0,"max_hp_gain":0,"max_hp_loss":0,"event_name":"SensoryStone","floor":48,"gold_loss":0}],"is_beta":false,"boss_relics":[{"not_picked":["Coffee Dripper","Astrolabe"],"picked":"Sozu"},{"not_picked":["WristBlade","Ring of the Serpent"],"picked":"Busted Crown"}],"items_purged_floors":[21,29,45],"is_endless":false,"potions_floor_spawned":[5,11,14,16,25,33,35,39,55],"ascension_level":20}}