{"host":"zh06ha8197vgjo02","time":1608537265,"event":{"mods":["AchievementEnabler","Arknights The Spire","BaseMod","Better Skull","CapriCore","DeckTracker","GifTheSpireLib","Hermit","Koishi","Marisa£¨Ùöéë¡¡Øª×âÞÞ£©","Minty Spire (QoL Compilation)","Reimu£¨ÚÏ???£©","StSLib","SuperFastMode","Td1madao Mod","The Cursed","The Immortal","TheBandit","WarShipGirlsR/??á´Ò³R mod"],"gold_per_floor":[116,116,133,133,133,133,166,166,466,494,494,507,219,275,275,379,379,366,366,377,377,377],"floor_reached":21,"playtime":1450,"items_purged":[],"score":210,"play_id":"5ed3eeb7-efeb-4c3c-aa43-8cd8d6c13d3c","local_time":"20201221165425","is_ascension_mode":false,"campfire_choices":[{"data":"ats:Rapid Magazine","floor":11,"key":"SMITH"},{"data":"ats:Hook Shot","floor":15,"key":"SMITH"}],"circlet_count":0,"master_deck":["ats:Powerful Strike","ats:Powerful Strike","ats:Powerful Strike","ats:Armor Crushing Shot+1","ats:Defend Up","ats:Defend Up+1","ats:Defend Up","ats:Defend Up","ats:Emotion Absorption","ats:Emotion Absorption","ats:Cat Scratch","ats:Rapid Magazine+1","ats:Nebulous Foxfire","ats:Assault Order","ats:Disruption Kick","ats:Hook Shot+1","ats:Fate","ats:Counter Healing Mode","Necronomicurse"],"relics":["ats:Sanity","NeowsBlessing","ats:Originium","Meat on the Bone","ats:Originium","Old Coin","Ornamental Fan","ats:Defend","Vajra","Black Star","Necronomicon"],"acts_visited":["Exordium","TheCity"],"potions_floor_usage":[20,21,21],"damage_taken":[{"damage":0,"enemies":"Jaw Worm","floor":1,"turns":1},{"damage":0,"enemies":"2 Louse","floor":3,"turns":1},{"damage":0,"enemies":"Gremlin Nob","floor":7,"turns":2},{"damage":27,"enemies":"3 Sentries","floor":10,"turns":22},{"damage":0,"enemies":"Small Slimes","floor":12,"turns":4},{"damage":2,"enemies":"Gremlin Nob","floor":14,"turns":5},{"damage":39,"enemies":"Hexaghost","floor":16,"turns":13},{"damage":14,"enemies":"2 Thieves","floor":18,"turns":4},{"damage":6,"enemies":"3 Byrds","floor":20,"turns":5},{"damage":59,"enemies":"Masked Bandits","floor":21,"turns":7}],"seed_played":"-990063923367792993","potions_obtained":[{"floor":3,"key":"LiquidBronze"},{"floor":12,"key":"Dexterity Potion"},{"floor":14,"key":"FearPotion"},{"floor":20,"key":"ZuzhouPotion:ReiMu"}],"is_trial":false,"path_per_floor":["M","?","M","?","?","R","E","R","T","E","R","M","$","?","R","B",null,"M","?","M","?"],"character_chosen":"DOCTOR_CLASS","items_purchased":["ats:Defend","ats:Disruption Kick"],"campfire_rested":0,"item_purchase_floors":[13,13],"current_hp_per_floor":[72,58,58,58,58,58,60,60,60,48,48,53,53,51,51,35,72,59,43,44,0,0],"gold":377,"neow_bonus":"THREE_ENEMY_KILL","is_daily":false,"chose_seed":false,"campfire_upgraded":2,"win_rate":0.0,"timestamp":1608537265,"path_taken":["M","?","M","?","?","R","E","R","T","E","R","?","$","?","R","BOSS","M","?","M","?"],"items_purchased_type":["Relic","Card"],"build_version":"2020-12-13","purchased_purges":0,"victory":false,"max_hp_per_floor":[72,72,72,72,72,72,72,72,72,72,72,72,72,72,72,72,72,72,72,72,72,72],"card_choices":[{"not_picked":["ats:Consecutive Shot: Auto","ats:Flexible Camouflage"],"picked":"ats:Cat Scratch","floor":1},{"not_picked":["ats:Ignite","ats:Attack Strengthen"],"picked":"ats:Rapid Magazine","floor":3},{"not_picked":[],"picked":"ats:Nebulous Foxfire","floor":5},{"not_picked":["ats:Consecutive Shot: Auto","ats:Automatic Cover","ats:Very Hot Blade"],"picked":"SKIP","floor":7},{"not_picked":["ats:Dogmatic Field","ats:Curse Doll"],"picked":"ats:Assault Order","floor":10},{"not_picked":["ats:Explosion Area Strengthen","ats:Shell Defense","ats:Thermite Blade"],"picked":"SKIP","floor":12},{"not_picked":["ats:Rapid Magazine","ats:Composite Medical Shells"],"picked":"ats:Hook Shot","floor":14},{"not_picked":["ats:Roar Of Ursus","ats:Dogmatic Field"],"picked":"ats:Fate","floor":16},{"not_picked":["ats:Flexible Camouflage+1","ats:Poison Spread"],"picked":"ats:Counter Healing Mode","floor":18},{"not_picked":["ats:Explosion Area Strengthen+1","ats:Attack Strengthen","ats:Automatic Cover"],"picked":"SKIP","floor":20},{"not_picked":["ats:Explosion Area Strengthen+1","ats:Attack Strengthen","ats:Automatic Cover"],"picked":"SKIP","floor":20}],"player_experience":722284,"relics_obtained":[{"floor":6,"key":"ats:Originium"},{"floor":7,"key":"Meat on the Bone"},{"floor":8,"key":"ats:Originium"},{"floor":9,"key":"Old Coin"},{"floor":10,"key":"Ornamental Fan"},{"floor":14,"key":"Vajra"},{"floor":19,"key":"Necronomicon"}],"event_choices":[{"damage_healed":0,"gold_gain":0,"player_choice":"Entered Light","damage_taken":14,"max_hp_gain":0,"max_hp_loss":0,"event_name":"Shining Light","floor":2,"gold_loss":0,"cards_upgraded":["ats:Defend Up","ats:Armor Crushing Shot"]},{"damage_healed":0,"gold_gain":0,"player_choice":"Ignored","damage_taken":0,"max_hp_gain":0,"max_hp_loss":0,"event_name":"Liars Game","floor":4,"gold_loss":0},{"damage_healed":0,"gold_gain":0,"player_choice":"Searched \u00271\u0027 times","damage_taken":0,"max_hp_gain":0,"max_hp_loss":0,"event_name":"Dead Adventurer","floor":14,"gold_loss":0},{"damage_healed":0,"gold_gain":0,"player_choice":"Obtained Book","damage_taken":16,"max_hp_gain":0,"max_hp_loss":0,"event_name":"Cursed Tome","floor":19,"gold_loss":0},{"damage_healed":0,"gold_gain":0,"player_choice":"Fought Bandits","damage_taken":0,"max_hp_gain":0,"max_hp_loss":0,"event_name":"Masked Bandits","floor":21,"gold_loss":0}],"is_beta":false,"boss_relics":[{"not_picked":["Sozu","Ectoplasm"],"picked":"Black Star"}],"items_purged_floors":[],"is_endless":false,"potions_floor_spawned":[3,12,14,20],"killed_by":"Masked Bandits","ascension_level":0}}