{"host":"vfg9szunmpjwj08o","time":1608509054,"event":{"mods":["Act Like it!","BaseMod","Challenge The Spire","Colored Map","Colored Powertips","Minty Spire (QoL Compilation)","StSLib","Waifu the Spire"],"gold_per_floor":[109,121,121,137,59,59,86,102,173,199,211,224,224,251,251,346,346,365,365,377,302,152,152,180,180,180,206,27,27,27,45,45,149,149,168,178,191,244,244,244,279,279,279,297,307,333,26,26,26,26,26,26,0,31,31,31],"floor_reached":55,"playtime":5498,"items_purged":["Strike_P","Defend_P"],"score":1091,"play_id":"ea41839e-2e1f-4a20-8fab-bbacb343d5ef","local_time":"20201221010414","is_ascension_mode":true,"campfire_choices":[{"data":"Eruption","floor":6,"key":"SMITH"},{"data":"Adaptation","floor":13,"key":"SMITH"},{"floor":15,"key":"RECALL"},{"data":"Vault","floor":23,"key":"SMITH"},{"data":"Adaptation","floor":29,"key":"SMITH"},{"data":"EmptyMind","floor":32,"key":"SMITH"},{"data":"Alpha","floor":40,"key":"SMITH"},{"data":"EmptyMind","floor":42,"key":"SMITH"},{"data":"InnerPeace","floor":49,"key":"SMITH"},{"data":"InnerPeace","floor":52,"key":"SMITH"}],"circlet_count":0,"master_deck":["Defend_P","Defend_P","Defend_P","Eruption+1","Vigilance","FearNoEvil","EmptyMind+1","Wallop","InnerPeace+1","Sanctity","CutThroughFate","Halt","Adaptation+1","PathToVictory","EmptyBody","PathToVictory","Vault+1","InnerPeace+1","Perseverance+1","Adaptation+1","BattleHymn","Alpha+1","Collect+1","EmptyMind+1","DevaForm","SpiritShield","MentalFortress","Prostrate","Sanctity"],"relics":["PureWater","Torii","Omamori","Eternal Feather","Coffee Dripper","Mummified Hand","Orichalcum","Pocketwatch","Art of War","Sozu","Dead Branch","Molten Egg 2","Letter Opener","Potion Belt","Strange Spoon","Turnip"],"acts_visited":["Exordium","TheCity","TheBeyond","TheEnding"],"potions_floor_usage":[7,8,10,14,16,33,33,38],"damage_taken":[{"damage":0,"enemies":"2 Louse","floor":1,"turns":2},{"damage":0,"enemies":"Small Slimes","floor":2,"turns":2},{"damage":1,"enemies":"Cultist","floor":4,"turns":3},{"damage":5,"enemies":"Lagavulin","floor":7,"turns":6},{"damage":7,"enemies":"3 Louse","floor":8,"turns":3},{"damage":9,"enemies":"Gremlin Nob","floor":10,"turns":3},{"damage":0,"enemies":"Exordium Wildlife","floor":11,"turns":2},{"damage":1,"enemies":"Blue Slaver","floor":12,"turns":4},{"damage":1,"enemies":"Lagavulin","floor":14,"turns":5},{"damage":15,"enemies":"Hexaghost","floor":16,"turns":7},{"damage":10,"enemies":"3 Byrds","floor":18,"turns":5},{"damage":6,"enemies":"Chosen","floor":20,"turns":3},{"damage":19,"enemies":"Book of Stabbing","floor":24,"turns":6},{"damage":1,"enemies":"Slavers","floor":27,"turns":7},{"damage":6,"enemies":"Snake Plant","floor":31,"turns":3},{"damage":27,"enemies":"Collector","floor":33,"turns":7},{"damage":17,"enemies":"3 Darklings","floor":35,"turns":4},{"damage":1,"enemies":"Orb Walker","floor":36,"turns":3},{"damage":18,"enemies":"Spire Growth","floor":37,"turns":4},{"damage":20,"enemies":"2 Orb Walkers","floor":38,"turns":4},{"damage":1,"enemies":"Reptomancer","floor":41,"turns":5},{"damage":20,"enemies":"Maw","floor":44,"turns":5},{"damage":22,"enemies":"Transient","floor":45,"turns":6},{"damage":0,"enemies":"Giant Head","floor":46,"turns":5},{"damage":31,"enemies":"Awakened One","floor":50,"turns":8},{"damage":47,"enemies":"Shield and Spear","floor":54,"turns":6},{"damage":74,"enemies":"The Heart","floor":55,"turns":4}],"seed_played":"232806120784334769","potions_obtained":[{"floor":2,"key":"SkillPotion"},{"floor":7,"key":"FearPotion"},{"floor":8,"key":"Fruit Juice"},{"floor":11,"key":"AttackPotion"},{"floor":14,"key":"ColorlessPotion"},{"floor":16,"key":"Regen Potion"},{"floor":20,"key":"AttackPotion"},{"floor":24,"key":"Explosive Potion"},{"floor":33,"key":"BottledMiracle"}],"is_trial":false,"path_per_floor":["M","M","?","M","$","R","E","M","T","E","M","M","R","E","R","B",null,"M","?","M","?","$","R","E","T","T","E","$","R","?","M","R","B",null,"M","M","M","?","?","R","E","R","T","M","M","E","$","?","R","B",null,"R","$","E","B"],"character_chosen":"WATCHER","items_purchased":["Sanctity","InnerPeace","BattleHymn","Strange Spoon","MentalFortress","Sanctity","Prostrate"],"campfire_rested":0,"item_purchase_floors":[5,22,28,47,47,47,53],"current_hp_per_floor":[65,65,58,57,57,57,52,50,50,41,41,40,40,39,48,33,66,56,77,71,71,71,77,58,58,58,57,57,69,69,63,75,48,70,53,52,34,28,47,59,58,73,73,53,31,31,31,31,46,15,62,77,77,30,0,0],"gold":31,"neow_bonus":"TRANSFORM_CARD","is_daily":false,"chose_seed":false,"campfire_upgraded":9,"win_rate":0.0,"timestamp":1608509054,"path_taken":["M","M","?","M","$","R","E","M","T","E","M","M","R","E","R","BOSS","M","?","?","?","$","R","E","?","T","E","$","R","?","?","R","BOSS","M","M","M","?","?","R","E","R","T","M","M","E","$","?","R","BOSS","R","$","E","BOSS"],"items_purchased_type":["Card","Card","Card","Relic","Card","Card","Card"],"build_version":"2020-12-13","purchased_purges":2,"victory":false,"max_hp_per_floor":[72,72,72,72,72,72,72,77,77,77,77,77,77,77,77,77,77,77,77,77,77,77,77,77,77,77,77,77,77,77,77,77,77,77,77,77,77,77,77,77,77,77,77,77,77,77,77,77,77,77,77,77,77,77,77,77],"card_choices":[{"not_picked":["FollowUp","SashWhip"],"picked":"EmptyMind","floor":1},{"not_picked":["Meditate","CutThroughFate"],"picked":"Wallop","floor":2},{"not_picked":["Prostrate","CrushJoints"],"picked":"InnerPeace","floor":4},{"not_picked":["Indignation","Fasting2"],"picked":"CutThroughFate","floor":7},{"not_picked":["WheelKick","Prostrate"],"picked":"Halt","floor":8},{"not_picked":["FlurryOfBlows","FlyingSleeves"],"picked":"Adaptation","floor":10},{"not_picked":["Consecrate","BowlingBash"],"picked":"PathToVictory","floor":11},{"not_picked":["CrushJoints","SashWhip"],"picked":"EmptyBody","floor":12},{"not_picked":["DeceiveReality","LessonLearned"],"picked":"PathToVictory","floor":14},{"not_picked":["Omniscience","Devotion"],"picked":"Vault","floor":16},{"not_picked":["FlyingSleeves","FollowUp","WheelKick"],"picked":"SKIP","floor":18},{"not_picked":["DeceiveReality","Consecrate","Weave"],"picked":"SKIP","floor":20},{"not_picked":["Worship+1","Nirvana"],"picked":"Perseverance+1","floor":24},{"not_picked":["ThirdEye","Halt+1"],"picked":"Adaptation","floor":27},{"not_picked":["CutThroughFate","Weave","JustLucky"],"picked":"SKIP","floor":31},{"not_picked":["SpiritShield","Blasphemy"],"picked":"Alpha","floor":33},{"not_picked":["FollowUp+1","JustLucky+1"],"picked":"Collect+1","floor":35},{"not_picked":["CutThroughFate","Tantrum","InnerPeace"],"picked":"SKIP","floor":36},{"not_picked":["CutThroughFate+1","BowlingBash"],"picked":"EmptyMind","floor":37},{"not_picked":["JustLucky+1","Halt+1"],"picked":"DevaForm","floor":41},{"not_picked":["SashWhip+1","JustLucky+1","ThirdEye"],"picked":"SKIP","floor":44},{"not_picked":["JustLucky+1","SashWhip+1"],"picked":"SpiritShield","floor":45},{"not_picked":["ClearTheMind","Prostrate","EmptyBody"],"picked":"SKIP","floor":46},{"not_picked":["Evaluate+1","FlurryOfBlows+1"],"picked":"Sanctity","floor":54}],"player_experience":1001566,"relics_obtained":[{"floor":7,"key":"Torii"},{"floor":10,"key":"Omamori"},{"floor":14,"key":"Eternal Feather"},{"floor":24,"key":"Mummified Hand"},{"floor":25,"key":"Orichalcum"},{"floor":26,"key":"Pocketwatch"},{"floor":27,"key":"Art of War"},{"floor":38,"key":"Dead Branch"},{"floor":41,"key":"Molten Egg 2"},{"floor":43,"key":"Letter Opener"},{"floor":46,"key":"Potion Belt"},{"floor":54,"key":"Turnip"}],"event_choices":[{"cards_removed":["Strike_P"],"damage_healed":0,"gold_gain":0,"player_choice":"Card Removal","damage_taken":7,"max_hp_gain":0,"max_hp_loss":0,"event_name":"Golden Wing","floor":3,"gold_loss":0},{"damage_healed":21,"gold_gain":0,"player_choice":"Full Heal","damage_taken":0,"max_hp_gain":0,"max_hp_loss":0,"event_name":"Wheel of Change","floor":19,"gold_loss":0},{"cards_removed":["Strike_P"],"damage_healed":0,"gold_gain":0,"player_choice":"Gave Gold","damage_taken":0,"max_hp_gain":0,"max_hp_loss":0,"event_name":"Beggar","floor":21,"gold_loss":75},{"damage_healed":0,"gold_gain":0,"player_choice":"Ignored","damage_taken":0,"max_hp_gain":0,"max_hp_loss":0,"event_name":"Ghosts","floor":30,"gold_loss":0},{"damage_healed":0,"gold_gain":0,"player_choice":"Fight","damage_taken":0,"max_hp_gain":0,"max_hp_loss":0,"event_name":"Mysterious Sphere","floor":38,"gold_loss":0},{"damage_healed":19,"gold_gain":0,"player_choice":"Writhe","damage_taken":0,"max_hp_gain":0,"max_hp_loss":0,"event_name":"Winding Halls","floor":39,"gold_loss":0,"cards_obtained":["Writhe"]},{"cards_removed":["Sanctity"],"damage_healed":0,"gold_gain":0,"player_choice":"Removed Skill","damage_taken":0,"max_hp_gain":0,"max_hp_loss":0,"event_name":"Falling","floor":48,"gold_loss":0}],"is_beta":false,"boss_relics":[{"not_picked":["Ectoplasm","Calling Bell"],"picked":"Coffee Dripper"},{"not_picked":["Fusion Hammer","SlaversCollar"],"picked":"Sozu"}],"items_purged_floors":[22,28],"is_endless":false,"potions_floor_spawned":[2,7,8,11,14,16,20,24,33,36,41,44,46],"killed_by":"The Heart","ascension_level":7}}