{"host":"z9grmtg2w0nmz8n1","time":1608563012,"event":{"mods":["Aspiration","Bard","BaseMod","Beaked The Cultist","Better Altar","Better Match","Better Note","Better Sensory Stone","Better Skull","Better Third Choice","BetterRewards","CCEM","Colored Map","Conspire","Downfall","GifTheSpireLib","Googly Eyes","Halation","Hermit","Highlight Path","Hubris","Hunter ??","Jedi Mod","Jorbs\u0027s Wanderer Trilogy","Mad Scientist","Marisa????????","Minty Spire (QoL Compilation)","Permanent Neow","Replay The Spire","Shade Mod","Shop Mod","Spicy Shops","StSLib","Stuff the Spire","The Bug Knight","The Construct","The Necromancer","The Runesmith","The Witch"],"gold_per_floor":[117,136,13,13,30,55,55,55,55,83,83,114,127,27,27,123,123,142,142,69,49,62,96,96,96,96,96,96],"floor_reached":27,"playtime":1395,"items_purged":["Runesmith:Strike_RS","Runesmith:Strike_RS"],"score":274,"play_id":"a6a24d4f-aa51-4874-a5a3-47bca7121e80","local_time":"20201221130332","is_ascension_mode":false,"campfire_choices":[{"floor":8,"key":"REST"},{"floor":11,"key":"REST"},{"floor":15,"key":"REST"},{"floor":25,"key":"RECALL"}],"circlet_count":0,"master_deck":["Runesmith:Strike_RS","Runesmith:Strike_RS","Runesmith:Defend_RS","Runesmith:Defend_RS","Runesmith:Defend_RS","Runesmith:Defend_RS","Runesmith:CraftFirestone","Runesmith:Fortify","Runesmith:ChiselStab","Runesmith:EarthShield","Runesmith:CraftMagma","Runesmith:Firestorm","Burn","Runesmith:Firewall","Runesmith:Superposition","Runesmith:CraftIncendium","Runesmith:LithiumIon"],"relics":["Runesmith:BrokenRuby","aspiration:Nostalgia","stsjorbsmod:GrimoireRelic","Singing Bowl","Vajra","Toy Ornithopter","conspire:RoyalGoblet","hubris:TinFlute","CCEMRelics:CocoNut"],"acts_visited":["Exordium","TheCity"],"potions_floor_usage":[6,18,21],"damage_taken":[{"damage":0,"enemies":"Small Slimes","floor":1,"turns":4},{"damage":1,"enemies":"2 Louse","floor":2,"turns":4},{"damage":1,"enemies":"Jaw Worm","floor":5,"turns":3},{"damage":58,"enemies":"Gremlin Nob","floor":6,"turns":5},{"damage":26,"enemies":"3 Sentries","floor":10,"turns":8},{"damage":4,"enemies":"HollowMod:MossKnight","floor":12,"turns":9},{"damage":2,"enemies":"Large Slime","floor":13,"turns":6},{"damage":30,"enemies":"Fading Forest","floor":16,"turns":11},{"damage":19,"enemies":"Shell Parasite","floor":18,"turns":4},{"damage":10,"enemies":"2 Thieves","floor":21,"turns":4},{"damage":42,"enemies":"Shelled Parasite and Fungi","floor":22,"turns":6},{"damage":10,"enemies":"HollowMod:Nosk","floor":23,"turns":8},{"damage":45,"enemies":"Cultist and Chosen","floor":27,"turns":4}],"seed_played":"-8076548499612182903","potions_obtained":[{"floor":1,"key":"Strength Potion"},{"floor":2,"key":"Reflective Coating"},{"floor":6,"key":"construct:ShiftPotion"},{"floor":13,"key":"Adrenaline Potion"},{"floor":18,"key":"Swift Potion"},{"floor":23,"key":"LiquidBronze"}],"is_trial":false,"path_per_floor":["M","M","$","?","M","E","?","R","T","E","R","E","M","$","R","B",null,"M","?","$","M","M","E","?","R","T","M"],"character_chosen":"RUNESMITH_CLASS","items_purchased":["Runesmith:EarthShield","Runesmith:LithiumIon"],"campfire_rested":3,"item_purchase_floors":[3,20],"current_hp_per_floor":[70,69,69,69,68,10,10,31,31,5,26,22,20,20,41,13,72,55,74,74,71,31,23,23,23,28,0,0],"gold":96,"neow_bonus":"NOSTALGIA","is_daily":false,"chose_seed":false,"campfire_upgraded":0,"win_rate":0.0,"timestamp":1608563012,"path_taken":["M","M","$","?","M","E","?","R","T","E","R","E","M","?","R","BOSS","M","?","$","M","?","E","?","R","T","M"],"items_purchased_type":["Card","Card"],"build_version":"2020-12-13","purchased_purges":2,"victory":false,"max_hp_per_floor":[70,70,70,70,70,70,70,70,70,70,70,70,70,70,70,72,72,74,74,74,76,78,80,80,80,85,85,85],"card_choices":[{"not_picked":["Runesmith:Refine","Runesmith:CraftProtectio"],"picked":"Runesmith:ChiselStab","floor":1},{"not_picked":["Runesmith:Permafrost","Runesmith:FieryHammer"],"picked":"Runesmith:CraftMagma","floor":2},{"not_picked":["Runesmith:StaticCage","Runesmith:EnergizedChisel"],"picked":"Runesmith:CraftMagma","floor":5},{"not_picked":["Runesmith:GenerateForcefield","Runesmith:HammerAndChisel"],"picked":"Runesmith:Firestorm","floor":6},{"not_picked":["Runesmith:HeatedChisel","Runesmith:HeatExchange"],"picked":"Runesmith:Firewall","floor":10},{"not_picked":["Runesmith:BackupBattery","Runesmith:Permafrost"],"picked":"Runesmith:Superposition","floor":12},{"not_picked":["Runesmith:HeatExchange","Runesmith:Grindstone"],"picked":"Runesmith:CraftIncendium","floor":13},{"not_picked":["Runesmith:ReplicatingBarrier","Runesmith:Duplicate","Runesmith:CraftMedicinae"],"picked":"Singing Bowl","floor":16},{"not_picked":["Runesmith:UnstableHammer","Runesmith:ChargedHammer","Runesmith:Overpower"],"picked":"Singing Bowl","floor":18},{"not_picked":["Runesmith:Discharge+1","Runesmith:CraftSpiculum","Runesmith:UnstableHammer"],"picked":"Singing Bowl","floor":21},{"not_picked":["Runesmith:PerfectChisel","Runesmith:CraftSpiculum","Runesmith:StaticCage"],"picked":"Singing Bowl","floor":22},{"not_picked":["Runesmith:HeatedChisel+1","Runesmith:Superposition","Runesmith:EnergizedChisel"],"picked":"Singing Bowl","floor":23}],"player_experience":608191,"relics_obtained":[{"floor":6,"key":"Singing Bowl"},{"floor":10,"key":"Vajra"},{"floor":12,"key":"Toy Ornithopter"},{"floor":23,"key":"hubris:TinFlute"},{"floor":26,"key":"CCEMRelics:CocoNut"}],"event_choices":[{"damage_healed":10,"gold_gain":0,"player_choice":"Embrace Burn","damage_taken":0,"max_hp_gain":0,"max_hp_loss":70,"event_name":"betterThird:BetterShining","floor":7,"gold_loss":0},{"cards_removed":["Runesmith:HammerAndChisel"],"damage_healed":19,"gold_gain":0,"player_choice":"Offered Uncommon","damage_taken":0,"max_hp_gain":0,"max_hp_loss":0,"event_name":"Bonfire Elementals","floor":19,"gold_loss":0},{"cards_removed":["Runesmith:Strike_RS"],"damage_healed":0,"gold_gain":0,"player_choice":"Give","damage_taken":0,"max_hp_gain":0,"max_hp_loss":0,"event_name":"betterNote:BetterNote","floor":24,"gold_loss":0,"cards_obtained":["Runesmith:Strike_RS"]}],"is_beta":false,"boss_relics":[{"not_picked":["Replay:Bronze Core","hubris:HollowSoul"],"picked":"conspire:RoyalGoblet"}],"items_purged_floors":[3,14],"is_endless":false,"potions_floor_spawned":[1,2,6,13,16,18,23],"killed_by":"Cultist and Chosen","ascension_level":0}}