{"host":"6pgtslebjnyv5xmi","time":1608537717,"event":{"mods":["AchievementEnabler","BaseMod","Colored Map","Minty Spire (QoL Compilation)","Rare Cards Sparkle","SuperFastMode","everything is the same but u backflip on backflip"],"gold_per_floor":[119,119,132,132,150,150,150,150,150,173,173,191,212,236,236,359,359,378,378,378,391,391,391],"floor_reached":22,"playtime":1174,"items_purged":[],"score":221,"play_id":"1efb55c5-6832-42bd-bf07-c9c5508096b7","local_time":"20201221170157","is_ascension_mode":true,"campfire_choices":[{"data":"Hello World","floor":6,"key":"SMITH"},{"data":"Dualcast","floor":8,"key":"SMITH"},{"data":"Aggregate","floor":15,"key":"SMITH"}],"circlet_count":0,"master_deck":["Defend_B","Defend_B","Defend_B","Defend_B","Zap+1","Dualcast+1","Go for the Eyes","Turbo","Hello World+1","Aggregate+1","Hologram","Reinforced Body","All For One","Rebound","Bite","Bite","Bite","Bite","Bite","Rebound"],"relics":["Cracked Core","NeowsBlessing","Golden Idol","Shuriken","CultistMask"],"acts_visited":["Exordium","TheCity"],"potions_floor_usage":[16,16],"damage_taken":[{"damage":0,"enemies":"Cultist","floor":1,"turns":1},{"damage":0,"enemies":"Small Slimes","floor":3,"turns":1},{"damage":0,"enemies":"2 Louse","floor":5,"turns":1},{"damage":10,"enemies":"Exordium Wildlife","floor":10,"turns":5},{"damage":8,"enemies":"Blue Slaver","floor":12,"turns":3},{"damage":11,"enemies":"Red Slaver","floor":13,"turns":3},{"damage":0,"enemies":"2 Fungi Beasts","floor":14,"turns":3},{"damage":26,"enemies":"Hexaghost","floor":16,"turns":11},{"damage":37,"enemies":"3 Byrds","floor":18,"turns":6},{"damage":22,"enemies":"Shell Parasite","floor":21,"turns":4},{"damage":44,"enemies":"3 Cultists","floor":22,"turns":4}],"seed_played":"-2942031127885566557","potions_obtained":[{"floor":1,"key":"Ancient Potion"},{"floor":12,"key":"Block Potion"},{"floor":14,"key":"SteroidPotion"},{"floor":18,"key":"Ancient Potion"}],"is_trial":false,"path_per_floor":["M","?","M","?","M","R","?","R","T","M","$","M","M","M","R","B",null,"M","?","?","M","M"],"character_chosen":"DEFECT","items_purchased":[],"campfire_rested":0,"item_purchase_floors":[],"current_hp_per_floor":[75,75,75,57,57,57,75,75,75,65,65,57,46,46,46,20,75,38,38,38,28,0,0],"gold":391,"neow_bonus":"THREE_ENEMY_KILL","is_daily":false,"chose_seed":false,"campfire_upgraded":3,"win_rate":0.0,"timestamp":1608537717,"path_taken":["M","?","?","?","M","R","?","R","T","M","?","?","M","M","R","BOSS","M","?","?","?","?"],"items_purchased_type":[],"build_version":"2020-12-13","purchased_purges":0,"victory":false,"max_hp_per_floor":[75,75,75,75,75,75,75,75,75,75,75,75,75,75,75,75,75,75,52,52,52,52,52],"card_choices":[{"not_picked":["Auto Shields","Compile Driver"],"picked":"Go for the Eyes","floor":1},{"not_picked":["Redo","Steam"],"picked":"Turbo","floor":3},{"not_picked":["Recycle","Rebound"],"picked":"Hello World","floor":5},{"not_picked":["Ball Lightning","Reinforced Body"],"picked":"Aggregate","floor":10},{"not_picked":["Compile Driver","Defragment"],"picked":"Hologram","floor":12},{"not_picked":["Ball Lightning","Multi-Cast"],"picked":"Reinforced Body","floor":13},{"not_picked":["Ball Lightning","Cold Snap","Barrage"],"picked":"SKIP","floor":14},{"not_picked":["Rainbow","Seek"],"picked":"All For One","floor":16},{"not_picked":["Heatsinks","Recycle+1"],"picked":"Rebound","floor":18},{"not_picked":["Steam","Streamline"],"picked":"Rebound","floor":21}],"player_experience":317677,"relics_obtained":[{"floor":9,"key":"Shuriken"}],"event_choices":[{"damage_healed":0,"gold_gain":0,"player_choice":"Forge","damage_taken":0,"max_hp_gain":0,"max_hp_loss":0,"event_name":"Accursed Blacksmith","floor":2,"gold_loss":0,"cards_upgraded":["Zap"]},{"damage_healed":0,"gold_gain":0,"player_choice":"Take Damage","damage_taken":18,"relics_obtained":["Golden Idol"],"max_hp_gain":0,"max_hp_loss":0,"event_name":"Golden Idol","floor":4,"gold_loss":0},{"damage_healed":25,"gold_gain":0,"player_choice":"Banana","damage_taken":0,"max_hp_gain":0,"max_hp_loss":0,"event_name":"Big Fish","floor":7,"gold_loss":0},{"damage_healed":0,"gold_gain":0,"player_choice":"Became a vampire","damage_taken":0,"max_hp_gain":0,"max_hp_loss":23,"event_name":"Vampires","floor":19,"gold_loss":0,"cards_obtained":["Bite","Bite","Bite","Bite","Bite"]},{"damage_healed":0,"gold_gain":0,"player_choice":"Trade","damage_taken":0,"relics_obtained":["CultistMask"],"max_hp_gain":0,"max_hp_loss":0,"event_name":"FaceTrader","floor":20,"gold_loss":0}],"is_beta":false,"boss_relics":[{"not_picked":["Coffee Dripper","Philosopher\u0027s Stone","Velvet Choker"]}],"items_purged_floors":[],"is_endless":false,"potions_floor_spawned":[1,12,14,18],"killed_by":"3 Cultists","ascension_level":2}}