{"host":"agn8wmerpzfmi70r","time":1608552287,"event":{"mods":["AchievementEnabler","BaseMod","Downfall","Minty Spire (QoL Compilation)","Relic Stats","StSLib"],"gold_per_floor":[99,99,124,124,149,149,149,149,165,191,203,215,215,215,232,232,232,232],"floor_reached":16,"playtime":1000,"items_purged":[],"score":143,"play_id":"afac4908-9ccf-429e-b929-7aba078cf7e2","local_time":"20201221060447","is_ascension_mode":false,"campfire_choices":[{"data":"champ:Taunt","floor":1,"key":"SMITH"},{"floor":8,"key":"REST"}],"circlet_count":0,"master_deck":["champ:Strike","champ:Strike","champ:Strike","champ:Strike","champ:Defend","champ:Defend","champ:Defend","champ:Defend","champ:Execute","champ:Taunt+1","champ:TornadoPunch","champ:FalseCounter","champ:IgnorePain","champ:PerfectedStrike","champ:Backstep","champ:EnGarde+1","champ:GladiatorsShout+1"],"relics":["champ:ChampionCrown","downfall:HeartsMalice","Oddly Smooth Stone","Ornamental Fan","Pear","Toxic Egg 2","The Courier"],"acts_visited":["Exordium"],"potions_floor_usage":[16,16,16],"damage_taken":[{"damage":0,"enemies":"2 Louse","floor":2,"turns":1},{"damage":0,"enemies":"3 Sentries","floor":3,"turns":1},{"damage":0,"enemies":"Jaw Worm","floor":4,"turns":1},{"damage":92,"enemies":"Gremlin Nob","floor":5,"turns":8},{"damage":0,"enemies":"Small Slimes","floor":9,"turns":3},{"damage":23,"enemies":"3 Sentries","floor":10,"turns":6},{"damage":12,"enemies":"Exordium Thugs","floor":11,"turns":4},{"damage":6,"enemies":"2 Fungi Beasts","floor":12,"turns":4},{"damage":3,"enemies":"Exordium Wildlife","floor":15,"turns":4},{"damage":51,"enemies":"downfall:Defect","floor":16,"turns":6}],"seed_played":"-4363181303988626013","potions_obtained":[{"floor":3,"key":"champ:CounterPotion"},{"floor":9,"key":"champ:OpenerPotion"},{"floor":11,"key":"SneckoOil"}],"is_trial":false,"path_per_floor":["R","M","E","M","E","?","T","R","M","E","M","M","?","T","M","B"],"character_chosen":"THE_CHAMP","items_purchased":[],"campfire_rested":1,"item_purchase_floors":[],"current_hp_per_floor":[90,90,90,90,13,43,53,83,83,60,48,47,47,47,44,0,0,0],"gold":232,"neow_bonus":"THREE_ENEMY_KILL","is_daily":false,"chose_seed":false,"campfire_upgraded":1,"win_rate":0.0,"timestamp":1608552287,"path_taken":["R","M","E","M","E","?","T","R","M","E","M","M","?","?","M","BOSS"],"items_purchased_type":[],"build_version":"2020-12-13","purchased_purges":0,"victory":false,"max_hp_per_floor":[90,90,90,90,90,90,100,100,100,100,100,100,100,100,100,100,100,100],"relic_stats":{"counters":[10,35],"Ornamental Fan":[4],"obtain_stats":[{"Pear":7,"Ornamental Fan":5,"Oddly Smooth Stone":3,"champ:ChampionCrown":0,"downfall:HeartsMalice":0,"The Courier":14,"Toxic Egg 2":10},{"Pear":4,"Ornamental Fan":4,"Oddly Smooth Stone":2,"champ:ChampionCrown":0,"downfall:HeartsMalice":0,"The Courier":8,"Toxic Egg 2":6},{"Pear":8,"Ornamental Fan":8,"Oddly Smooth Stone":0,"champ:ChampionCrown":0,"downfall:HeartsMalice":0,"The Courier":25,"Toxic Egg 2":17}]},"card_choices":[{"not_picked":["champ:BerserkersShout","champ:GutPunch"],"picked":"champ:TornadoPunch","floor":2},{"not_picked":["champ:Backstep","champ:Circumvent"],"picked":"champ:FalseCounter","floor":3},{"not_picked":["champ:StanceDance","champ:GladiatorsShout"],"picked":"champ:IgnorePain","floor":4},{"not_picked":["champ:BladeFlurry","champ:ArenaPreparation"],"picked":"champ:PerfectedStrike","floor":5},{"not_picked":["champ:TornadoPunch","champ:FlashCut"],"picked":"champ:Backstep","floor":9},{"not_picked":["champ:Improvising","champ:FocusedGladiator+1"],"picked":"champ:EnGarde+1","floor":10},{"not_picked":["champ:TornadoPunch","champ:HeartStrike","champ:FanOfKnives"],"picked":"SKIP","floor":11},{"not_picked":["champ:FanOfKnives","champ:RapidStrikes"],"picked":"champ:GladiatorsShout+1","floor":12},{"not_picked":["champ:Duel","champ:BerserkersShout+1","champ:RapidStrikes"],"picked":"SKIP","floor":15}],"player_experience":71616,"relics_obtained":[{"floor":3,"key":"Oddly Smooth Stone"},{"floor":5,"key":"Ornamental Fan"},{"floor":7,"key":"Pear"},{"floor":10,"key":"Toxic Egg 2"},{"floor":14,"key":"The Courier"}],"event_choices":[{"damage_healed":30,"gold_gain":0,"player_choice":"Banana","damage_taken":0,"max_hp_gain":0,"max_hp_loss":0,"event_name":"Big Fish","floor":6,"gold_loss":0}],"is_beta":false,"boss_relics":[],"items_purged_floors":[],"is_endless":false,"potions_floor_spawned":[3,9,11,12],"killed_by":"downfall:Defect","ascension_level":0}}