{"host":"sxnl403xm2xmiyj1","time":1608550319,"event":{"mods":["AchievementEnabler","BaseMod","Colored Map","Keyboard Shortcuts","Minty Spire (QoL Compilation)","Quick Restart","StSLib","SuperFastMode"],"gold_per_floor":[16,35,35,52,202,49,49,66,66,66,82,147,175,100,100,172,172,182,195,195,206,219,219,219],"floor_reached":23,"playtime":548,"items_purged":["Doubt"],"score":392,"play_id":"cf095368-3eda-4a11-b995-9ad5d75fd2b8","local_time":"20201221203159","is_ascension_mode":true,"campfire_choices":[{"data":"Defragment","floor":7.0,"key":"SMITH"},{"data":"Zap","floor":10.0,"key":"SMITH"},{"data":"Blizzard","floor":15.0,"key":"SMITH"}],"circlet_count":0,"master_deck":["AscendersBane","Strike_B","Strike_B","Strike_B","Defend_B","Defend_B","Defend_B","Defend_B","Zap+1","Dualcast","Seek","Blizzard+1","Sweeping Beam","Defragment+1","Cold Snap","Blizzard","Cold Snap","Glacier","Buffer","Hologram"],"relics":["Cracked Core","Sundial","Mango","Pen Nib","Singing Bowl","Black Star"],"acts_visited":["Exordium","TheCity"],"potions_floor_usage":[19,22,22],"damage_taken":[{"damage":0.0,"enemies":"2 Louse","floor":1.0,"turns":3.0},{"damage":0.0,"enemies":"Small Slimes","floor":2.0,"turns":3.0},{"damage":0.0,"enemies":"Jaw Worm","floor":4.0,"turns":3.0},{"damage":15.0,"enemies":"Exordium Thugs","floor":8.0,"turns":7.0},{"damage":9.0,"enemies":"Blue Slaver","floor":11.0,"turns":4.0},{"damage":5.0,"enemies":"3 Sentries","floor":12.0,"turns":7.0},{"damage":24.0,"enemies":"Gremlin Nob","floor":13.0,"turns":4.0},{"damage":21.0,"enemies":"Hexaghost","floor":16.0,"turns":10.0},{"damage":21.0,"enemies":"Shell Parasite","floor":18.0,"turns":7.0},{"damage":19,"enemies":"2 Thieves","floor":19,"turns":5},{"damage":14,"enemies":"Centurion and Healer","floor":21,"turns":10},{"damage":0,"enemies":"Snecko","floor":22,"turns":9},{"damage":0,"enemies":"Slavers","floor":23,"turns":1}],"seed_played":"-1249402450157295196","potions_obtained":[{"floor":2.0,"key":"BlessingOfTheForge"},{"floor":11.0,"key":"AttackPotion"},{"floor":12.0,"key":"Regen Potion"},{"floor":16.0,"key":"LiquidMemories"},{"floor":18.0,"key":"LiquidBronze"},{"floor":19,"key":"Weak Potion"},{"floor":21,"key":"DistilledChaos"}],"is_trial":false,"path_per_floor":["M","M","?","M","?","$","R","M","T","R","M","?","E","?","R","B",null,"M","M","?","M","M","E"],"character_chosen":"DEFECT","items_purchased":["Defragment"],"campfire_rested":0,"item_purchase_floors":[6],"current_hp_per_floor":[64,64,59,59,59,59,59,44,58,58,49,44,32,32,32,11,67,48,31,31,17,19,19,19],"gold":219,"neow_bonus":"THREE_RARE_CARDS","is_daily":false,"chose_seed":false,"campfire_upgraded":3,"win_rate":0.0,"timestamp":1608550319,"path_taken":["M","M","?","M","?","$","R","M","T","R","M","?","E","?","R","BOSS","M","M","?","M","M","E"],"items_purchased_type":["Card"],"build_version":"2020-12-13","purchased_purges":1,"victory":false,"max_hp_per_floor":[71,71,71,71,71,71,71,71,85,85,85,85,85,85,85,85,85,87,89,89,89,91,91,91],"card_choices":[{"not_picked":["Rainbow","Buffer"],"picked":"Seek","floor":0.0},{"not_picked":["Steam","Sweeping Beam"],"picked":"Blizzard","floor":1.0},{"not_picked":["Go for the Eyes","Ball Lightning","Beam Cell"],"picked":"SKIP","floor":2.0},{"not_picked":["Fusion","Tempest"],"picked":"Sweeping Beam","floor":4.0},{"not_picked":["Ball Lightning","Sweeping Beam"],"picked":"Cold Snap","floor":8.0},{"not_picked":["Go for the Eyes","Capacitor"],"picked":"Blizzard","floor":11.0},{"not_picked":["Ball Lightning","Sweeping Beam"],"picked":"Cold Snap","floor":12.0},{"not_picked":["Skim","White Noise"],"picked":"Glacier","floor":13.0},{"not_picked":["Thunder Strike","Meteor Strike"],"picked":"Buffer","floor":16.0},{"not_picked":["Static Discharge","Scrape","Gash"],"picked":"Singing Bowl","floor":18.0},{"not_picked":["Tempest","Sunder","Go for the Eyes"],"picked":"Singing Bowl","floor":19},{"not_picked":["Sunder","Ball Lightning"],"picked":"Hologram","floor":21},{"not_picked":["Redo","Steam Power","Rip and Tear+1"],"picked":"Singing Bowl","floor":22}],"player_experience":111421,"relics_obtained":[{"floor":9.0,"key":"Mango"},{"floor":13.0,"key":"Singing Bowl"}],"event_choices":[{"damage_healed":0.0,"max_hp_gain":0.0,"max_hp_loss":0.0,"gold_gain":0.0,"event_name":"Scrap Ooze","player_choice":"Success","floor":3.0,"gold_loss":0.0,"damage_taken":5.0,"relics_obtained":["Sundial"]},{"damage_healed":0.0,"max_hp_gain":0.0,"max_hp_loss":0.0,"gold_gain":150.0,"event_name":"Liars Game","player_choice":"AGREE","floor":5.0,"gold_loss":0.0,"damage_taken":0.0,"cards_obtained":["Doubt"]},{"damage_healed":0.0,"max_hp_gain":0.0,"max_hp_loss":0.0,"gold_gain":0.0,"event_name":"Dead Adventurer","player_choice":"Searched \u00273\u0027 times","floor":12.0,"gold_loss":0.0,"damage_taken":0.0,"relics_obtained":["Pen Nib"]},{"cards_removed":["Strike_B"],"damage_healed":0.0,"max_hp_gain":0.0,"max_hp_loss":0.0,"gold_gain":0.0,"event_name":"The Cleric","player_choice":"Card Removal","floor":14.0,"gold_loss":75.0,"damage_taken":0.0},{"damage_healed":0,"gold_gain":0,"player_choice":"Ignored","damage_taken":0,"max_hp_gain":0,"max_hp_loss":0,"event_name":"Ghosts","floor":20,"gold_loss":0}],"is_beta":false,"boss_relics":[{"not_picked":["Runic Dome","SacredBark"],"picked":"Black Star"}],"items_purged_floors":[6],"is_endless":false,"potions_floor_spawned":[2,11,12,16,18,19,21],"killed_by":"Slavers","ascension_level":18}}