{"host":"7yxt37kap0q16lk4","time":1608578900,"event":{"mods":["2.2 Compatiblity","Act Like it!","BaseMod","Better Third Choice","Better-Laid Plans","Colored Map","Custom Start","Highlight Path","Keyboard Shortcuts","Minty Spire (QoL Compilation)","Quick Restart","Rare Cards Sparkle","Relic Stats","Shop Mod","Slay the Relics Exporter","StSLib","SuperFastMode"],"gold_per_floor":[111,126,126,136,149,149,149,149,175,185,212,212,43,73,73,148,148,158,174,174,174,174,174],"floor_reached":22,"playtime":497,"items_purged":[],"score":368,"play_id":"f6cb1d73-d82a-47d4-bf16-b71f252f765d","local_time":"20201222042820","is_ascension_mode":true,"campfire_choices":[{"data":"Sunder","floor":6,"key":"SMITH"},{"data":"Zap","floor":8,"key":"SMITH"},{"data":"Beam Cell","floor":12,"key":"SMITH"},{"data":"Go for the Eyes","floor":15,"key":"SMITH"}],"circlet_count":0,"master_deck":["AscendersBane","Defend_B","Defend_B","Defend_B","Zap+1","Dualcast","Loop+1","Sunder+1","Cold Snap","Machine Learning","Go for the Eyes+1","Beam Cell+1","All For One","Biased Cognition","Barrage+1","Seek+1","Amplify+1","Ball Lightning"],"relics":["Cracked Core","Dream Catcher","Odd Mushroom","Regal Pillow","Nunchaku","Astrolabe"],"acts_visited":["Exordium","TheCity"],"potions_floor_usage":[14,16,16,21],"damage_taken":[{"damage":4,"enemies":"Small Slimes","floor":1,"turns":4},{"damage":1,"enemies":"Cultist","floor":2,"turns":3},{"damage":0,"enemies":"2 Louse","floor":4,"turns":3},{"damage":14,"enemies":"Exordium Thugs","floor":5,"turns":4},{"damage":16,"enemies":"3 Louse","floor":10,"turns":3},{"damage":12,"enemies":"The Mushroom Lair","floor":11,"turns":4},{"damage":13,"enemies":"Lagavulin","floor":14,"turns":5},{"damage":8,"enemies":"The Guardian","floor":16,"turns":6},{"damage":22,"enemies":"Shell Parasite","floor":18,"turns":3},{"damage":11,"enemies":"Spheric Guardian","floor":19,"turns":3},{"damage":27,"enemies":"Snake Plant","floor":22,"turns":2}],"seed_played":"3899675283492315398","potions_obtained":[{"floor":1,"key":"CultistPotion"},{"floor":5,"key":"FocusPotion"},{"floor":14,"key":"DuplicationPotion"},{"floor":18,"key":"Strength Potion"},{"floor":21,"key":"Fruit Juice"},{"floor":21,"key":"Dexterity Potion"}],"is_trial":false,"path_per_floor":["M","M","?","M","M","R","?","R","T","M","?","R","$","E","R","B",null,"M","M","?","?","M"],"character_chosen":"DEFECT","items_purchased":["Regal Pillow"],"campfire_rested":0,"item_purchase_floors":[13],"current_hp_per_floor":[42,41,64,64,50,50,50,50,50,34,22,22,22,9,9,1,54,32,21,21,26,0,0],"gold":174,"neow_bonus":"REMOVE_TWO","is_daily":false,"chose_seed":false,"campfire_upgraded":4,"win_rate":0.0,"timestamp":1608578900,"path_taken":["M","M","?","M","M","R","?","R","T","?","?","R","?","E","R","BOSS","M","M","?","?","?"],"items_purchased_type":["Relic"],"build_version":"2020-12-13","purchased_purges":0,"victory":false,"max_hp_per_floor":[71,71,71,71,71,71,71,71,71,71,71,71,71,71,71,71,71,71,71,71,76,76,76],"relic_stats":{"Dream Catcher":0,"Regal Pillow":0,"Nunchaku":[3],"counters":[11,39],"Astrolabe":["Barrage","Seek","Amplify"],"obtain_stats":[{"Dream Catcher":9,"Regal Pillow":13,"Nunchaku":14,"Astrolabe":17,"Odd Mushroom":11,"Cracked Core":0},{"Dream Catcher":4,"Regal Pillow":6,"Nunchaku":7,"Astrolabe":8,"Odd Mushroom":6,"Cracked Core":0},{"Dream Catcher":14,"Regal Pillow":20,"Nunchaku":25,"Astrolabe":31,"Odd Mushroom":20,"Cracked Core":0}]},"card_choices":[{"not_picked":["Heatsinks","Compile Driver"],"picked":"Loop","floor":1},{"not_picked":["Sweeping Beam","Hello World"],"picked":"Sunder","floor":2},{"not_picked":["Hologram","Coolheaded"],"picked":"Cold Snap","floor":4},{"not_picked":["Gash","Hologram"],"picked":"Machine Learning","floor":5},{"not_picked":["Leap","Beam Cell"],"picked":"Go for the Eyes","floor":10},{"not_picked":["Reprogram","Sweeping Beam"],"picked":"Beam Cell","floor":11},{"not_picked":["Doom and Gloom","Gash"],"picked":"All For One","floor":14},{"not_picked":["Amplify","All For One"],"picked":"Biased Cognition","floor":16},{"not_picked":["Blizzard","Compile Driver","Steam"],"picked":"SKIP","floor":18},{"not_picked":["Cold Snap","Go for the Eyes"],"picked":"Ball Lightning","floor":19}],"player_experience":1008685,"relics_obtained":[{"floor":9,"key":"Dream Catcher"},{"floor":11,"key":"Odd Mushroom"},{"floor":14,"key":"Nunchaku"}],"event_choices":[{"damage_healed":23,"gold_gain":0,"player_choice":"Banana","damage_taken":0,"max_hp_gain":0,"max_hp_loss":0,"event_name":"Big Fish","floor":3,"gold_loss":0},{"damage_healed":0,"gold_gain":0,"player_choice":"Upgraded","damage_taken":0,"max_hp_gain":0,"max_hp_loss":0,"event_name":"Upgrade Shrine","floor":7,"gold_loss":0,"cards_upgraded":["Loop"]},{"damage_healed":0,"gold_gain":0,"player_choice":"Fought Mushrooms","damage_taken":0,"max_hp_gain":0,"max_hp_loss":0,"event_name":"Mushrooms","floor":11,"gold_loss":0},{"damage_healed":0,"gold_gain":0,"player_choice":"Ignored","damage_taken":0,"max_hp_gain":0,"max_hp_loss":0,"event_name":"Vampires","floor":20,"gold_loss":0},{"damage_healed":0,"gold_gain":0,"player_choice":"Got Potions","damage_taken":0,"max_hp_gain":0,"max_hp_loss":0,"event_name":"Lab","floor":21,"gold_loss":0}],"is_beta":false,"boss_relics":[{"not_picked":["Coffee Dripper","Runic Pyramid"],"picked":"Astrolabe"}],"items_purged_floors":[],"is_endless":false,"potions_floor_spawned":[1,5,14,18],"killed_by":"Snake Plant","ascension_level":20}}