{"host":"0dgh6dagbcoaqfos","time":1608590869,"event":{"mods":["2.2 Compatiblity","Act Like it!","AlwaysNeverKeys","BaseMod","BetterRewards","CapriCore","Jorbs\u0027s Wanderer Trilogy","Lobotomy","LobotomyExtend","Minty Spire (QoL Compilation)","StSLib"],"gold_per_floor":[113,113,131,79,79,79,104,104,127,127,127,127],"floor_reached":11,"playtime":664,"items_purged":[],"score":69,"play_id":"a93d4563-5545-42c2-8406-a8ea25ffc35e","local_time":"20201221164749","is_ascension_mode":false,"campfire_choices":[{"floor":6,"key":"REST"},{"data":"stsjorbsmod:ArcaneWeapon","floor":8,"key":"SMITH"},{"data":"stsjorbsmod:FindFamiliar","floor":10,"key":"SMITH"}],"circlet_count":0,"master_deck":["stsjorbsmod:ForbiddenGrimoire+1","stsjorbsmod:Strike_Wanderer","stsjorbsmod:Strike_Wanderer","stsjorbsmod:Strike_Wanderer","stsjorbsmod:Strike_Wanderer","stsjorbsmod:Defend_Wanderer","stsjorbsmod:Defend_Wanderer","stsjorbsmod:Defend_Wanderer","stsjorbsmod:FreshAdventure","stsjorbsmod:EyeOfTheStorm","stsjorbsmod:RayOfFrost","MeatLantern","stsjorbsmod:DisguiseSelf","stsjorbsmod:FindFamiliar+1","Yin","stsjorbsmod:ArcaneWeapon+1","stsjorbsmod:TrueStrike"],"relics":["stsjorbsmod:GrimoireRelic","CogitoBucket","RabbitCall","LetterFromLob","Art of War","Smiling Mask"],"acts_visited":["Exordium"],"potions_floor_usage":[7],"damage_taken":[{"damage":4,"enemies":"Jaw Worm","floor":1,"turns":3},{"damage":50,"enemies":"Cultist","floor":3,"turns":3},{"damage":1,"enemies":"3 Sentries","floor":7,"turns":7},{"damage":55,"enemies":"Lagavulin","floor":11,"turns":4}],"seed_played":"-7702863743434852906","potions_obtained":[{"floor":1,"key":"Regen Potion"}],"is_trial":false,"path_per_floor":["M","?","M","$","$","R","E","R","T","R","E"],"character_chosen":"WANDERER","items_purchased":["stsjorbsmod:ArcaneWeapon"],"campfire_rested":1,"item_purchase_floors":[4],"current_hp_per_floor":[66,66,17,17,17,37,55,55,55,55,0,0],"gold":127,"neow_bonus":"","is_daily":false,"chose_seed":false,"campfire_upgraded":2,"win_rate":0.0,"timestamp":1608590869,"path_taken":["M","?","M","?","$","R","E","R","T","R","E"],"items_purchased_type":["Card"],"build_version":"2020-12-13","purchased_purges":0,"victory":false,"max_hp_per_floor":[68,68,68,68,68,68,68,68,68,68,68,68],"card_choices":[{"not_picked":["stsjorbsmod:Rest","stsjorbsmod:Firebolt"],"picked":"stsjorbsmod:RayOfFrost","floor":1},{"not_picked":["WallGazer","Wellcheers","Bloodbath"],"picked":"Singing Bowl","floor":1},{"not_picked":["OSAHOGD","WallGazer"],"picked":"MeatLantern","floor":1},{"not_picked":["stsjorbsmod:Prepare","stsjorbsmod:Aid"],"picked":"stsjorbsmod:FindFamiliar","floor":3},{"not_picked":["OldLady","LittleHelper"],"picked":"Yin","floor":3},{"not_picked":["stsjorbsmod:Mending","stsjorbsmod:SmithingStrike"],"picked":"stsjorbsmod:TrueStrike","floor":7}],"player_experience":355174,"relics_obtained":[{"floor":1,"key":"LetterFromLob"},{"floor":7,"key":"Art of War"},{"floor":9,"key":"Smiling Mask"}],"event_choices":[{"damage_healed":0,"gold_gain":0,"cards_transformed":["stsjorbsmod:Defend_Wanderer"],"player_choice":"Transformed","damage_taken":0,"max_hp_gain":0,"max_hp_loss":0,"event_name":"Transmorgrifier","floor":2,"gold_loss":0,"cards_obtained":["stsjorbsmod:DisguiseSelf"]}],"is_beta":false,"boss_relics":[],"items_purged_floors":[],"is_endless":false,"potions_floor_spawned":[1],"killed_by":"Lagavulin","ascension_level":0}}