{"host":"fne7yx97fnz7kq05","time":1608531558,"event":{"mods":["BaseMod","Colored Map","Colored Powertips","Highlight Path","Minty Spire (QoL Compilation)","Relic Stats"],"gold_per_floor":[118,134,153,22,22,48,61,91,91,116,126,126,145,145,145,250,250,263,38,38,49,49,49,76,76,99,130,176,193,193,227,227,322,322,336,349,349,365,45,75,75,101,101,126,141,168,168,44,44,44,44,44,44,70,70],"floor_reached":56,"playtime":3446,"items_purged":["Strike_G"],"score":1653,"play_id":"17d964dc-3b15-4066-b91d-70a5021b91da","local_time":"20201221001918","is_ascension_mode":true,"campfire_choices":[{"floor":15,"key":"REST"},{"floor":23,"key":"REST"},{"data":"Footwork","floor":30,"key":"SMITH"},{"floor":32,"key":"REST"},{"floor":49,"key":"RECALL"},{"data":"Tools of the Trade","floor":52,"key":"SMITH"}],"circlet_count":0,"master_deck":["Strike_G","Strike_G","Strike_G","Strike_G","Defend_G","Defend_G+1","Defend_G","Defend_G","Defend_G+1","Survivor","Neutralize","Dagger Throw","Dagger Spray+1","Poisoned Stab+1","Dagger Throw","Sucker Punch","Masterful Stab","Underhanded Strike","Backflip+1","Corpse Explosion+1","CurseOfTheBell","Tactician+1","Noxious Fumes","Terror+1","Footwork+1","Dodge and Roll+1","Tools of the Trade+1","PiercingWail+1","Cloak And Dagger+1","Deflect+1","Dodge and Roll+1","Burst+1","Dark Shackles+1","Dark Shackles+1","Panacea+1","Apotheosis+1","Blade Dance+1","Well Laid Plans+1","Bullet Time+1"],"relics":["Black Star","Regal Pillow","Whetstone","CaptainsWheel","Ninja Scroll","Sundial","Tiny Chest","Bag of Preparation","Toxic Egg 2","Question Card","Calling Bell","Art of War","Blue Candle","Ginger","TwistedFunnel","Du-Vu Doll","Paper Crane","Oddly Smooth Stone","Pear","MealTicket","Prayer Wheel","War Paint","Snake Skull","Omamori","Bottled Lightning","WristBlade","Bottled Tornado","Bronze Scales","FossilizedHelix","White Beast Statue","The Courier","Pen Nib","Centennial Puzzle","Anchor","Bag of Marbles","Ornamental Fan","StoneCalendar"],"acts_visited":["Exordium","TheCity","TheBeyond","TheEnding"],"potions_floor_usage":[6,8,13,16,24,27,40,54,55,55,55],"damage_taken":[{"damage":4,"enemies":"Small Slimes","floor":1,"turns":4},{"damage":9,"enemies":"Cultist","floor":2,"turns":5},{"damage":1,"enemies":"Jaw Worm","floor":3,"turns":4},{"damage":16,"enemies":"Gremlin Nob","floor":6,"turns":3},{"damage":8,"enemies":"Lots of Slimes","floor":7,"turns":3},{"damage":7,"enemies":"3 Sentries","floor":8,"turns":7},{"damage":12,"enemies":"Gremlin Nob","floor":10,"turns":3},{"damage":8,"enemies":"Exordium Thugs","floor":11,"turns":2},{"damage":0,"enemies":"Large Slime","floor":13,"turns":3},{"damage":33,"enemies":"Hexaghost","floor":16,"turns":12},{"damage":17,"enemies":"2 Thieves","floor":18,"turns":4},{"damage":7,"enemies":"Shell Parasite","floor":21,"turns":3},{"damage":7,"enemies":"Slavers","floor":24,"turns":2},{"damage":0,"enemies":"Book of Stabbing","floor":27,"turns":4},{"damage":2,"enemies":"Sentry and Sphere","floor":29,"turns":4},{"damage":26,"enemies":"Slavers","floor":31,"turns":3},{"damage":36,"enemies":"Collector","floor":33,"turns":8},{"damage":0,"enemies":"Orb Walker","floor":35,"turns":2},{"damage":14,"enemies":"3 Darklings","floor":36,"turns":4},{"damage":0,"enemies":"4 Shapes","floor":38,"turns":4},{"damage":4,"enemies":"Reptomancer","floor":40,"turns":4},{"damage":0,"enemies":"Nemesis","floor":42,"turns":5},{"damage":0,"enemies":"Reptomancer","floor":44,"turns":7},{"damage":0,"enemies":"Sphere and 2 Shapes","floor":45,"turns":3},{"damage":29,"enemies":"Time Eater","floor":50,"turns":12},{"damage":20,"enemies":"Shield and Spear","floor":54,"turns":2},{"damage":16,"enemies":"The Heart","floor":55,"turns":9}],"seed_played":"-3420578636615056389","potions_obtained":[{"floor":3,"key":"GhostInAJar"},{"floor":5,"key":"Fire Potion"},{"floor":8,"key":"CunningPotion"},{"floor":11,"key":"CunningPotion"},{"floor":13,"key":"Fire Potion"},{"floor":16,"key":"Dexterity Potion"},{"floor":24,"key":"CunningPotion"},{"floor":29,"key":"Weak Potion"},{"floor":36,"key":"Explosive Potion"},{"floor":44,"key":"SpeedPotion"},{"floor":54,"key":"SteroidPotion"}],"is_trial":false,"path_per_floor":["M","M","M","$","?","E","M","E","T","E","M","?","M","T","R","B",null,"M","$","T","M","?","R","E","?","T","E","T","M","R","E","R","B",null,"M","M","?","M","$","E","?","E","T","E","M","T","T","$","R","B",null,"R","$","E","B",null],"character_chosen":"THE_SILENT","items_purchased":["Dagger Throw","CunningPotion","TwistedFunnel","Noxious Fumes","Bottled Tornado","Dark Shackles+1","Bullet Time+1"],"campfire_rested":3,"item_purchase_floors":[4,4,19,19,39,39,48],"current_hp_per_floor":[66,57,56,56,56,40,32,25,25,13,5,5,5,5,41,8,70,53,53,53,46,46,70,63,73,73,73,73,71,71,45,80,44,80,80,66,66,66,76,72,62,62,62,62,62,62,62,76,76,47,76,76,76,56,40],"gold":70,"neow_bonus":"BOSS_RELIC","is_daily":false,"chose_seed":false,"campfire_upgraded":2,"win_rate":0.0,"timestamp":1608531558,"path_taken":["M","M","M","$","?","E","?","E","T","E","?","?","?","?","R","BOSS","M","$","?","M","?","R","E","?","T","E","?","M","R","E","R","BOSS","M","M","?","M","$","E","?","E","T","E","M","?","?","$","R","BOSS","R","$","E","BOSS"],"items_purchased_type":["Card","Potion","Relic","Card","Relic","Card","Card"],"build_version":"2020-12-13","purchased_purges":1,"victory":true,"max_hp_per_floor":[70,70,70,70,70,70,70,70,70,70,70,70,70,70,70,70,70,70,70,70,70,70,70,70,80,80,80,80,80,80,80,80,80,80,80,80,76,76,76,76,76,76,76,76,76,76,76,76,76,76,76,76,76,76,76],"relic_stats":{"Regal Pillow":29,"counters":[27,126],"Blue Candle":[1],"StoneCalendar":[52],"Snake Skull":[92],"Pen Nib":[6],"Bag of Preparation":[40],"Whetstone":["Dagger Spray","Poisoned Stab"],"Ginger":[11],"War Paint":["Defend_G","Defend_G"],"Question Card":25,"Centennial Puzzle":[9],"Sundial":[6],"Ornamental Fan":[20],"Bronze Scales":[191],"Tiny Chest":3,"MealTicket":24,"Prayer Wheel":5,"Black Star":10,"Art of War":[9],"obtain_stats":[{"TwistedFunnel":19,"Regal Pillow":6,"StoneCalendar":54,"Snake Skull":28,"Bag of Preparation":10,"Whetstone":6,"Ginger":17,"Bottled Tornado":39,"Centennial Puzzle":44,"WristBlade":34,"Ninja Scroll":8,"Sundial":9,"Tiny Chest":10,"MealTicket":26,"Prayer Wheel":27,"Toxic Egg 2":12,"Ring of the Snake":0,"Pear":25,"Blue Candle":17,"Oddly Smooth Stone":24,"The Courier":42,"Pen Nib":44,"Omamori":31,"Paper Crane":24,"War Paint":27,"Question Card":14,"White Beast Statue":42,"Calling Bell":17,"Du-Vu Doll":20,"CaptainsWheel":8,"Anchor":46,"Ornamental Fan":54,"Bronze Scales":40,"Black Star":0,"Art of War":17,"Bag of Marbles":47,"Bottled Lightning":31,"FossilizedHelix":40},{"TwistedFunnel":11,"Regal Pillow":4,"StoneCalendar":26,"Snake Skull":14,"Bag of Preparation":7,"Whetstone":4,"Ginger":10,"Bottled Tornado":20,"Centennial Puzzle":23,"WristBlade":17,"Ninja Scroll":6,"Sundial":6,"Tiny Chest":7,"MealTicket":13,"Prayer Wheel":14,"Toxic Egg 2":8,"Ring of the Snake":0,"Pear":13,"Blue Candle":10,"Oddly Smooth Stone":13,"The Courier":22,"Pen Nib":23,"Omamori":16,"Paper Crane":13,"War Paint":14,"Question Card":9,"White Beast Statue":22,"Calling Bell":10,"Du-Vu Doll":11,"CaptainsWheel":6,"Anchor":24,"Ornamental Fan":26,"Bronze Scales":21,"Black Star":0,"Art of War":10,"Bag of Marbles":24,"Bottled Lightning":16,"FossilizedHelix":21},{"TwistedFunnel":50,"Regal Pillow":16,"StoneCalendar":117,"Snake Skull":59,"Bag of Preparation":29,"Whetstone":16,"Ginger":46,"Bottled Tornado":84,"Centennial Puzzle":100,"WristBlade":74,"Ninja Scroll":26,"Sundial":26,"Tiny Chest":29,"MealTicket":55,"Prayer Wheel":59,"Toxic Egg 2":31,"Ring of the Snake":0,"Pear":55,"Blue Candle":46,"Oddly Smooth Stone":55,"The Courier":93,"Pen Nib":100,"Omamori":66,"Paper Crane":55,"War Paint":59,"Question Card":34,"White Beast Statue":93,"Calling Bell":46,"Du-Vu Doll":50,"CaptainsWheel":26,"Anchor":103,"Ornamental Fan":117,"Bronze Scales":88,"Black Star":0,"Art of War":46,"Bag of Marbles":103,"Bottled Lightning":66,"FossilizedHelix":88}]},"card_choices":[{"not_picked":["Deadly Poison","Quick Slash"],"picked":"Dagger Throw","floor":1},{"not_picked":["Flying Knee","Calculated Gamble"],"picked":"Dagger Spray","floor":2},{"not_picked":["Storm of Steel","PiercingWail"],"picked":"Poisoned Stab","floor":3},{"not_picked":["Dagger Spray","Outmaneuver","Tools of the Trade"],"picked":"SKIP","floor":6},{"not_picked":["Cloak And Dagger","Dodge and Roll"],"picked":"Sucker Punch","floor":7},{"not_picked":["Outmaneuver","Acrobatics","Dagger Throw"],"picked":"SKIP","floor":8},{"not_picked":["Calculated Gamble","Endless Agony"],"picked":"Masterful Stab","floor":10},{"not_picked":["Sucker Punch","Quick Slash"],"picked":"Underhanded Strike","floor":11},{"not_picked":["Calculated Gamble+1","Dagger Spray"],"picked":"Backflip+1","floor":13},{"not_picked":["Glass Knife","Die Die Die","After Image"],"picked":"Corpse Explosion+1","floor":16},{"not_picked":["PiercingWail+1","Bane+1","Backflip+1"],"picked":"Tactician+1","floor":18},{"not_picked":["Quick Slash+1","Noxious Fumes","Dash"],"picked":"Terror+1","floor":21},{"not_picked":["Flying Knee","Finisher","Reflex+1","Sucker Punch"],"picked":"SKIP","floor":24},{"not_picked":["Flying Knee+1","Envenom","Flechettes","Slice+1"],"picked":"SKIP","floor":27},{"not_picked":["Dodge and Roll+1","Footwork","Riddle With Holes+1","Noxious Fumes"],"picked":"SKIP","floor":29},{"not_picked":["Calculated Gamble+1","Deadly Poison+1","Poisoned Stab","All Out Attack"],"picked":"SKIP","floor":29},{"not_picked":["Dodge and Roll+1","Riddle With Holes+1","Noxious Fumes"],"picked":"Footwork","floor":29},{"not_picked":["Calculated Gamble+1","Deadly Poison+1","Poisoned Stab","All Out Attack"],"picked":"SKIP","floor":29},{"not_picked":["Reflex+1","Distraction+1","Terror+1"],"picked":"Dodge and Roll+1","floor":31},{"not_picked":["Glass Knife","After Image","Envenom"],"picked":"Tools of the Trade","floor":33},{"not_picked":["Expertise+1","Acrobatics+1","Poisoned Stab"],"picked":"PiercingWail+1","floor":35},{"not_picked":["Noxious Fumes+1","Calculated Gamble+1","Prepared+1"],"picked":"Cloak And Dagger+1","floor":35},{"not_picked":["All Out Attack","Dagger Spray+1","Riddle With Holes+1"],"picked":"Deflect+1","floor":36},{"not_picked":["Slice","PiercingWail+1","Deadly Poison+1","Underhanded Strike"],"picked":"SKIP","floor":36},{"not_picked":["Masterful Stab","Outmaneuver+1","Deflect+1"],"picked":"Dodge and Roll+1","floor":38},{"not_picked":["Riddle With Holes+1","Sucker Punch","Backflip+1"],"picked":"Burst+1","floor":38},{"not_picked":["Dagger Spray+1","Dagger Throw+1","Dodge and Roll+1","Tools of the Trade"],"picked":"SKIP","floor":40},{"not_picked":["Madness+1","Finesse+1","Secret Weapon+1"],"picked":"Dark Shackles+1","floor":41},{"not_picked":["Bandage Up+1","Jack Of All Trades+1","Dark Shackles+1"],"picked":"Panacea+1","floor":41},{"not_picked":["Chrysalis+1","Finesse+1","The Bomb+1"],"picked":"Apotheosis+1","floor":41},{"not_picked":["Endless Agony+1","Dodge and Roll+1","Flechettes+1","Finisher"],"picked":"SKIP","floor":42},{"not_picked":["Deadly Poison+1","Escape Plan+1","Terror+1"],"picked":"Blade Dance+1","floor":44},{"not_picked":["Crippling Poison+1","Sucker Punch+1","Slice"],"picked":"Well Laid Plans+1","floor":45},{"not_picked":["Infinite Blades+1","Quick Slash","Poisoned Stab+1","Flechettes+1"],"picked":"SKIP","floor":45},{"not_picked":["Calculated Gamble+1","Underhanded Strike","Dash+1","Dagger Spray+1"],"picked":"SKIP","floor":54}],"player_experience":112631,"relics_obtained":[{"floor":6,"key":"Regal Pillow"},{"floor":6,"key":"Whetstone"},{"floor":8,"key":"CaptainsWheel"},{"floor":8,"key":"Ninja Scroll"},{"floor":9,"key":"Sundial"},{"floor":10,"key":"Tiny Chest"},{"floor":10,"key":"Bag of Preparation"},{"floor":12,"key":"Toxic Egg 2"},{"floor":14,"key":"Question Card"},{"floor":17,"key":"Art of War"},{"floor":17,"key":"Blue Candle"},{"floor":17,"key":"Ginger"},{"floor":20,"key":"Du-Vu Doll"},{"floor":24,"key":"Paper Crane"},{"floor":24,"key":"Oddly Smooth Stone"},{"floor":26,"key":"MealTicket"},{"floor":27,"key":"Prayer Wheel"},{"floor":27,"key":"War Paint"},{"floor":28,"key":"Snake Skull"},{"floor":31,"key":"Omamori"},{"floor":31,"key":"Bottled Lightning"},{"floor":40,"key":"Bronze Scales"},{"floor":40,"key":"FossilizedHelix"},{"floor":42,"key":"White Beast Statue"},{"floor":42,"key":"The Courier"},{"floor":44,"key":"Pen Nib"},{"floor":44,"key":"Centennial Puzzle"},{"floor":46,"key":"Anchor"},{"floor":47,"key":"Bag of Marbles"},{"floor":54,"key":"Ornamental Fan"},{"floor":54,"key":"StoneCalendar"}],"event_choices":[{"damage_healed":0,"gold_gain":0,"player_choice":"Got Potions","damage_taken":0,"max_hp_gain":0,"max_hp_loss":0,"event_name":"Lab","floor":5,"gold_loss":0},{"damage_healed":0,"gold_gain":0,"player_choice":"Relic","damage_taken":0,"max_hp_gain":0,"max_hp_loss":0,"event_name":"Wheel of Change","floor":12,"gold_loss":0},{"damage_healed":0,"gold_gain":0,"player_choice":"Opened","damage_taken":0,"relics_obtained":["Pear"],"max_hp_gain":0,"max_hp_loss":0,"event_name":"The Mausoleum","floor":25,"gold_loss":0},{"damage_healed":0,"gold_gain":0,"player_choice":"Max HP","damage_taken":0,"max_hp_gain":0,"max_hp_loss":4,"event_name":"Winding Halls","floor":37,"gold_loss":0},{"damage_healed":0,"gold_gain":0,"player_choice":"Memory 3","damage_taken":10,"max_hp_gain":0,"max_hp_loss":0,"event_name":"SensoryStone","floor":41,"gold_loss":0}],"is_beta":false,"boss_relics":[{"not_picked":["SacredBark","Sozu"],"picked":"Calling Bell"},{"not_picked":["Snecko Eye","Velvet Choker"],"picked":"WristBlade"}],"items_purged_floors":[48],"is_endless":false,"potions_floor_spawned":[3,8,11,13,16,24,29,35,36,44,45,54],"ascension_level":4}}