{"host":"h5golg54dem4i27y","time":1608511328,"event":{"mods":["BaseMod","Colored Map","Colored Powertips","Minty Spire (QoL Compilation)","Replay The Spire","StSLib","SuperFastMode"],"gold_per_floor":[115,125,50,50,50,50,70,99,99,130,130,130,4,44,44,44,44],"floor_reached":16,"playtime":353,"items_purged":["Strike_G","Defend_G"],"score":180,"play_id":"da7a7eb0-af47-405a-9e43-cecf6dade4e9","local_time":"20201221094208","is_ascension_mode":true,"campfire_choices":[{"data":"All Out Attack","floor":6,"key":"SMITH"},{"floor":15,"key":"REST"}],"circlet_count":0,"master_deck":["AscendersBane","Strike_G","Strike_G","Strike_G","Defend_G","Defend_G","Defend_G","Defend_G","Survivor","Neutralize","Poisoned Stab","All Out Attack+1","Prepared","Reflex","Cloak And Dagger+1","Cloak And Dagger+1","Bouncing Flask+1"],"relics":["Ring of the Snake","NeowsBlessing","Bottled Lightning","Toxic Egg 2","Lantern","Golden Idol","Pet Ghost"],"acts_visited":["Exordium"],"potions_floor_usage":[8,10],"damage_taken":[{"damage":0,"enemies":"2 Louse","floor":1,"turns":1},{"damage":0,"enemies":"Cultist","floor":2,"turns":1},{"damage":0,"enemies":"Jaw Worm","floor":7,"turns":1},{"damage":12,"enemies":"3 Sentries","floor":8,"turns":6},{"damage":34,"enemies":"Lagavulin","floor":10,"turns":6},{"damage":11,"enemies":"3 Sentries","floor":14,"turns":6},{"damage":38,"enemies":"Fading Forest","floor":16,"turns":9}],"seed_played":"4346046977970515469","potions_obtained":[{"floor":1,"key":"Ancient Potion"},{"floor":5,"key":"Flashbang"},{"floor":5,"key":"AttackPotion"},{"floor":5,"key":"FearPotion"}],"is_trial":false,"path_per_floor":["M","M","$","?","?","R","M","E","T","E","?","?","$","E","R","B"],"character_chosen":"THE_SILENT","items_purchased":["Cloak And Dagger+1"],"campfire_rested":1,"item_purchase_floors":[13],"current_hp_per_floor":[63,63,63,68,68,68,68,56,56,22,15,15,15,4,24,0,0],"gold":44,"neow_bonus":"THREE_ENEMY_KILL","is_daily":false,"chose_seed":false,"campfire_upgraded":1,"win_rate":0.0,"timestamp":1608511328,"path_taken":["M","M","$","?","?","R","?","E","T","E","?","?","$","E","R","BOSS"],"items_purchased_type":["Card"],"build_version":"2020-12-13","purchased_purges":2,"victory":false,"max_hp_per_floor":[70,70,70,75,75,75,75,75,75,75,75,69,69,69,69,69,69],"card_choices":[{"not_picked":["Catalyst","Slice"],"picked":"Poisoned Stab","floor":1},{"not_picked":["Sucker Punch","Setup"],"picked":"All Out Attack","floor":2},{"not_picked":["Prepared","Concentrate","Finisher"],"picked":"SKIP","floor":7},{"not_picked":["Concentrate","Finisher"],"picked":"Prepared","floor":7},{"not_picked":["Malaise","Underhanded Strike"],"picked":"Reflex","floor":8},{"not_picked":["Dagger Throw","PiercingWail+1"],"picked":"Cloak And Dagger+1","floor":10},{"not_picked":["Distraction+1","Outmaneuver+1"],"picked":"Bouncing Flask+1","floor":14}],"player_experience":617376,"relics_obtained":[{"floor":8,"key":"Bottled Lightning"},{"floor":9,"key":"Toxic Egg 2"},{"floor":10,"key":"Lantern"},{"floor":14,"key":"Pet Ghost"}],"event_choices":[{"damage_healed":0,"gold_gain":0,"player_choice":"Donut","damage_taken":0,"max_hp_gain":5,"max_hp_loss":0,"event_name":"Big Fish","floor":4,"gold_loss":0},{"damage_healed":0,"gold_gain":0,"player_choice":"Got Potions","damage_taken":0,"max_hp_gain":0,"max_hp_loss":0,"event_name":"Lab","floor":5,"gold_loss":0},{"cards_removed":["Strike_G"],"damage_healed":0,"gold_gain":0,"player_choice":"Card Removal","damage_taken":7,"max_hp_gain":0,"max_hp_loss":0,"event_name":"Golden Wing","floor":11,"gold_loss":0},{"damage_healed":0,"gold_gain":0,"player_choice":"Lose Max HP","damage_taken":0,"relics_obtained":["Golden Idol"],"max_hp_gain":0,"max_hp_loss":6,"event_name":"Golden Idol","floor":12,"gold_loss":0}],"is_beta":false,"boss_relics":[],"items_purged_floors":[3,13],"is_endless":false,"potions_floor_spawned":[1,7],"killed_by":"Fading Forest","ascension_level":11}}