{"host":"a9gsz7kv8aebwp1f","time":1608543163,"event":{"mods":["AchievementEnabler","BaseMod","Minty Spire (QoL Compilation)"],"gold_per_floor":[111,131,131,144,155,155,155,155,226,242,252,272,222,222,222,326,326,340,358,273,285,7,7,26,26,50,60,85,185,213,226,226,226,226],"floor_reached":33,"playtime":1120,"items_purged":[],"score":419,"play_id":"f5bc359f-530c-40d9-bdf6-fac02e8b110d","local_time":"20201221183243","is_ascension_mode":true,"campfire_choices":[{"floor":6,"key":"REST"},{"data":"Flex","floor":8,"key":"SMITH"},{"data":"Inflame","floor":15,"key":"SMITH"},{"floor":23,"key":"REST"},{"floor":25,"key":"REST"},{"floor":32,"key":"REST"}],"circlet_count":0,"master_deck":["AscendersBane","Strike_R","Strike_R","Strike_R","Strike_R","Defend_R","Defend_R","Defend_R","Bash","Cleave","Flex+1","Bloodletting","Body Slam","Reaper","Inflame+1","Cleave","Flex","Impervious","Sword Boomerang","Perfected Strike+1","Wild Strike","Clothesline+1","Shrug It Off+1","Flex","Blood for Blood+1","Shrug It Off+1","Sword Boomerang","Sentinel+1"],"relics":["Black Blood","Dream Catcher","Nunchaku","Mercury Hourglass","Mummified Hand","MawBank","Torii","Toy Ornithopter","Vajra","Bird Faced Urn"],"acts_visited":["Exordium","TheCity"],"potions_floor_usage":[28,28],"damage_taken":[{"damage":15,"enemies":"Small Slimes","floor":1,"turns":3},{"damage":6,"enemies":"Cultist","floor":2,"turns":3},{"damage":7,"enemies":"Jaw Worm","floor":4,"turns":3},{"damage":15,"enemies":"2 Fungi Beasts","floor":5,"turns":3},{"damage":12,"enemies":"Looter","floor":10,"turns":3},{"damage":6,"enemies":"Exordium Thugs","floor":11,"turns":3},{"damage":18,"enemies":"Red Slaver","floor":12,"turns":3},{"damage":52,"enemies":"Slime Boss","floor":16,"turns":8},{"damage":30,"enemies":"Chosen","floor":18,"turns":5},{"damage":35,"enemies":"Shell Parasite","floor":19,"turns":4},{"damage":68,"enemies":"Centurion and Healer","floor":24,"turns":6},{"damage":24,"enemies":"Snake Plant","floor":27,"turns":3},{"damage":47,"enemies":"Book of Stabbing","floor":28,"turns":6},{"damage":31,"enemies":"Gremlin Leader","floor":30,"turns":6},{"damage":17,"enemies":"3 Cultists","floor":31,"turns":5},{"damage":87,"enemies":"Collector","floor":33,"turns":6}],"seed_played":"-3684201620733543032","potions_obtained":[{"floor":2,"key":"SkillPotion"},{"floor":4,"key":"BloodPotion"},{"floor":5,"key":"LiquidMemories"},{"floor":28,"key":"SteroidPotion"},{"floor":30,"key":"Ancient Potion"}],"is_trial":false,"path_per_floor":["M","M","?","M","M","R","?","R","T","M","M","M","?","T","R","B",null,"M","M","?","?","$","R","M","R","T","M","E","?","E","M","R","B"],"character_chosen":"IRONCLAD","items_purchased":["Torii"],"campfire_rested":4,"item_purchase_floors":[22],"current_hp_per_floor":[63,63,63,62,53,77,77,77,77,80,80,71,71,71,71,29,67,56,40,40,40,40,64,20,44,44,39,30,30,37,32,56,0,0],"gold":226,"neow_bonus":"RANDOM_COMMON_RELIC","is_daily":false,"chose_seed":false,"campfire_upgraded":2,"win_rate":0.0,"timestamp":1608543163,"path_taken":["M","M","?","?","?","R","?","R","T","M","M","M","?","?","R","BOSS","M","M","?","?","$","R","M","R","T","M","E","?","E","M","R","BOSS"],"items_purchased_type":["Relic"],"build_version":"2020-12-13","purchased_purges":0,"victory":false,"max_hp_per_floor":[80,80,80,80,80,80,80,80,80,80,80,80,80,80,80,80,80,80,80,80,80,80,80,80,80,80,80,80,80,80,80,80,80,80],"card_choices":[{"not_picked":["Warcry","Thunderclap"],"picked":"Cleave","floor":1},{"not_picked":["Dropkick","Thunderclap"],"picked":"Flex","floor":2},{"not_picked":["Intimidate","Clothesline"],"picked":"Bloodletting","floor":4},{"not_picked":["Iron Wave","Warcry"],"picked":"Body Slam","floor":5},{"not_picked":["Havoc","Ghostly Armor"],"picked":"Reaper","floor":6},{"not_picked":["Carnage","Dark Embrace"],"picked":"Inflame","floor":10},{"not_picked":["Reckless Charge","Twin Strike"],"picked":"Cleave","floor":11},{"not_picked":["Impervious","Wild Strike"],"picked":"Flex","floor":12},{"not_picked":["Feed","Immolate"],"picked":"Impervious","floor":16},{"not_picked":["Warcry+1","Cleave"],"picked":"Sword Boomerang","floor":18},{"not_picked":["Searing Blow","Headbutt+1"],"picked":"Perfected Strike+1","floor":19},{"not_picked":["Havoc+1","Clothesline"],"picked":"Wild Strike","floor":23},{"not_picked":["Body Slam","Sever Soul"],"picked":"Clothesline+1","floor":24},{"not_picked":["Body Slam","Wild Strike"],"picked":"Shrug It Off+1","floor":25},{"not_picked":["Thunderclap","Berserk"],"picked":"Flex","floor":27},{"not_picked":["Armaments","Warcry+1"],"picked":"Blood for Blood+1","floor":28},{"not_picked":["Immolate","Entrench"],"picked":"Shrug It Off+1","floor":30},{"not_picked":["Rupture","Thunderclap"],"picked":"Sword Boomerang","floor":31},{"not_picked":["Wild Strike","Whirlwind"],"picked":"Sentinel+1","floor":32}],"player_experience":442522,"relics_obtained":[{"floor":9,"key":"Mercury Hourglass"},{"floor":14,"key":"Mummified Hand"},{"floor":26,"key":"Toy Ornithopter"},{"floor":28,"key":"Vajra"},{"floor":30,"key":"Bird Faced Urn"}],"event_choices":[{"cards_removed":["Defend_R"],"damage_healed":0,"gold_gain":0,"player_choice":"Purged","damage_taken":0,"max_hp_gain":0,"max_hp_loss":0,"event_name":"Purifier","floor":3,"gold_loss":0},{"damage_healed":0,"gold_gain":0,"player_choice":"Searched \u00271\u0027 times","damage_taken":0,"relics_obtained":["Nunchaku"],"max_hp_gain":0,"max_hp_loss":0,"event_name":"Dead Adventurer","floor":7,"gold_loss":0},{"cards_removed":["Strike_R"],"damage_healed":0,"gold_gain":0,"player_choice":"Card Removal","damage_taken":0,"max_hp_gain":0,"max_hp_loss":0,"event_name":"The Cleric","floor":13,"gold_loss":50},{"damage_healed":0,"gold_gain":0,"player_choice":"Obtained Relic","damage_taken":0,"relics_obtained":["MawBank"],"max_hp_gain":0,"max_hp_loss":0,"event_name":"Addict","floor":20,"gold_loss":85},{"damage_healed":0,"gold_gain":0,"player_choice":"Ignored","damage_taken":0,"max_hp_gain":0,"max_hp_loss":0,"event_name":"Vampires","floor":21,"gold_loss":0},{"damage_healed":0,"gold_gain":100,"player_choice":"Pray","damage_taken":0,"max_hp_gain":0,"max_hp_loss":0,"event_name":"Golden Shrine","floor":29,"gold_loss":0}],"is_beta":false,"boss_relics":[{"not_picked":["Cursed Key","Fusion Hammer"],"picked":"Black Blood"}],"items_purged_floors":[],"is_endless":false,"potions_floor_spawned":[2,4,5,12,16,28,30,31],"killed_by":"Collector","ascension_level":10}}