{"host":"gdt3r9fmwl0zcuhi","time":1608592295,"event":{"mods":["Aspiration","BaseMod","Better Altar","Better Match","Better Note","Better Third Choice","Better Vampires","BetterRewards","Card Forge","ChefMod","Clockwork Mod","Conspire","Downfall","Energized Spire","Gremlin Mod","GungeonMod","Hermit","Highlight Path","Hubris","Jedi Mod","Mimic Mod","Minty Spire (QoL Compilation)","Permanent Neow","Potionbrewer","Relic Sorter","Replay The Spire","Shedinja","Shop Mod","Spicy Shops","Spikes Relics","Spire Birthday Party","StSLib","Thieving Mod","Unceasing Turn Reminder","everything is the same but u backflip on backflip","slay the spire mod where everything is the same but ironclad has a cowboy hat","themimic","vexMod"],"gold_per_floor":[116,30,46,46,58,58,72,100,139,156,156,156,167,180,180,275,275,295,311,322,336,354,387,387,406,479,479,491,503,520,536,536,637,637,657,15,15,25,57,57,82,98,167,185,197,229,48,81,81,81],"floor_reached":51,"playtime":4342,"items_purged":[],"score":869,"play_id":"7ecc0d33-9077-421c-aba8-9e3d650370ca","local_time":"20201221181135","daily_mods":["SealedDeck","Specialized","Time Dilation","downfall:ExchangeController","Binary"],"is_ascension_mode":false,"campfire_choices":[{"data":"champ:Encircle","floor":6.0,"key":"SMITH"},{"data":"Pot Of Greed","floor":12.0,"key":"SMITH"},{"data":"expansioncontent:DefensiveStance","floor":32.0,"key":"SMITH"},{"data":"champ:HeavySlash","floor":40.0,"key":"SMITH"},{"data":"ReplayTheSpireMod:Tripwire","floor":49,"key":"SMITH"}],"circlet_count":0,"master_deck":["champ:CalledShot","champ:CalledShot+1","champ:GutPunch+1","champ:Lariat+1","champ:Encircle+1","champ:BringItOn+1","champ:Encircle+1","champ:CalledShot","champ:BerserkerStyle","champ:RageSigil","champ:Control","expansioncontent:DefensiveStance+1","Pot Of Greed+1","champ:HeavySlash+1","A Thousand Cuts","ReplayTheSpireMod:Tripwire+1","Phantasmal Killer+1","Genetic Algorithm","PlatinumSkin"],"relics":["champ:ChampionCrown","Hammer of Thor","Seething Fire","Anvil of the Gods","Busted Crown","downfall:NeowBlessing_Player","jedi:maincommand","Bag of Preparation","SnailShell","aspiration:FutureDiary","jedi:battlestandard","SlaversCollar","Unceasing Top","Mummified Hand","Sozu","MerchantsRug","hubris:MedicalManual","jedi:heavyjacket","DemoMod:GlassGuonStoneRelic","Centennial Puzzle","hubris:TinFlute","hubris:CrystalStatue","LugNut","Nunchaku"],"acts_visited":["Exordium","TheCity","TheBeyond"],"potions_floor_usage":[],"damage_taken":[{"damage":24.0,"enemies":"conspire:RoseBush","floor":1.0,"turns":3.0},{"damage":8.0,"enemies":"Cultist","floor":3.0,"turns":3.0},{"damage":6.0,"enemies":"Small Slimes","floor":5.0,"turns":1.0},{"damage":11.0,"enemies":"Exordium Wildlife","floor":7.0,"turns":3.0},{"damage":48.0,"enemies":"Lagavulin","floor":8.0,"turns":5.0},{"damage":27.0,"enemies":"Looter","floor":9.0,"turns":3.0},{"damage":18.0,"enemies":"Looter","floor":10.0,"turns":2.0},{"damage":17.0,"enemies":"Large Slime","floor":13.0,"turns":3.0},{"damage":23.0,"enemies":"conspire:2 RoseBushes","floor":14.0,"turns":2.0},{"damage":35.0,"enemies":"Slime Boss","floor":16.0,"turns":5.0},{"damage":46.0,"enemies":"Shell Parasite","floor":18.0,"turns":4.0},{"damage":63.0,"enemies":"3 Byrds","floor":19.0,"turns":4.0},{"damage":18.0,"enemies":"Centurion and Healer","floor":20.0,"turns":2.0},{"damage":23.0,"enemies":"Snecko","floor":21.0,"turns":3.0},{"damage":51.0,"enemies":"conspire:HollyBat","floor":22.0,"turns":6.0},{"damage":15.0,"enemies":"conspire:SneckoGhost","floor":23.0,"turns":2.0},{"damage":29.0,"enemies":"Shelled Parasite and Fungi","floor":25.0,"turns":3.0},{"damage":19.0,"enemies":"Centurion and Healer","floor":28.0,"turns":2.0},{"damage":47.0,"enemies":"3 Cultists","floor":29.0,"turns":3.0},{"damage":45.0,"enemies":"Cultist and Chosen","floor":30.0,"turns":3.0},{"damage":19.0,"enemies":"Sentry and Sphere","floor":31.0,"turns":3.0},{"damage":60.0,"enemies":"Champ","floor":33.0,"turns":5.0},{"damage":29.0,"enemies":"3 Shapes","floor":35.0,"turns":3.0},{"damage":11.0,"enemies":"Orb Walker","floor":38.0,"turns":2.0},{"damage":38.0,"enemies":"conspire:MimicChest","floor":39.0,"turns":3.0},{"damage":39.0,"enemies":"Reptomancer","floor":41.0,"turns":3.0},{"damage":14.0,"enemies":"Spire Growth","floor":42.0,"turns":1.0},{"damage":34.0,"enemies":"Sphere and 2 Shapes","floor":44.0,"turns":2.0},{"damage":100.0,"enemies":"Transient","floor":45.0,"turns":4.0},{"damage":22.0,"enemies":"Nemesis","floor":46.0,"turns":1.0},{"damage":46.0,"enemies":"R_Hoarder","floor":48.0,"turns":4.0},{"damage":39,"enemies":"Replay:Hell Engine","floor":50,"turns":3}],"seed_played":"1587143428189465170","potions_obtained":[{"floor":3.0,"key":"champ:CounterPotion"},{"floor":7.0,"key":"Elixir"},{"floor":10.0,"key":"potionbrewer:ToxicPotion"},{"floor":14.0,"key":"Explosive Potion"},{"floor":16.0,"key":"SmokeBomb"},{"floor":18.0,"key":"ColorlessPotion"},{"floor":20.0,"key":"PowerPotion"},{"floor":22.0,"key":"potionbrewer:DiscountPotion"},{"floor":23.0,"key":"potionbrewer:InfectionPotion"},{"floor":28.0,"key":"BlessingOfTheForge"},{"floor":30.0,"key":"Dexterity Potion"},{"floor":33.0,"key":"potionbrewer:AcidPotion"}],"is_trial":true,"path_per_floor":["M","$","M","?","M","R","M","E","MIM","M","?","R","M","M","R","B",null,"M","M","M","M","M","E","?","M","T","?","M","M","M","M","R","B",null,"M","$","?","M","?","R","E","M","T","M","M","E","$","E","R","B",null],"character_chosen":"THE_CHAMP","items_purchased":["expansioncontent:DefensiveStance","MerchantsRug","jedi:command_rare","jedi:command_uncommon","jedi:command_common","jedi:command_shop","PlatinumSkin","jedi:command_uncommon"],"campfire_rested":0,"item_purchase_floors":[2,36,36,36,36,36,47,47],"current_hp_per_floor":[174,174,174,174,174,174,174,168,168,168,168,168,168,161,161,161,290,276,238,235,235,223,223,148,148,148,148,147,147,147,147,147,147,390,390,390,390,390,390,390,390,390,390,390,390,390,390,390,390,390],"gold":81,"neow_bonus":"","is_daily":false,"chose_seed":false,"campfire_upgraded":5,"win_rate":0.0,"timestamp":1608592295,"path_taken":["M","$","M","?","?","R","M","E","MIM","M","?","R","?","M","R","BOSS","M","M","M","M","M","E","?","M","T","?","M","M","M","M","R","BOSS","M","$","?","M","?","R","E","M","T","M","M","E","?","E","R","BOSS"],"items_purchased_type":["Card","Relic","Relic","Relic","Relic","Relic","Card","Relic"],"build_version":"2020-12-13","purchased_purges":0,"victory":true,"max_hp_per_floor":[190,190,190,190,190,190,190,190,190,190,190,190,190,190,190,190,290,290,290,290,290,290,290,290,290,290,290,290,290,290,290,290,290,390,390,390,390,390,390,390,390,390,390,390,390,390,390,390,390,390],"card_choices":[],"player_experience":5528834,"relics_obtained":[{"floor":8.0,"key":"jedi:command_common"},{"floor":9.0,"key":"jedi:command_common"},{"floor":23.0,"key":"jedi:command_common"},{"floor":26.0,"key":"jedi:command_uncommon"},{"floor":39.0,"key":"jedi:command_common"},{"floor":41.0,"key":"jedi:command_common"},{"floor":43.0,"key":"jedi:command_uncommon"},{"floor":46.0,"key":"jedi:command_uncommon"},{"floor":48.0,"key":"jedi:command_common"}],"event_choices":[{"cards_removed":["champ:CalledShot"],"damage_healed":0.0,"max_hp_gain":0.0,"max_hp_loss":0.0,"gold_gain":0.0,"event_name":"WeMeetAgain","player_choice":"Gave Card","floor":4.0,"gold_loss":0.0,"damage_taken":0.0,"relics_obtained":["jedi:command_common"]},{"damage_healed":0.0,"max_hp_gain":0.0,"max_hp_loss":0.0,"gold_gain":0.0,"cards_transformed":["champ:CalledShot"],"event_name":"Transmorgrifier","player_choice":"Transformed","floor":11.0,"gold_loss":0.0,"damage_taken":0.0,"cards_obtained":["champ:HeavySlash"]},{"cards_removed":["Pot Of Greed"],"damage_healed":0.0,"max_hp_gain":0.0,"max_hp_loss":0.0,"gold_gain":0.0,"event_name":"betterNote:BetterNote","player_choice":"Take \u0026 Give","floor":27.0,"gold_loss":0.0,"damage_taken":0.0,"cards_obtained":["Genetic Algorithm"]}],"is_beta":false,"boss_relics":[{"not_picked":["jedi:command_boss","jedi:command_boss"],"picked":"jedi:command_boss"},{"not_picked":["energizedSpire:NeverEndingSparkler","energizedSpire:EnergizedDie"],"picked":"aspiration:FutureDiary"},{"not_picked":["conspire:SeveredTorchhead","Ectoplasm"],"picked":"jedi:battlestandard"},{"not_picked":["Snecko Heart","aspiration:RitualDagger"],"picked":"SlaversCollar"},{"not_picked":["hubris:HollowSoul","sneckomod:SneckoTalon"],"picked":"hubris:Backtick"},{"not_picked":["jedi:command_boss","jedi:command_boss"],"picked":"jedi:command_boss"}],"items_purged_floors":[],"is_endless":false,"potions_floor_spawned":[3,7,10,14,16,18,20,22,23,28,30,33,39,41,44],"ascension_level":0}}