{"host":"pznoee1ygrmkiojf","time":1608530744,"event":{"mods":["BaseMod","Duelist Mod","Friendly Minions","GifTheSpireLib","Hermit","Kiyohime????","KomeijiMod","Marisa????????","Minty Spire (QoL Compilation)","Prisma Mod","Quick Restart","Reimu??????","Replay The Spire","StSLib","The Cursed","The Jungle","The Mystic","The Wild Card","Waifu the Spire","egg","slay the spire mod where everything is the same but ironclad has a cowboy hat"],"gold_per_floor":[118,156,178,25,47,47,82,82,107,146,71,81,105,105,105,216,216,238,258,238,83,83,83],"floor_reached":22,"playtime":1377,"items_purged":[],"score":217,"play_id":"8437e805-612d-4524-b438-4680bf03c699","local_time":"20201220230544","is_ascension_mode":false,"campfire_choices":[{"data":"hermit:CursedWeapon","floor":6,"key":"SMITH"},{"data":"hermit:Scavenge","floor":8,"key":"SMITH"},{"floor":15,"key":"REST"}],"circlet_count":0,"master_deck":["hermit:Strike_Hermit","hermit:Strike_Hermit","hermit:Strike_Hermit","hermit:Strike_Hermit","hermit:Defend_Hermit","hermit:Defend_Hermit","hermit:Defend_Hermit","hermit:Defend_Hermit","hermit:Snapshot","hermit:Covet","hermit:Brawl","hermit:Scavenge+1","hermit:TakeCover","hermit:GoldenBullet+1","hermit:ShadowCloak","hermit:CursedWeapon+1","hermit:LoneWolf","hermit:Grudge","hermit:Ricochet","hermit:Deadeye","hermit:Headshot","hermit:Vantage","hermit:Gambit","hermit:Midnight+1","hermit:GoldenBullet+1"],"relics":["hermit:Momento","Orichalcum","Toy Ornithopter","Blue Candle","Odd Mushroom","Black Star","DollysMirror"],"acts_visited":["Exordium","TheCity"],"potions_floor_usage":[7,7,16,22],"damage_taken":[{"damage":9,"enemies":"Small Slimes","floor":1,"turns":6},{"damage":0,"enemies":"2 Louse","floor":3,"turns":3},{"damage":13,"enemies":"Cultist","floor":5,"turns":4},{"damage":2,"enemies":"Lagavulin","floor":7,"turns":7},{"damage":10,"enemies":"3 Sentries","floor":10,"turns":13},{"damage":2,"enemies":"Exordium Wildlife","floor":12,"turns":2},{"damage":14,"enemies":"The Mushroom Lair","floor":13,"turns":4},{"damage":4,"enemies":"Fading Forest","floor":16,"turns":11},{"damage":43,"enemies":"3 Byrds","floor":18,"turns":6},{"damage":19,"enemies":"Spheric Guardian","floor":19,"turns":4},{"damage":20,"enemies":"Snake Plant","floor":22,"turns":2}],"seed_played":"2445970724792868126","potions_obtained":[{"floor":1,"key":"Weak Potion"},{"floor":2,"key":"Fire Potion"},{"floor":2,"key":"Weak Potion"},{"floor":16,"key":"CultistPotion"},{"floor":18,"key":"Adrenaline Potion"},{"floor":20,"key":"LiquidBronze"}],"is_trial":false,"path_per_floor":["M","?","M","$","M","R","E","R","T","E","$","M","?","?","R","B",null,"M","M","?","$","M"],"character_chosen":"HERMIT","items_purchased":["hermit:ShadowCloak","hermit:CursedWeapon","hermit:Deadeye","DollysMirror"],"campfire_rested":1,"item_purchase_floors":[4,4,11,21],"current_hp_per_floor":[66,66,66,66,53,53,51,51,51,41,41,39,25,25,47,48,75,32,13,13,13,0,0],"gold":83,"neow_bonus":"THREE_CARDS","is_daily":false,"chose_seed":false,"campfire_upgraded":2,"win_rate":0.0,"timestamp":1608530744,"path_taken":["M","?","M","?","M","R","E","R","T","E","$","?","?","?","R","BOSS","M","M","?","?","?"],"items_purchased_type":["Card","Card","Card","Relic"],"build_version":"2020-12-13","purchased_purges":0,"victory":false,"max_hp_per_floor":[75,75,75,75,75,75,75,75,75,75,75,75,75,75,75,75,75,75,75,75,75,75,75],"card_choices":[{"not_picked":["hermit:Roulette","hermit:WideOpen"],"picked":"hermit:Brawl","floor":0},{"not_picked":["hermit:FullyLoaded","hermit:Determination"],"picked":"hermit:Scavenge","floor":1},{"not_picked":["hermit:Malice","hermit:Brawl"],"picked":"hermit:TakeCover","floor":2},{"not_picked":["hermit:Misfire","hermit:BodyArmor"],"picked":"hermit:GoldenBullet","floor":3},{"not_picked":["hermit:Snipe","hermit:FlashPowder"],"picked":"hermit:LoneWolf","floor":5},{"not_picked":["hermit:Cheat","hermit:Combo"],"picked":"hermit:Grudge","floor":7},{"not_picked":["hermit:TrackingShot","hermit:Roulette"],"picked":"hermit:Ricochet","floor":10},{"not_picked":["hermit:TrackingShot","hermit:Manifest"],"picked":"hermit:Headshot","floor":12},{"not_picked":["hermit:NoHoldsBarred","hermit:WideOpen"],"picked":"hermit:Vantage","floor":13},{"not_picked":["hermit:BlackWind","hermit:Adapt"],"picked":"hermit:Gambit","floor":16},{"not_picked":["hermit:TrackingShot","hermit:NoHoldsBarred","hermit:Gestalt"],"picked":"SKIP","floor":18},{"not_picked":["hermit:WideOpen+1","hermit:Brawl"],"picked":"hermit:Midnight+1","floor":19}],"player_experience":1429138,"relics_obtained":[{"floor":7,"key":"Orichalcum"},{"floor":9,"key":"Toy Ornithopter"},{"floor":10,"key":"Blue Candle"},{"floor":13,"key":"Odd Mushroom"}],"event_choices":[{"damage_healed":0,"gold_gain":0,"player_choice":"Fought Mushrooms","damage_taken":0,"max_hp_gain":0,"max_hp_loss":0,"event_name":"Mushrooms","floor":13,"gold_loss":0},{"damage_healed":0,"gold_gain":0,"player_choice":"Grow","damage_taken":0,"max_hp_gain":0,"max_hp_loss":0,"event_name":"Living Wall","floor":14,"gold_loss":0,"cards_upgraded":["hermit:GoldenBullet"]},{"damage_healed":0,"gold_gain":0,"player_choice":"Bought 1 Potion","damage_taken":0,"max_hp_gain":0,"max_hp_loss":0,"event_name":"The Woman in Blue","floor":20,"gold_loss":0}],"is_beta":false,"boss_relics":[{"not_picked":["Replay:Drink Me","Busted Crown"],"picked":"Black Star"}],"items_purged_floors":[],"is_endless":false,"potions_floor_spawned":[1,16,18],"killed_by":"Snake Plant","ascension_level":0}}