{"host":"4qkvkh7pd9qr2mca","time":1608566705,"event":{"mods":["AchievementEnabler","BaseMod","Colored Map","Colored Powertips","Highlight Path","Minty Spire (QoL Compilation)","Permanent Neow","Quick Restart","StSLib","SuperFastMode"],"gold_per_floor":[111,111,131,150,169,197,197,197,197],"floor_reached":8,"playtime":257,"items_purged":[],"score":116,"play_id":"eccd60b3-ad11-42b0-ae2b-2e918cd537d7","local_time":"20201221170505","is_ascension_mode":true,"campfire_choices":[{"floor":7,"key":"REST"}],"circlet_count":0,"master_deck":["AscendersBane","Strike_G","Strike_G","Strike_G","Strike_G","Defend_G","Defend_G","Defend_G","Defend_G","Defend_G","Survivor","Neutralize","Dagger Spray","Choke","Calculated Gamble","PiercingWail"],"relics":["HoveringKite","Singing Bowl"],"acts_visited":["Exordium"],"potions_floor_usage":[],"damage_taken":[{"damage":0,"enemies":"Small Slimes","floor":1,"turns":4},{"damage":1,"enemies":"Cultist","floor":3,"turns":4},{"damage":4,"enemies":"Jaw Worm","floor":4,"turns":5},{"damage":5,"enemies":"Blue Slaver","floor":5,"turns":4},{"damage":37,"enemies":"3 Sentries","floor":6,"turns":13},{"damage":0,"enemies":"Gremlin Nob","floor":8,"turns":1}],"seed_played":"-6916973818695560079","potions_obtained":[{"floor":6,"key":"CunningPotion"}],"is_trial":false,"path_per_floor":["M","?","M","M","M","E","R","E"],"character_chosen":"THE_SILENT","items_purchased":[],"campfire_rested":1,"item_purchase_floors":[],"current_hp_per_floor":[59,59,58,54,49,12,31,31,31],"gold":197,"neow_bonus":"BOSS_RELIC","is_daily":false,"chose_seed":false,"campfire_upgraded":0,"win_rate":0.0,"timestamp":1608566705,"path_taken":["M","?","M","M","M","E","R","E"],"items_purchased_type":[],"build_version":"2020-12-13","purchased_purges":0,"victory":false,"max_hp_per_floor":[66,66,66,66,66,66,66,66,66],"card_choices":[{"not_picked":["Cloak And Dagger","Accuracy"],"picked":"Dagger Spray","floor":1},{"not_picked":["Flying Knee","Outmaneuver","Bane"],"picked":"SKIP","floor":3},{"not_picked":["Slice","Calculated Gamble"],"picked":"Choke","floor":4},{"not_picked":["Deadly Poison","Prepared"],"picked":"Calculated Gamble","floor":5},{"not_picked":["Caltrops","Poisoned Stab"],"picked":"PiercingWail","floor":6}],"player_experience":475052,"relics_obtained":[{"floor":6,"key":"Singing Bowl"}],"event_choices":[{"cards_removed":["Strike_G"],"damage_healed":0,"gold_gain":0,"player_choice":"Purged","damage_taken":0,"max_hp_gain":0,"max_hp_loss":0,"event_name":"Purifier","floor":2,"gold_loss":0}],"is_beta":false,"boss_relics":[],"items_purged_floors":[],"is_endless":false,"potions_floor_spawned":[6],"killed_by":"Gremlin Nob","ascension_level":20}}