{"host":"axbb6sj12fvt0d3b","time":1608518710,"event":{"mods":["AchievementEnabler","Bard","BaseMod","Better Altar","Better Match","Better Note","Better Sensory Stone","Better Skull","Better Third Choice","BetterRewards","Colored Map","Conspire","Downfall","Hermit","Highlight Path","Hubris","Infinite Spire","Mimic Mod","Minty Spire (QoL Compilation)","Replay The Spire","Shop Mod","Spicy Shops","StSLib","The Cursed","The Jungle","The Runesmith","The Sage"],"gold_per_floor":[211,181,199,12,12,12,12,24,24,44,44,44,62,62,74,94,94,196,196,208,208,208,223,223,223],"floor_reached":24,"playtime":2529,"items_purged":[],"score":188,"play_id":"1bcfa3d9-cf21-4463-8a7b-061e96c72932","local_time":"20201220204510","is_ascension_mode":false,"campfire_choices":[{"data":"Runesmith:CraftFirestone","floor":6,"key":"SMITH"},{"floor":14,"key":"REST"},{"floor":17,"key":"REST"}],"circlet_count":0,"master_deck":["Runesmith:Strike_RS","Runesmith:Strike_RS","Runesmith:Strike_RS","Runesmith:Strike_RS","Runesmith:Defend_RS","Runesmith:Defend_RS","Runesmith:Defend_RS","Runesmith:Defend_RS","Runesmith:CraftFirestone+1","Runesmith:Fortify+1","Runesmith:EnergizedChisel","Runesmith:Repurpose","Runesmith:BackupBattery+1","Runesmith:PerfectChisel","Runesmith:Grindstone","Runesmith:CraftMagma","Runesmith:HeatExchange","Runesmith:CraftMedicinae","Runesmith:Terraform","Runesmith:Repurpose+1"],"relics":["Runesmith:BrokenRuby","Runesmith:EmergencyProvisions","infinitespire:Satchel","hubris:HollowSoul"],"acts_visited":["Exordium","TheCity"],"potions_floor_usage":[3,10,13,20,23,23,24],"damage_taken":[{"damage":3,"enemies":"Small Slimes","floor":1,"turns":5},{"damage":1,"enemies":"Cultist","floor":3,"turns":5},{"damage":1,"enemies":"2 Louse","floor":8,"turns":3},{"damage":0,"enemies":"Large Slime","floor":10,"turns":5},{"damage":5,"enemies":"Gremlin Gang","floor":13,"turns":9},{"damage":4,"enemies":"3 Louse","floor":15,"turns":4},{"damage":5,"enemies":"Looter","floor":16,"turns":4},{"damage":23,"enemies":"Slime Boss","floor":18,"turns":8},{"damage":6,"enemies":"Chosen","floor":20,"turns":7},{"damage":7,"enemies":"Shell Parasite","floor":23,"turns":7},{"damage":49,"enemies":"Cultist and Chosen","floor":24,"turns":6}],"seed_played":"-3989437822715576880","potions_obtained":[{"floor":1,"key":"Venom Potion"},{"floor":2,"key":"Milkshake"},{"floor":2,"key":"GamblersBrew"},{"floor":8,"key":"Swift Potion"},{"floor":10,"key":"SpeedPotion"},{"floor":22,"key":"LiquidMemories"},{"floor":22,"key":"SkillPotion"},{"floor":22,"key":"Languid Potion"}],"is_trial":false,"path_per_floor":["M","?","M","$","?","R","$","M","T","M","PTL","PTL","M","R","M","M","R","B",null,"M","?","?","M","M"],"character_chosen":"RUNESMITH_CLASS","items_purchased":["Runesmith:BackupBattery+1","Runesmith:EmergencyProvisions"],"campfire_rested":2,"item_purchase_floors":[4,4],"current_hp_per_floor":[67,67,66,66,66,66,66,65,65,65,65,65,60,70,66,61,70,47,70,64,69,69,62,13,13],"gold":223,"neow_bonus":"HUNDRED_GOLD","is_daily":false,"chose_seed":false,"campfire_upgraded":1,"win_rate":0.0,"timestamp":1608518710,"path_taken":["M","?","?","?","?","R","$","?","T","M","PTL","PTL","M","R","M","M","R","BOSS","M","?","?","M","M"],"items_purchased_type":["Card","Relic"],"build_version":"2020-12-13","purchased_purges":0,"victory":false,"max_hp_per_floor":[70,70,70,70,70,70,70,70,70,70,70,70,70,70,70,70,70,70,70,70,70,70,70,70,70],"card_choices":[{"not_picked":["Runesmith:CraftMagma","Runesmith:Overpower"],"picked":"Runesmith:EnergizedChisel","floor":1},{"not_picked":["Runesmith:HammerAndChisel","Runesmith:HammerTime"],"picked":"Runesmith:Repurpose","floor":3},{"not_picked":["Runesmith:HeatedChisel","Runesmith:EnergizedChisel"],"picked":"Runesmith:PerfectChisel","floor":8},{"not_picked":["Runesmith:Superposition","Runesmith:Electrocute"],"picked":"Runesmith:Grindstone","floor":10},{"not_picked":["Runesmith:Accelerate","Runesmith:CreatorForm"],"picked":"Runesmith:CraftMagma","floor":13},{"not_picked":["Runesmith:FrozenChisel","Runesmith:HammerThrow"],"picked":"Runesmith:RuneHurl","floor":15},{"not_picked":["Runesmith:Repurpose","Runesmith:ShiftingStrike"],"picked":"Runesmith:HeatExchange","floor":16},{"not_picked":["Runesmith:Supernova","Runesmith:LastStand"],"picked":"Runesmith:CraftMedicinae","floor":18},{"not_picked":["Runesmith:NegativeSpace","Runesmith:CraftProtectio+1"],"picked":"Runesmith:Terraform","floor":20},{"not_picked":["Runesmith:ChargedHammer","Runesmith:Electrocute"],"picked":"Runesmith:Repurpose+1","floor":23}],"player_experience":96841,"relics_obtained":[{"floor":9,"key":"infinitespire:Satchel"}],"event_choices":[{"damage_healed":0,"gold_gain":0,"player_choice":"Bought 2 Potions","damage_taken":0,"max_hp_gain":0,"max_hp_loss":0,"event_name":"The Woman in Blue","floor":2,"gold_loss":0},{"damage_healed":0,"gold_gain":0,"player_choice":"Upgraded","damage_taken":0,"max_hp_gain":0,"max_hp_loss":0,"event_name":"Upgrade Shrine","floor":5,"gold_loss":0,"cards_upgraded":["Runesmith:Fortify"]},{"cards_removed":["Runesmith:RuneHurl"],"damage_healed":5,"gold_gain":0,"player_choice":"Offered Common","damage_taken":0,"max_hp_gain":0,"max_hp_loss":0,"event_name":"Bonfire Elementals","floor":21,"gold_loss":0},{"cards_removed":["Runesmith:RuneHurl"],"damage_healed":5,"gold_gain":0,"player_choice":"Offered Special","damage_taken":0,"max_hp_gain":0,"max_hp_loss":0,"event_name":"Bonfire Elementals","floor":21,"gold_loss":0},{"damage_healed":0,"gold_gain":0,"player_choice":"Got Potions","damage_taken":0,"max_hp_gain":0,"max_hp_loss":0,"event_name":"Lab","floor":22,"gold_loss":0}],"is_beta":false,"boss_relics":[{"not_picked":["Replay:Drink Me","ReplayTheSpireMod:SealedPack"],"picked":"hubris:HollowSoul"}],"items_purged_floors":[],"is_endless":false,"potions_floor_spawned":[1,8,10],"killed_by":"Cultist and Chosen","ascension_level":0}}