{"host":"cijhj3091wf4aho3","time":1608520958,"event":{"mods":["BaseMod","Colored Map","Colored Powertips","Downfall","Friendly Minions","GifTheSpireLib","Highlight Path","Minty Spire (QoL Compilation)","Permanent Neow","Random Character Button","Relic Sorter","Relic Stats","StSLib","everything is the same but u backflip on backflip","slay the spire mod where everything is the same but ironclad has a cowboy hat"],"gold_per_floor":[99,114,39,24,55,55,101,135,135,135,151,171,189,99,112,216,216,216,251,261,279,279,279,279,310,310,235,249,242,252,252,270,370,370,370,398,413,428,96,96,96,21,55,55,105,116,130,1,17,17,17,45,45,45,45],"floor_reached":56,"playtime":2996,"items_purged":["champ:Strike","champ:RecklessLeap","champ:Haymaker"],"score":1877,"play_id":"5f381ddf-2641-4ceb-8c61-be357ff657cc","local_time":"20201220192238","is_ascension_mode":true,"campfire_choices":[{"floor":1,"key":"RECALL"},{"data":"champ:Execute","floor":3,"key":"SMITH"},{"data":"champ:Taunt","floor":6,"key":"SMITH"},{"data":"champ:GladiatorStyle","floor":10,"key":"SMITH"},{"data":"champ:Improvising","floor":18,"key":"SMITH"},{"data":"champ:FanOfKnives","floor":23,"key":"SMITH"},{"data":"champ:StanceDance","floor":27,"key":"SMITH"},{"floor":35,"key":"DIG"},{"floor":40,"key":"DIG"},{"floor":42,"key":"DIG"},{"floor":44,"key":"DIG"},{"floor":54,"key":"DIG"}],"circlet_count":0,"master_deck":["champ:Defend","champ:Defend","champ:Defend","champ:Execute+1","champ:Taunt+1","champ:Improvising+1","champ:GladiatorStyle+1","champ:FanOfKnives+1","champ:StanceDance+1","champ:FaceSlap+1","champ:PreciseThrust+1","champ:PerfectForm+1","champ:CheapShot+1","champ:ArenaPreparation","champ:Improvising+1","expansioncontent:SuperHexaguard"],"relics":["champ:ChampionCrown","CaptainsWheel","downfall:HeartBlessingRed","Lizard Tail","hexamod:BolsterEngine","PreservedInsect","Astrolabe","Anchor","Nilry\u0027s Codex","Darkstone Periapt","Ornamental Fan","downfall:HeartBlessingGreen","Membership Card","Shovel","Coffee Dripper","Vajra","Art of War","Gambling Chip","Lee\u0027s Waffle","Pear","downfall:HeartBlessingBlue","TungstenRod","Smiling Mask","Kunai","Guardian:GemstoneGun","HornCleat","Happy Flower","champ:SpectersHand"],"acts_visited":["Exordium","TheCity","TheBeyond","TheEnding"],"potions_floor_usage":[16,16,25,25,55,55],"damage_taken":[{"damage":6,"enemies":"Cultist","floor":2,"turns":3},{"damage":10,"enemies":"downfall:FleeingMerchant","floor":4,"turns":4},{"damage":10,"enemies":"Gremlin Nob","floor":5,"turns":4},{"damage":31,"enemies":"3 Sentries","floor":8,"turns":6},{"damage":0,"enemies":"2 Louse","floor":11,"turns":2},{"damage":16,"enemies":"Small Slimes","floor":12,"turns":2},{"damage":7,"enemies":"Exordium Thugs","floor":13,"turns":3},{"damage":7,"enemies":"downfall:FleeingMerchant","floor":14,"turns":4},{"damage":6,"enemies":"Blue Slaver","floor":15,"turns":3},{"damage":37,"enemies":"downfall:Defect","floor":16,"turns":5},{"damage":36,"enemies":"Slavers","floor":19,"turns":4},{"damage":15,"enemies":"Chosen","floor":20,"turns":3},{"damage":8,"enemies":"Snecko","floor":21,"turns":3},{"damage":0,"enemies":"Book of Stabbing","floor":25,"turns":2},{"damage":3,"enemies":"Chosen and Byrds","floor":28,"turns":2},{"damage":29,"enemies":"downfall:FleeingMerchant","floor":29,"turns":5},{"damage":14,"enemies":"Centurion and Healer","floor":30,"turns":3},{"damage":5,"enemies":"Cultist and Chosen","floor":32,"turns":3},{"damage":21,"enemies":"downfall:Watcher","floor":33,"turns":7},{"damage":22,"enemies":"Giant Head","floor":36,"turns":4},{"damage":9,"enemies":"3 Shapes","floor":37,"turns":3},{"damage":23,"enemies":"Orb Walker","floor":38,"turns":2},{"damage":24,"enemies":"Reptomancer","floor":43,"turns":3},{"damage":12,"enemies":"Mind Bloom Boss Battle","floor":45,"turns":4},{"damage":28,"enemies":"Sphere and 2 Shapes","floor":46,"turns":4},{"damage":10,"enemies":"Spire Growth","floor":47,"turns":3},{"damage":8,"enemies":"Maw","floor":49,"turns":4},{"damage":26,"enemies":"downfall:Silent","floor":50,"turns":4},{"damage":20,"enemies":"downfall:CharBossMerchant","floor":52,"turns":4},{"damage":62,"enemies":"downfall:NeowBoss","floor":55,"turns":17}],"seed_played":"-3917908197014252135","potions_obtained":[{"floor":5,"key":"CultistPotion"},{"floor":11,"key":"SkillPotion"},{"floor":13,"key":"SteroidPotion"},{"floor":15,"key":"Block Potion"},{"floor":16,"key":"Weak Potion"},{"floor":20,"key":"Swift Potion"},{"floor":30,"key":"Weak Potion"},{"floor":32,"key":"Dexterity Potion"},{"floor":37,"key":"Guardian:BlockOnCardUsePotion"},{"floor":49,"key":"champ:OpenerPotion"}],"is_trial":false,"path_per_floor":["R","M","R","$","E","R","T","E","?","R","M","M","M","$","M","B",null,"R","E","M","M","?","R","T","E","?","R","M","$","M","?","M","B",null,"R","E","M","M","?","R","T","R","E","R","?","M","M","$","M","B",null,"E","$","R","B",null],"character_chosen":"THE_CHAMP","items_purchased":["Membership Card","Shovel","Gambling Chip","Lee\u0027s Waffle","expansioncontent:SuperHexaguard","HornCleat"],"campfire_rested":0,"item_purchase_floors":[29,29,39,39,39,48],"current_hp_per_floor":[57,56,56,56,56,56,56,30,30,30,30,29,22,20,19,54,81,81,63,63,63,47,47,47,47,47,47,47,41,41,41,41,33,76,76,76,70,70,97,107,107,117,104,104,108,117,117,117,117,117,117,117,117,117,117],"gold":45,"neow_bonus":"ONE_RARE_RELIC","is_daily":false,"chose_seed":false,"campfire_upgraded":6,"win_rate":0.0,"timestamp":1608520958,"path_taken":["R","M","R","$","E","R","T","E","?","R","?","M","M","$","M","BOSS","R","E","M","M","?","R","T","E","?","R","?","$","M","?","M","BOSS","R","E","M","M","?","R","T","R","E","R","?","M","?","$","M","BOSS","E","$","R","BOSS"],"items_purchased_type":["Relic","Relic","Relic","Relic","Card","Relic"],"build_version":"2020-12-13","purchased_purges":3,"victory":true,"max_hp_per_floor":[90,90,90,90,90,90,90,90,90,90,90,90,90,90,90,90,90,90,90,90,90,90,90,90,90,90,90,90,90,90,90,90,90,90,90,90,90,90,97,107,107,117,117,117,117,117,117,117,117,117,117,117,117,117,117],"relic_stats":{"Darkstone Periapt":0,"Lee\u0027s Waffle":27,"Happy Flower":[5],"counters":[30,120],"Astrolabe":["champ:FaceSlap","champ:PreciseThrust","champ:PerfectForm"],"PreservedInsect":393,"Smiling Mask":0,"Lizard Tail":45,"Shovel":5,"Ornamental Fan":[160],"Gambling Chip":[18],"Art of War":[4],"Kunai":[24],"obtain_stats":[{"Darkstone Periapt":24,"Nilry\u0027s Codex":22,"Vajra":35,"champ:ChampionCrown":0,"downfall:HeartBlessingGreen":27,"Smiling Mask":43,"Lizard Tail":5,"Shovel":29,"HornCleat":48,"downfall:HeartBlessingBlue":42,"Gambling Chip":39,"Kunai":44,"Lee\u0027s Waffle":39,"Pear":40,"downfall:HeartBlessingRed":3,"Happy Flower":52,"Astrolabe":17,"Guardian:GemstoneGun":45,"PreservedInsect":8,"CaptainsWheel":0,"Anchor":19,"Ornamental Fan":25,"Coffee Dripper":34,"Art of War":36,"Membership Card":29,"hexamod:BolsterEngine":7,"TungstenRod":42,"champ:SpectersHand":54},{"Darkstone Periapt":13,"Nilry\u0027s Codex":13,"Vajra":19,"champ:ChampionCrown":0,"downfall:HeartBlessingGreen":14,"Smiling Mask":23,"Lizard Tail":3,"Shovel":16,"HornCleat":26,"downfall:HeartBlessingBlue":22,"Gambling Chip":22,"Kunai":23,"Lee\u0027s Waffle":22,"Pear":22,"downfall:HeartBlessingRed":1,"Happy Flower":29,"Astrolabe":10,"Guardian:GemstoneGun":24,"PreservedInsect":4,"CaptainsWheel":0,"Anchor":11,"Ornamental Fan":14,"Coffee Dripper":19,"Art of War":20,"Membership Card":16,"hexamod:BolsterEngine":3,"TungstenRod":22,"champ:SpectersHand":29},{"Darkstone Periapt":46,"Nilry\u0027s Codex":46,"Vajra":68,"champ:ChampionCrown":0,"downfall:HeartBlessingGreen":48,"Smiling Mask":80,"Lizard Tail":11,"Shovel":55,"HornCleat":91,"downfall:HeartBlessingBlue":77,"Gambling Chip":77,"Kunai":80,"Lee\u0027s Waffle":77,"Pear":77,"downfall:HeartBlessingRed":3,"Happy Flower":103,"Astrolabe":36,"Guardian:GemstoneGun":84,"PreservedInsect":17,"CaptainsWheel":0,"Anchor":40,"Ornamental Fan":48,"Coffee Dripper":68,"Art of War":72,"Membership Card":55,"hexamod:BolsterEngine":11,"TungstenRod":77,"champ:SpectersHand":103}],"TungstenRod":69},"card_choices":[{"not_picked":["champ:SwordSigil","champ:GladiatorsShout"],"picked":"champ:Haymaker","floor":2},{"not_picked":["champ:IronFortress","champ:TornadoPunch","champ:ShieldSigil"],"picked":"SKIP","floor":4},{"not_picked":["champ:VampiricStrike","champ:DefensiveShout"],"picked":"champ:Improvising","floor":5},{"not_picked":["champ:Backstep","champ:TornadoPunch"],"picked":"champ:GladiatorStyle","floor":8},{"not_picked":["champ:Circumvent","champ:RageSigil","champ:AdrenalArmor"],"picked":"SKIP","floor":11},{"not_picked":["champ:PerfectedStrike","champ:HeartStrike","champ:BladeFlurry"],"picked":"SKIP","floor":12},{"not_picked":["champ:TornadoPunch","champ:BerserkerStyle"],"picked":"champ:FanOfKnives","floor":13},{"not_picked":["champ:ViciousMockery","champ:FocusedDefense"],"picked":"champ:StanceDance","floor":14},{"not_picked":["champ:BerserkerStyle","champ:ShieldWall","champ:RageSigil"],"picked":"SKIP","floor":15},{"not_picked":["champ:HeartStrike","champ:FocusedDefense","champ:Backstep"],"picked":"SKIP","floor":19},{"not_picked":["champ:Haymaker+1","champ:EnragedBash+1","champ:HeartStrike+1"],"picked":"SKIP","floor":20},{"not_picked":["champ:Encircle+1","champ:EnragedBash","champ:ShieldSigil"],"picked":"SKIP","floor":21},{"not_picked":["champ:Balance","champ:DefensiveStyle"],"picked":"champ:CheapShot","floor":25},{"not_picked":["champ:EndlessRage","champ:BladeFlurry"],"picked":"champ:ArenaPreparation","floor":28},{"not_picked":["champ:Riposte+1","champ:FlashCut","champ:GladiatorsShout"],"picked":"SKIP","floor":29},{"not_picked":["champ:SkillfulDodge","champ:FocusedBerserking","champ:BerserkersShout"],"picked":"SKIP","floor":30},{"not_picked":["champ:GladiatorsShout","champ:Shatter","champ:FlashCut+1"],"picked":"SKIP","floor":32},{"not_picked":["champ:DeathBlow","champ:ShieldWall+1","champ:AdrenalArmor+1"],"picked":"SKIP","floor":36},{"not_picked":["champ:Duel","champ:GladiatorsShout+1","champ:FocusedDefense+1"],"picked":"SKIP","floor":37},{"not_picked":["champ:FlashCut","champ:BringItOn+1","champ:BerserkersShout+1"],"picked":"SKIP","floor":38},{"not_picked":["champ:FightOn","champ:ShieldThrow","champ:IronFortress"],"picked":"SKIP","floor":43},{"not_picked":["champ:GladiatorsShout","champ:BerserkersShout+1","champ:FaceSlap"],"picked":"SKIP","floor":46},{"not_picked":["champ:RageSigil","champ:FanOfKnives","champ:ShieldSigil+1"],"picked":"SKIP","floor":47},{"not_picked":["champ:PerfectedStrike+1","champ:Encircle","champ:RapidStrikes"],"picked":"SKIP","floor":49},{"not_picked":["champ:BerserkersShout","champ:BringItOn","champ:DefensiveShout+1"],"picked":"SKIP","floor":52}],"player_experience":454340,"relics_obtained":[{"floor":5,"key":"Lizard Tail"},{"floor":7,"key":"hexamod:BolsterEngine"},{"floor":8,"key":"PreservedInsect"},{"floor":19,"key":"Anchor"},{"floor":22,"key":"Nilry\u0027s Codex"},{"floor":24,"key":"Darkstone Periapt"},{"floor":25,"key":"Ornamental Fan"},{"floor":35,"key":"Vajra"},{"floor":36,"key":"Art of War"},{"floor":40,"key":"Pear"},{"floor":42,"key":"TungstenRod"},{"floor":43,"key":"Smiling Mask"},{"floor":44,"key":"Kunai"},{"floor":45,"key":"Guardian:GemstoneGun"},{"floor":52,"key":"Happy Flower"},{"floor":54,"key":"champ:SpectersHand"}],"event_choices":[{"damage_healed":0,"gold_gain":0,"cards_transformed":["champ:Strike"],"player_choice":"Transformed","damage_taken":0,"max_hp_gain":0,"max_hp_loss":0,"event_name":"Transmorgrifier","floor":9,"gold_loss":0,"cards_obtained":["champ:RecklessLeap"]},{"damage_healed":0,"gold_gain":0,"player_choice":"Upgraded","damage_taken":0,"max_hp_gain":0,"max_hp_loss":0,"event_name":"Upgrade Shrine","floor":26,"gold_loss":0,"cards_upgraded":["champ:CheapShot"]},{"damage_healed":0,"gold_gain":0,"player_choice":"Copied","damage_taken":0,"max_hp_gain":0,"max_hp_loss":0,"event_name":"Duplicator","floor":31,"gold_loss":0,"cards_obtained":["champ:Improvising"]}],"is_beta":false,"boss_relics":[{"not_picked":["Calling Bell","Snecko Eye"],"picked":"Astrolabe"},{"not_picked":["Pandora\u0027s Box","Black Star"],"picked":"Coffee Dripper"}],"items_purged_floors":[14,29,39],"is_endless":false,"potions_floor_spawned":[5,11,13,15,16,20,30,32,36,37,49],"ascension_level":6}}