{"host":"3rixevx6n8b56xaj","time":1608559042,"event":{"mods":["2.2 Compatiblity","AchievementEnabler","BaseMod","Better Third Choice","Colored Map","DeckTracker","Friendly Minions","Minty Spire (QoL Compilation)","StSLib","SuperFastMode"],"gold_per_floor":[116,134,24,43,56,88,88,11,11,22,36,54,54,54],"floor_reached":13,"playtime":367,"items_purged":["Strike_P"],"score":89,"play_id":"96917af7-fbb1-4299-880b-fac6018b76b9","local_time":"20201221225722","is_ascension_mode":false,"campfire_choices":[],"circlet_count":0,"master_deck":["Strike_P","Strike_P","Strike_P","Defend_P","Defend_P","Defend_P","Defend_P","Eruption+1","Vigilance","InnerPeace","Vengeance","TalkToTheHand","FlurryOfBlows","Adaptation","EmptyFist","CrushJoints"],"relics":["PureWater","Blood Vial","Akabeko","Nunchaku"],"acts_visited":["Exordium"],"potions_floor_usage":[],"damage_taken":[{"damage":1,"enemies":"Jaw Worm","floor":1,"turns":4},{"damage":0,"enemies":"Cultist","floor":2,"turns":3},{"damage":2,"enemies":"Small Slimes","floor":4,"turns":3},{"damage":5,"enemies":"Red Slaver","floor":5,"turns":4},{"damage":32,"enemies":"3 Sentries","floor":6,"turns":10},{"damage":12,"enemies":"Exordium Wildlife","floor":10,"turns":3},{"damage":0,"enemies":"Looter","floor":11,"turns":1},{"damage":0,"enemies":"Large Slime","floor":12,"turns":4},{"damage":21,"enemies":"Lagavulin","floor":13,"turns":4}],"seed_played":"-896834537340920377","potions_obtained":[{"floor":2,"key":"Block Potion"},{"floor":10,"key":"EntropicBrew"},{"floor":12,"key":"Energy Potion"}],"is_trial":false,"path_per_floor":["M","M","$","M","M","E","?","$","T","M","M","M","E"],"character_chosen":"WATCHER","items_purchased":["Vengeance","Adaptation"],"campfire_rested":0,"item_purchase_floors":[3,8],"current_hp_per_floor":[71,71,71,69,64,32,25,25,25,15,17,19,0,0],"gold":54,"neow_bonus":"UPGRADE_CARD","is_daily":false,"chose_seed":false,"campfire_upgraded":0,"win_rate":0.0,"timestamp":1608559042,"path_taken":["M","M","$","M","M","E","?","?","T","?","M","M","E"],"items_purchased_type":["Card","Card"],"build_version":"2020-12-13","purchased_purges":1,"victory":false,"max_hp_per_floor":[72,72,72,72,72,72,72,72,72,72,72,72,72,72],"card_choices":[{"not_picked":["SashWhip","Conclude"],"picked":"InnerPeace","floor":1},{"not_picked":["DeceiveReality","Prostrate","PathToVictory"],"picked":"SKIP","floor":2},{"not_picked":["ReachHeaven","SashWhip","ThirdEye"],"picked":"SKIP","floor":4},{"not_picked":["SashWhip","ClearTheMind"],"picked":"TalkToTheHand","floor":5},{"not_picked":["Indignation","CutThroughFate"],"picked":"FlurryOfBlows","floor":6},{"not_picked":["Wallop","ReachHeaven"],"picked":"EmptyFist","floor":10},{"not_picked":["FlyingSleeves","Consecrate"],"picked":"CrushJoints","floor":11},{"not_picked":["WreathOfFlame","Establishment","BowlingBash"],"picked":"SKIP","floor":12}],"player_experience":538471,"relics_obtained":[{"floor":6,"key":"Blood Vial"},{"floor":9,"key":"Nunchaku"}],"event_choices":[{"damage_healed":0,"gold_gain":0,"player_choice":"Relic ","damage_taken":7,"max_hp_gain":0,"max_hp_loss":0,"event_name":"betterThird:BetterScrap","floor":7,"gold_loss":0,"cards_obtained":["Sentinel"]}],"is_beta":false,"boss_relics":[],"items_purged_floors":[3],"is_endless":false,"potions_floor_spawned":[2,10,12],"killed_by":"Lagavulin","ascension_level":0}}