{"host":"m6aaltr68g9tvoay","time":1608592264,"event":{"mods":["AchievementEnabler","BaseMod","Colored Map","Minty Spire (QoL Compilation)","StSLib"],"gold_per_floor":[117,136,136,160,176,176,221,221,247,256,289,146,169,192,192,192,192],"floor_reached":16,"playtime":492,"items_purged":[],"score":207,"play_id":"d2047e08-2360-43d8-b0e1-ebd11a6d1e32","local_time":"20201221151104","is_ascension_mode":true,"campfire_choices":[{"floor":6,"key":"REST"},{"floor":8,"key":"REST"},{"floor":15,"key":"REST"}],"circlet_count":0,"master_deck":["AscendersBane","Strike_B","Strike_B","Strike_B","Defend_B","Defend_B","Defend_B","Defend_B","Zap+1","Dualcast","Streamline","Gash","Injury","Sweeping Beam","Self Repair","Fission","Rip and Tear","Self Repair","Rebound"],"relics":["Cracked Core","Golden Idol","CeramicFish","Happy Flower","MealTicket","DataDisk"],"acts_visited":["Exordium"],"potions_floor_usage":[5,11,14,16],"damage_taken":[{"damage":2,"enemies":"Cultist","floor":1,"turns":4},{"damage":0,"enemies":"2 Louse","floor":2,"turns":1},{"damage":5,"enemies":"Small Slimes","floor":4,"turns":3},{"damage":22,"enemies":"Exordium Thugs","floor":5,"turns":3},{"damage":30,"enemies":"3 Sentries","floor":7,"turns":7},{"damage":30,"enemies":"Lagavulin","floor":11,"turns":5},{"damage":18,"enemies":"Large Slime","floor":13,"turns":5},{"damage":14,"enemies":"2 Fungi Beasts","floor":14,"turns":4},{"damage":47,"enemies":"The Guardian","floor":16,"turns":8}],"seed_played":"-4004053322962062943","potions_obtained":[{"floor":2,"key":"LiquidMemories"},{"floor":4,"key":"AttackPotion"},{"floor":13,"key":"Weak Potion"},{"floor":14,"key":"AttackPotion"}],"is_trial":false,"path_per_floor":["M","M","?","M","M","R","E","R","T","?","E","?","M","M","R","B"],"character_chosen":"DEFECT","items_purchased":[],"campfire_rested":3,"item_purchase_floors":[],"current_hp_per_floor":[62,62,62,57,35,56,33,54,54,54,31,31,20,20,41,0,0],"gold":192,"neow_bonus":"UPGRADE_CARD","is_daily":false,"chose_seed":false,"campfire_upgraded":0,"win_rate":0.0,"timestamp":1608592264,"path_taken":["M","?","?","M","M","R","E","R","T","?","E","?","M","M","R","BOSS"],"items_purchased_type":[],"build_version":"2020-12-13","purchased_purges":0,"victory":false,"max_hp_per_floor":[71,71,71,71,71,71,71,71,71,71,71,71,71,71,71,71,71],"card_choices":[{"not_picked":["Beam Cell","Steam Power"],"picked":"Streamline","floor":1},{"not_picked":["Go for the Eyes","Skim"],"picked":"Gash","floor":2},{"not_picked":["Coolheaded","Steam"],"picked":"Sweeping Beam","floor":4},{"not_picked":["Stack","Compile Driver"],"picked":"Self Repair","floor":5},{"not_picked":["Turbo","Compile Driver"],"picked":"Fission","floor":7},{"not_picked":["Turbo","Stack","Streamline"],"picked":"SKIP","floor":11},{"not_picked":["Recycle","Steam Power"],"picked":"Self Repair","floor":13},{"not_picked":["Rip and Tear","Barrage"],"picked":"Rebound","floor":14}],"player_experience":1277072,"relics_obtained":[{"floor":7,"key":"CeramicFish"},{"floor":9,"key":"Happy Flower"},{"floor":11,"key":"MealTicket"}],"event_choices":[{"damage_healed":0,"gold_gain":0,"player_choice":"Take Wound","damage_taken":0,"relics_obtained":["Golden Idol"],"max_hp_gain":0,"max_hp_loss":0,"event_name":"Golden Idol","floor":3,"gold_loss":0,"cards_obtained":["Injury"]},{"damage_healed":0,"gold_gain":0,"cards_transformed":["Strike_B"],"player_choice":"Change","damage_taken":0,"max_hp_gain":0,"max_hp_loss":0,"event_name":"Living Wall","floor":10,"gold_loss":0,"cards_obtained":["Rip and Tear"]},{"damage_healed":0,"gold_gain":0,"player_choice":"Paid Gold","damage_taken":0,"relics_obtained":["DataDisk"],"max_hp_gain":0,"max_hp_loss":0,"event_name":"WeMeetAgain","floor":12,"gold_loss":143}],"is_beta":false,"boss_relics":[],"items_purged_floors":[],"is_endless":false,"potions_floor_spawned":[2,4,13,14],"killed_by":"The Guardian","ascension_level":17}}