{"host":"mt3nndg5ku536gxi","time":1608533065,"event":{"mods":["BaseMod","Challenge The Spire","Colored Powertips","Minty Spire (QoL Compilation)","StSLib"],"gold_per_floor":[556,288,323,351,376,376,89,89,89,89],"floor_reached":9,"playtime":451,"items_purged":["Strike_R","Strike_R","Strike_R"],"score":150,"play_id":"76d61a42-b32b-4875-8e99-3946edb2053c","local_time":"20201221144425","daily_mods":["challengethespire:Platinum Difficulty","challengethespire:Modded Elite Rush","Uncertain Future"],"is_ascension_mode":true,"campfire_choices":[{"data":"Dark Embrace","floor":8,"key":"SMITH"}],"circlet_count":0,"master_deck":["AscendersBane","Strike_R","Strike_R","Defend_R","Defend_R","Defend_R","Defend_R","Bash","Evolve","Second Wind","Dark Embrace+1","Shockwave","Havoc","Burning Pact","Strike_R"],"relics":["Burning Blood","Black Star","Sling","PreservedInsect","Frozen Egg 2","Ice Cream","MealTicket","Red Skull","Boot","Turnip","Philosopher\u0027s Stone","Oddly Smooth Stone"],"acts_visited":["Exordium"],"potions_floor_usage":[5],"damage_taken":[{"damage":25,"enemies":"3 Sentries","floor":3,"turns":10},{"damage":13,"enemies":"Lagavulin","floor":4,"turns":6},{"damage":19,"enemies":"Gremlin Nob","floor":5,"turns":4},{"damage":0,"enemies":"Book of Stabbing","floor":9,"turns":1}],"seed_played":"3935959741078690656","potions_obtained":[{"floor":4,"key":"SteroidPotion"},{"floor":5,"key":"SpeedPotion"}],"is_trial":true,"path_per_floor":["$","$","E","E","E","T","$","R","E"],"character_chosen":"IRONCLAD","items_purchased":["Evolve","Second Wind","Dark Embrace","Shockwave","BloodPotion","Oddly Smooth Stone"],"campfire_rested":0,"item_purchase_floors":[1,1,2,2,2,7],"current_hp_per_floor":[68,68,49,42,29,29,44,44,44,44],"gold":89,"neow_bonus":"","is_daily":false,"chose_seed":false,"campfire_upgraded":1,"win_rate":0.0,"timestamp":1608533065,"path_taken":["$","$","E","E","E","T","$","R","E"],"items_purchased_type":["Card","Card","Card","Card","Potion","Relic"],"build_version":"2020-12-13","purchased_purges":3,"victory":false,"max_hp_per_floor":[75,75,75,75,75,75,75,75,75,75],"card_choices":[],"player_experience":282691,"relics_obtained":[{"floor":3,"key":"Frozen Egg 2"},{"floor":3,"key":"Ice Cream"},{"floor":4,"key":"MealTicket"},{"floor":4,"key":"Red Skull"},{"floor":5,"key":"Boot"},{"floor":5,"key":"Turnip"}],"event_choices":[],"is_beta":false,"boss_relics":[{"not_picked":["Coffee Dripper","Black Blood"],"picked":"Philosopher\u0027s Stone"}],"items_purged_floors":[1,2,7],"is_endless":false,"potions_floor_spawned":[4,5],"killed_by":"Book of Stabbing","ascension_level":20}}