{"host":"m1rkaonj58i1iiux","time":1608565933,"event":{"mods":["BaseMod","CatGirl Mod","Colored Map","Friendly Minions","Highlight Path","Minty Spire (QoL Compilation)","Rare Cards Sparkle","StSLib"],"gold_per_floor":[115,135,85,95,95,95,125,151,197,207,207,53,53,71,71,171,171,161,211,227,227,237,237,250,260,307,331,87,87,87,87],"floor_reached":30,"playtime":1385,"items_purged":["theCatGirl:Strike","Pain"],"score":242,"play_id":"1c398f73-f663-468f-bbc5-e8eed44bd7c9","local_time":"20201222005213","is_ascension_mode":true,"campfire_choices":[{"data":"theCatGirl:BleedingWounds","floor":6,"key":"SMITH"},{"floor":11,"key":"REST"},{"data":"theCatGirl:PoiseStance","floor":15,"key":"SMITH"},{"data":"theCatGirl:AdventurersInsight","floor":23,"key":"SMITH"},{"data":"theCatGirl:Counterattack","floor":29,"key":"SMITH"}],"circlet_count":0,"master_deck":["theCatGirl:Strike","theCatGirl:Strike","theCatGirl:Defend","theCatGirl:Defend","theCatGirl:Defend","theCatGirl:Defend","theCatGirl:ClawStrike","theCatGirl:Evasion","theCatGirl:BleedingWounds+1","theCatGirl:ExtremeSpeed","theCatGirl:BloodBath","theCatGirl:ElegantStrike","theCatGirl:Growl","theCatGirl:PoiseStance+1","theCatGirl:Parry","theCatGirl:AdventurersInsight+1","theCatGirl:BloodScent+1","theCatGirl:Counterattack+1","theCatGirl:Slip","theCatGirl:ClawScratch+1","Regret"],"relics":["theCatGirl:TrainedRelic","Oddly Smooth Stone","FossilizedHelix","Centennial Puzzle","Cursed Key","HornCleat","Bag of Marbles","Dream Catcher","Vajra"],"acts_visited":["Exordium","TheCity"],"potions_floor_usage":[10,16,25],"damage_taken":[{"damage":0,"enemies":"Small Slimes","floor":1,"turns":5},{"damage":0,"enemies":"2 Louse","floor":2,"turns":3},{"damage":0,"enemies":"Jaw Worm","floor":4,"turns":5},{"damage":40,"enemies":"Gremlin Nob","floor":8,"turns":5},{"damage":6,"enemies":"3 Louse","floor":10,"turns":2},{"damage":10,"enemies":"Exordium Wildlife","floor":14,"turns":6},{"damage":43,"enemies":"Slime Boss","floor":16,"turns":14},{"damage":10,"enemies":"2 Thieves","floor":18,"turns":4},{"damage":4,"enemies":"3 Byrds","floor":20,"turns":5},{"damage":9,"enemies":"Shelled Parasite and Fungi","floor":22,"turns":7},{"damage":7,"enemies":"Snake Plant","floor":24,"turns":5},{"damage":0,"enemies":"3 Cultists","floor":25,"turns":6},{"damage":45,"enemies":"Cultist and Chosen","floor":30,"turns":5}],"seed_played":"8687066169930580632","potions_obtained":[{"floor":8,"key":"Energy Potion"},{"floor":14,"key":"FearPotion"},{"floor":16,"key":"CultistPotion"},{"floor":20,"key":"Swift Potion"}],"is_trial":false,"path_per_floor":["M","M","?","M","?","R","?","E","T","M","R","$","?","M","R","B",null,"M","?","M","?","M","R","M","M","T","T","$","R","M"],"character_chosen":"THE_CATGIRL","items_purchased":["theCatGirl:PoiseStance","Vajra"],"campfire_rested":1,"item_purchase_floors":[12,28],"current_hp_per_floor":[70,70,70,70,67,67,67,27,27,21,42,42,65,55,55,12,70,60,60,56,56,47,47,40,40,40,40,40,40,0,0],"gold":87,"neow_bonus":"ONE_RANDOM_RARE_CARD","is_daily":false,"chose_seed":false,"campfire_upgraded":4,"win_rate":0.0,"timestamp":1608565933,"path_taken":["M","M","?","M","?","R","?","E","T","?","R","$","?","M","R","BOSS","M","?","?","?","M","R","M","M","T","?","$","R","M"],"items_purchased_type":["Card","Relic"],"build_version":"2020-12-13","purchased_purges":2,"victory":false,"max_hp_per_floor":[70,70,70,70,70,70,70,70,70,70,70,70,70,70,70,70,70,70,70,70,70,70,70,70,70,70,70,70,70,70,70],"card_choices":[{"not_picked":["theCatGirl:EmergencyParry","theCatGirl:ChangeOfPlans","theCatGirl:Stalk"],"picked":"SKIP","floor":1},{"not_picked":["theCatGirl:RecoveryBlow","theCatGirl:RunningWithDaggers"],"picked":"theCatGirl:ExtremeSpeed","floor":2},{"not_picked":["theCatGirl:FumblingBlow","theCatGirl:RecoveryBlow"],"picked":"theCatGirl:BloodBath","floor":4},{"not_picked":["theCatGirl:Stalk","theCatGirl:DefensiveStance"],"picked":"theCatGirl:ElegantStrike","floor":8},{"not_picked":["theCatGirl:UnrelentingAssault","theCatGirl:Misfire"],"picked":"theCatGirl:Growl","floor":10},{"not_picked":["theCatGirl:Enrage","theCatGirl:ElegantStrike"],"picked":"theCatGirl:Parry","floor":14},{"not_picked":["theCatGirl:Enrage","theCatGirl:AngryForm"],"picked":"theCatGirl:AdventurersInsight","floor":16},{"not_picked":["theCatGirl:DefensiveStance","theCatGirl:Claws"],"picked":"theCatGirl:BloodScent+1","floor":18},{"not_picked":["theCatGirl:PlayAround","theCatGirl:EmergencyParry","theCatGirl:ChangeOfPlans"],"picked":"SKIP","floor":20},{"not_picked":["theCatGirl:Misfire","theCatGirl:ClawScratch"],"picked":"theCatGirl:Counterattack","floor":22},{"not_picked":["theCatGirl:ThatWasntIt","theCatGirl:LearnThePattern"],"picked":"theCatGirl:Slip","floor":24},{"not_picked":["theCatGirl:TrainWreck","theCatGirl:Claws"],"picked":"theCatGirl:ClawScratch+1","floor":25}],"player_experience":960150,"relics_obtained":[{"floor":8,"key":"FossilizedHelix"},{"floor":9,"key":"Centennial Puzzle"},{"floor":26,"key":"Bag of Marbles"},{"floor":27,"key":"Dream Catcher"}],"event_choices":[{"cards_removed":["theCatGirl:Strike"],"damage_healed":0,"gold_gain":0,"player_choice":"Card Removal","damage_taken":0,"max_hp_gain":0,"max_hp_loss":0,"event_name":"The Cleric","floor":3,"gold_loss":50},{"damage_healed":0,"gold_gain":0,"player_choice":"Success","damage_taken":3,"relics_obtained":["Oddly Smooth Stone"],"max_hp_gain":0,"max_hp_loss":0,"event_name":"Scrap Ooze","floor":5,"gold_loss":0},{"damage_healed":0,"gold_gain":30,"player_choice":"Searched \u00272\u0027 times","damage_taken":0,"max_hp_gain":0,"max_hp_loss":0,"event_name":"Dead Adventurer","floor":7,"gold_loss":0},{"damage_healed":23,"gold_gain":0,"player_choice":"Banana","damage_taken":0,"max_hp_gain":0,"max_hp_loss":0,"event_name":"Big Fish","floor":13,"gold_loss":0},{"damage_healed":0,"gold_gain":100,"player_choice":"Bet on Murderer","damage_taken":0,"max_hp_gain":0,"max_hp_loss":0,"event_name":"The Joust","floor":19,"gold_loss":50},{"damage_healed":0,"gold_gain":0,"player_choice":"Opened","damage_taken":0,"relics_obtained":["HornCleat"],"max_hp_gain":0,"max_hp_loss":0,"event_name":"The Mausoleum","floor":21,"gold_loss":0}],"is_beta":false,"boss_relics":[{"not_picked":["Calling Bell","Snecko Eye"],"picked":"Cursed Key"}],"items_purged_floors":[12,28],"is_endless":false,"potions_floor_spawned":[8,14,16,20],"killed_by":"Cultist and Chosen","ascension_level":1}}