{"host":"78zdngn0u28jm0pp","time":1608525095,"event":{"mods":["BaseMod","Jorbs\u0027s Wanderer Trilogy","Minty Spire (QoL Compilation)","Permanent Neow","Quick Restart","Relic Stats","StSLib","Unceasing Turn Reminder"],"gold_per_floor":[114,114,126,142,14,40,58,69,96,109,109,125,149,160,160,160,160],"floor_reached":16,"playtime":728,"items_purged":[],"score":212,"play_id":"ca9a9645-40b1-4aae-8f70-656087bb3447","local_time":"20201220213135","is_ascension_mode":true,"campfire_choices":[{"data":"Blade Dance","floor":11,"key":"SMITH"},{"floor":15,"key":"REST"}],"circlet_count":0,"master_deck":["AscendersBane","Strike_G","Strike_G","Strike_G","Strike_G","Defend_G","Defend_G","Defend_G","Defend_G","Defend_G","Survivor","Neutralize","Finisher","PiercingWail","Blade Dance+1","Noxious Fumes","All Out Attack","Burst","Deflect","Acrobatics","Slice","Terror"],"relics":["Ring of the Snake","Centennial Puzzle","Happy Flower","Smiling Mask","Odd Mushroom"],"acts_visited":["Exordium"],"potions_floor_usage":[3,6,7,13,16],"damage_taken":[{"damage":1,"enemies":"2 Louse","floor":1,"turns":3},{"damage":1,"enemies":"Cultist","floor":3,"turns":4},{"damage":2,"enemies":"Small Slimes","floor":4,"turns":5},{"damage":21,"enemies":"3 Sentries","floor":6,"turns":9},{"damage":0,"enemies":"Blue Slaver","floor":7,"turns":2},{"damage":0,"enemies":"Gremlin Gang","floor":8,"turns":2},{"damage":6,"enemies":"3 Louse","floor":10,"turns":2},{"damage":3,"enemies":"Blue Slaver","floor":12,"turns":4},{"damage":13,"enemies":"The Mushroom Lair","floor":13,"turns":3},{"damage":0,"enemies":"Exordium Thugs","floor":14,"turns":3},{"damage":21,"enemies":"Slime Boss","floor":16,"turns":6}],"seed_played":"-573055982181916376","potions_obtained":[{"floor":1,"key":"Explosive Potion"},{"floor":7,"key":"Fruit Juice"},{"floor":12,"key":"DistilledChaos"},{"floor":13,"key":"Dexterity Potion"}],"is_trial":false,"path_per_floor":["M","?","M","M","$","E","M","M","T","M","R","M","?","M","R","B"],"character_chosen":"THE_SILENT","items_purchased":["Noxious Fumes","SkillPotion"],"campfire_rested":1,"item_purchase_floors":[5,5],"current_hp_per_floor":[58,58,57,55,55,34,39,39,39,33,33,30,17,17,38,17,17],"gold":160,"neow_bonus":"RANDOM_COMMON_RELIC","is_daily":false,"chose_seed":false,"campfire_upgraded":1,"win_rate":0.0,"timestamp":1608525095,"path_taken":["M","?","M","M","$","E","M","M","T","M","R","?","?","M","R","BOSS"],"items_purchased_type":["Card","Potion"],"build_version":"2020-12-13","purchased_purges":0,"victory":false,"max_hp_per_floor":[66,66,66,66,66,66,71,71,71,71,71,71,71,71,71,71,71],"relic_stats":{"Centennial Puzzle":[24],"Happy Flower":[7],"counters":[11,43],"Smiling Mask":0,"obtain_stats":[{"Centennial Puzzle":0,"Happy Flower":6,"Odd Mushroom":13,"Smiling Mask":9,"Ring of the Snake":0},{"Centennial Puzzle":0,"Happy Flower":4,"Odd Mushroom":9,"Smiling Mask":6,"Ring of the Snake":0},{"Centennial Puzzle":0,"Happy Flower":21,"Odd Mushroom":34,"Smiling Mask":25,"Ring of the Snake":0}],"Ring of the Snake":[22]},"card_choices":[{"not_picked":["Choke","Backflip"],"picked":"Finisher","floor":1},{"not_picked":["Infinite Blades","Deadly Poison"],"picked":"PiercingWail","floor":3},{"not_picked":["Expertise","Blur"],"picked":"Blade Dance","floor":4},{"not_picked":["Backflip","Outmaneuver"],"picked":"All Out Attack","floor":6},{"not_picked":["Dagger Throw","Dagger Spray"],"picked":"Burst","floor":7},{"not_picked":["Deadly Poison","Quick Slash","Sucker Punch"],"picked":"SKIP","floor":8},{"not_picked":["Deadly Poison","Setup"],"picked":"Deflect","floor":10},{"not_picked":["Deflect","Deadly Poison"],"picked":"Acrobatics","floor":12},{"not_picked":["Sucker Punch","Finisher"],"picked":"Slice","floor":13},{"not_picked":["Blade Dance","Dagger Spray"],"picked":"Terror","floor":14}],"player_experience":660567,"relics_obtained":[{"floor":6,"key":"Happy Flower"},{"floor":9,"key":"Smiling Mask"},{"floor":13,"key":"Odd Mushroom"}],"event_choices":[{"cards_removed":["Strike_G"],"damage_healed":0,"gold_gain":0,"player_choice":"Purged","damage_taken":0,"max_hp_gain":0,"max_hp_loss":0,"event_name":"Purifier","floor":2,"gold_loss":0},{"damage_healed":0,"gold_gain":0,"player_choice":"Fought Mushrooms","damage_taken":0,"max_hp_gain":0,"max_hp_loss":0,"event_name":"Mushrooms","floor":13,"gold_loss":0}],"is_beta":false,"boss_relics":[],"items_purged_floors":[],"is_endless":false,"potions_floor_spawned":[1,7,12,13],"killed_by":"Slime Boss","ascension_level":20}}