{"host":"baymyijz6sxaqj5s","time":1608529516,"event":{"mods":["AchievementEnabler","BaseMod","Colored Map","Colored Powertips","DeckTracker","KOR Keyword Fix","Keyboard Shortcuts","Minty Spire (QoL Compilation)","StSLib","SuperFastMode"],"gold_per_floor":[113,126,145,159,172,172,198,209,209,244,116,116,116,116,116,219,219,230,245,344,354,8,8,8,34,34,34,34],"floor_reached":27,"playtime":966,"items_purged":["Strike_R","Strike_R"],"score":243,"play_id":"a621bad4-2915-4d0b-a6fd-ce37ee0ff9be","local_time":"20201221144516","is_ascension_mode":false,"campfire_choices":[{"data":"Power Through","floor":6,"key":"SMITH"},{"floor":12,"key":"REST"},{"floor":15,"key":"REST"},{"floor":23,"key":"REST"}],"circlet_count":0,"master_deck":["Strike_R","Strike_R","Strike_R","Defend_R","Defend_R","Defend_R","Defend_R+1","Bash","Power Through+1","Armaments","Sword Boomerang","Cleave+1","Heavy Blade","Shrug It Off","Pommel Strike","Body Slam","Demon Form","Twin Strike","Flame Barrier+1","Headbutt+1","Necronomicurse"],"relics":["Burning Blood","NeowsBlessing","Red Skull","Nunchaku","Anchor","Bag of Preparation","Toxic Egg 2","Necronomicon","Question Card","Omamori"],"acts_visited":["Exordium","TheCity"],"potions_floor_usage":[7,8,10,18,19,25],"damage_taken":[{"damage":0.0,"enemies":"2 Louse","floor":1.0,"turns":1.0},{"damage":0,"enemies":"Small Slimes","floor":2,"turns":1},{"damage":0,"enemies":"Jaw Worm","floor":3,"turns":1},{"damage":22,"enemies":"Looter","floor":4,"turns":4},{"damage":4,"enemies":"2 Fungi Beasts","floor":5,"turns":5},{"damage":63,"enemies":"Gremlin Nob","floor":7,"turns":7},{"damage":0,"enemies":"3 Louse","floor":8,"turns":2},{"damage":5,"enemies":"Lagavulin","floor":10,"turns":4},{"damage":26,"enemies":"Hexaghost","floor":16,"turns":14},{"damage":35,"enemies":"3 Byrds","floor":18,"turns":9},{"damage":5,"enemies":"Spheric Guardian","floor":19,"turns":4},{"damage":39,"enemies":"Snake Plant","floor":21,"turns":5},{"damage":22,"enemies":"Slavers","floor":25,"turns":6},{"damage":16,"enemies":"Book of Stabbing","floor":27,"turns":5}],"seed_played":"8262299409225505376","potions_obtained":[{"floor":5,"key":"Fire Potion"},{"floor":7,"key":"Energy Potion"},{"floor":8,"key":"AttackPotion"},{"floor":16,"key":"SpeedPotion"},{"floor":18,"key":"BlessingOfTheForge"},{"floor":21,"key":"Fire Potion"}],"is_trial":false,"path_per_floor":["M","M","M","M","M","R","E","M","T","E","$","R","?","?","R","B",null,"M","M","?","M","$","R","?","E","T","E"],"character_chosen":"IRONCLAD","items_purchased":["Body Slam","Toxic Egg 2"],"campfire_rested":3,"item_purchase_floors":[11,22],"current_hp_per_floor":[80,80,80,64,66,66,9,15,15,16,16,40,37,21,45,25,80,51,52,52,19,19,43,27,11,11,0,0],"gold":34,"neow_bonus":"THREE_ENEMY_KILL","is_daily":false,"chose_seed":false,"campfire_upgraded":1,"win_rate":0.0,"timestamp":1608529516,"path_taken":["M","M","M","M","M","R","E","M","T","E","$","R","?","?","R","BOSS","M","M","?","M","$","R","?","E","T","E"],"items_purchased_type":["Card","Relic"],"build_version":"2020-12-13","purchased_purges":2,"victory":false,"max_hp_per_floor":[80,80,80,80,80,80,80,80,80,80,80,80,80,80,80,80,80,80,80,80,80,80,80,80,80,80,80,80],"card_choices":[{"not_picked":["Flex","Sword Boomerang"],"picked":"Power Through","floor":1.0},{"not_picked":["Combust","Evolve","Metallicize"],"picked":"SKIP","floor":2},{"not_picked":["Twin Strike","Combust"],"picked":"Armaments","floor":3},{"not_picked":["Sentinel","Iron Wave"],"picked":"Sword Boomerang","floor":4},{"not_picked":["Iron Wave","True Grit"],"picked":"Cleave","floor":5},{"not_picked":["Cleave","Searing Blow"],"picked":"Heavy Blade","floor":7},{"not_picked":["Offering","Entrench"],"picked":"Shrug It Off","floor":8},{"not_picked":["Warcry","Infernal Blade"],"picked":"Pommel Strike","floor":10},{"not_picked":["Exhume","Immolate"],"picked":"Demon Form","floor":16},{"not_picked":["Shrug It Off","Shockwave+1"],"picked":"Twin Strike","floor":18},{"not_picked":["Cleave","Hemokinesis"],"picked":"Flame Barrier+1","floor":19},{"not_picked":["Warcry+1","Thunderclap"],"picked":"Headbutt+1","floor":21},{"not_picked":["Sword Boomerang","Headbutt+1","Warcry+1"],"picked":"SKIP","floor":25}],"player_experience":153543,"relics_obtained":[{"floor":7,"key":"Red Skull"},{"floor":9,"key":"Nunchaku"},{"floor":10,"key":"Anchor"},{"floor":24,"key":"Necronomicon"},{"floor":25,"key":"Question Card"},{"floor":26,"key":"Omamori"}],"event_choices":[{"damage_healed":0,"gold_gain":0,"player_choice":"Success","damage_taken":3,"relics_obtained":["Bag of Preparation"],"max_hp_gain":0,"max_hp_loss":0,"event_name":"Scrap Ooze","floor":13,"gold_loss":0},{"damage_healed":0,"gold_gain":0,"player_choice":"Entered Light","damage_taken":16,"max_hp_gain":0,"max_hp_loss":0,"event_name":"Shining Light","floor":14,"gold_loss":0,"cards_upgraded":["Defend_R","Cleave"]},{"damage_healed":0,"gold_gain":99,"player_choice":"Stole From Cult","damage_taken":0,"max_hp_gain":0,"max_hp_loss":0,"event_name":"Nest","floor":20,"gold_loss":0},{"damage_healed":0,"gold_gain":0,"player_choice":"Obtained Book","damage_taken":16,"max_hp_gain":0,"max_hp_loss":0,"event_name":"Cursed Tome","floor":24,"gold_loss":0}],"is_beta":false,"boss_relics":[{"not_picked":["Cursed Key","Mark of Pain","Snecko Eye"]}],"items_purged_floors":[11,22],"is_endless":false,"potions_floor_spawned":[5,7,8,16,18,21],"killed_by":"Book of Stabbing","ascension_level":0}}