{"host":"1kjtm8xyv0oaxkh6","time":1608569320,"event":{"mods":["2.2 Compatiblity","AchievementEnabler","Act Like it!","Aspiration","BaseMod","BetterRewards","Card Forge","Colored Map","Colored Powertips","Conspire","Downfall","Energized Spire","Friendly Minions","Gensokyo","GifTheSpireLib","Gremlin Mod","Halation","Highlight Path","Hubris","Hyrulean Relics","Minty Spire (QoL Compilation)","Permanent Neow","Quarter Circle Forward PUNCH!","Rare Cards Sparkle","RatMod","Relic Filter","Relic Sorter","Replay The Spire","Reworked Bosses","Spicy Shops","StSLib","Stuff the Spire","The Construct","The Cursed","The Jungle","The Mystic","The Necromancer","The Servant 0.9.4","TheHero","everything is the same but u backflip on backflip","vexMod"],"gold_per_floor":[0,19,0,0,14,39,113,1037,812,824,842,158,173,173,188,286,286,351,362,362,11,501,528,528,528,484,484,584,584,584,606,630,744,744,744,78,108,108,146,146,217,375,375,399,413,307,307,367,386,396,396,396],"floor_reached":50,"playtime":6640,"items_purged":["Parasite"],"score":661,"play_id":"3eac1ecd-d2d4-46c9-a2e4-13d5632396b3","local_time":"20201221164840","is_ascension_mode":false,"campfire_choices":[{"floor":1.0,"key":"RECALL"},{"data":"hexamod:Sear","floor":4.0,"key":"SMITH"},{"floor":9.0,"key":"REST"},{"data":"hexamod:EmpoweredFlame","floor":20.0,"key":"SMITH"},{"data":"hexamod:EmpoweredFlame+1","floor":35.0,"key":"SMITH"},{"data":"hexamod:EmpoweringStance+1","floor":40,"key":"SMITH"},{"data":"hexamod:EmpoweredFlame+2","floor":43,"key":"SMITH"}],"circlet_count":0,"master_deck":["hexamod:Strike+1","hexamod:Strike+1","hexamod:Strike+1","hexamod:Strike+1","hexamod:Defend+1","hexamod:Defend+1","hexamod:Defend+1","hexamod:Defend+1","hexamod:Sear+1","hexamod:Float","The Bomb","hexamod:SoulSteal","hexamod:InspiringFlames","hexamod:ShieldOfDarkness","hexamod:HauntingEcho+1","expansioncontent:DarkVoid+1","hexamod:HeatShield","hexamod:ThermalTransfer+1","hexamod:EmpoweredFlame+3","hexamod:RadiantFlame+1","hexamod:GhostOfSpirePresent","hexamod:FirstSeal","hexamod:EmpoweringStance+2","Replay:DivineShield+1","Doubt","hexamod:ThermalTransfer+1","hexamod:BacktrackSmack+1","hexamod:VolcanoVisage","hexamod:BurningTouch+1","Protect","hexamod:HeatCrush+1","hexamod:RainOfEmbers+1","DeceiveReality+1","hexamod:RainOfEmbers+1","hexamod:EmpoweringStance","hexamod:GhostflameInferno","hexamod:Firestarter+1","Replay:SS_forest_2","Replay:SS_hec_1","expansioncontent:DonusPower","hexamod:Incineration+1","hexamod:SpectersWail+1","WheelKick+1"],"relics":["hexamod:SpiritBrand","zeldaRelics:GreenHat","aspiration:WatcherSkillbook","Hammer of Thor","Seething Fire","Anvil of the Gods","Kunai","hubris:Potato","Juzu Bracelet","halation:Sosunser","Prayer Wheel","ReplayTheSpireMod:TigerMarble","Toolbox","downfall:HeartBlessingRed","downfall:HeartBlessingBlue","downfall:HeartBlessingGreen","Pet Ghost","Blood Vial","vexMod:PaidLearning","Tiny Chest","rat:KircheisShard","halation:BottledHappiness","StuffTheSpire:DarkSteelAnvil","conspire:TopHat","Bronze Scales","conspire:InfiniteJournal","StuffTheSpire:Gunfinga","Oddly Smooth Stone","halation:IllGainedPizza","Molten Egg 2","Nunchaku","hexamod:SoulConsumer","Letter Opener","Medical Kit","halation:BottledLove","conspire:DeflatedDodgeball","Honey Jar","Lantern","Vajra","qcfpunch:Broken_Tusk","Strange Spoon","Mercury Hourglass","halation:Toothbrush","vexMod:HeadHunter","Snack Pack","Pear","Meat on the Bone","aspiration:Nostalgia","Whetstone","Frozen Eye","TungstenRod","conspire:GiftBox","TheAbacus","Lizard Tail"],"acts_visited":["Gensokyo:Gensokyo","TheCity","TheBeyond"],"potions_floor_usage":[49,49,49],"damage_taken":[{"damage":10.0,"enemies":"Gensokyo:2_Kodama","floor":2.0,"turns":4.0},{"damage":1.0,"enemies":"Gensokyo:Python","floor":5.0,"turns":3.0},{"damage":18.0,"enemies":"Gensokyo:Aya","floor":6.0,"turns":4.0},{"damage":12.0,"enemies":"downfall:FleeingMerchant","floor":8.0,"turns":4.0},{"damage":7.0,"enemies":"Gensokyo:Gryphon","floor":10.0,"turns":5.0},{"damage":0.0,"enemies":"Gensokyo:LivingMonolith","floor":11.0,"turns":3.0},{"damage":15.0,"enemies":"downfall:FleeingMerchant","floor":12.0,"turns":4.0},{"damage":0.0,"enemies":"Gensokyo:Gryphon_and_Rabbit","floor":13.0,"turns":3.0},{"damage":2.0,"enemies":"Gensokyo:VengefulSpirit","floor":15.0,"turns":3.0},{"damage":17.0,"enemies":"downfall:Ironclad","floor":16.0,"turns":9.0},{"damage":37.0,"enemies":"Spheric Guardian","floor":19.0,"turns":6.0},{"damage":8.0,"enemies":"downfall:FleeingMerchant","floor":21.0,"turns":4.0},{"damage":7.0,"enemies":"downfall:FleeingMerchant","floor":22.0,"turns":4.0},{"damage":11.0,"enemies":"conspire:SneckoGhost","floor":23.0,"turns":9.0},{"damage":9.0,"enemies":"downfall:FleeingMerchant","floor":26.0,"turns":4.0},{"damage":0.0,"enemies":"Chosen","floor":31.0,"turns":4.0},{"damage":1.0,"enemies":"3 Cultists","floor":32.0,"turns":4.0},{"damage":65.0,"enemies":"downfall:Defect","floor":33.0,"turns":9.0},{"damage":0.0,"enemies":"downfall:FleeingMerchant","floor":36.0,"turns":1.0},{"damage":52,"enemies":"Reptomancer","floor":37,"turns":8},{"damage":22,"enemies":"R_Hoarder","floor":39,"turns":7},{"damage":7,"enemies":"3 Shapes","floor":44,"turns":7},{"damage":9,"enemies":"Orb Walker","floor":45,"turns":4},{"damage":8,"enemies":"Mind Bloom Boss Battle","floor":48,"turns":6},{"damage":84,"enemies":"Transient","floor":49,"turns":5},{"damage":47,"enemies":"downfall:Silent","floor":50,"turns":6}],"seed_played":"3353117778414627694","potions_obtained":[{"floor":5.0,"key":"EntropicBrew"},{"floor":6.0,"key":"LiquidBronze"},{"floor":10.0,"key":"Block Potion"},{"floor":13.0,"key":"CultistPotion"},{"floor":16.0,"key":"PowerPotion"},{"floor":23.0,"key":"Doom Potion"},{"floor":32.0,"key":"Venom Potion"},{"floor":44,"key":"Weak Potion"},{"floor":45,"key":"Fire Potion"}],"is_trial":false,"path_per_floor":["R_BF","M","?","R","M","E","T","$","R","M","M","$","M","?","M","B",null,"R_BF","M","R","$","$","E","T","?","$","T","?","?","?","M","M","B",null,"R","$","E","T","E","R","T","$","R","M","M","$","?","?","M","B"],"character_chosen":"THE_SPIRIT","items_purchased":["hubris:Potato","Juzu Bracelet","halation:Sosunser","Prayer Wheel","ReplayTheSpireMod:TigerMarble","Toolbox","expansioncontent:DarkVoid","Pet Ghost","Blood Vial","vexMod:PaidLearning","Tiny Chest","rat:KircheisShard","halation:BottledHappiness","StuffTheSpire:DarkSteelAnvil","conspire:TopHat","Bronze Scales","conspire:InfiniteJournal","StuffTheSpire:Gunfinga","Oddly Smooth Stone","Nunchaku","hexamod:SoulConsumer","Letter Opener","Medical Kit","halation:BottledLove","Lantern","Vajra","qcfpunch:Broken_Tusk","Strange Spoon","Mercury Hourglass","qcfpunch:Cattail","Pear","Meat on the Bone","aspiration:Nostalgia","hexamod:HeatCrush+1","BlessingOfTheForge","champ:CounterPotion","Whetstone","Frozen Eye","TungstenRod","conspire:GiftBox","TheAbacus","hexamod:Firestarter+1"],"campfire_rested":1,"item_purchase_floors":[8,8,8,8,8,8,8,12,12,12,12,12,21,21,21,22,22,22,22,26,26,26,26,26,36,36,36,36,36,36,42,42,42,42,42,42,46,46,46,46,46,46],"current_hp_per_floor":[70,60,69,69,68,50,50,38,72,65,65,50,52,52,52,37,80,80,50,50,51,46,37,37,37,30,30,30,56,56,65,66,10,80,80,77,25,25,22,22,22,32,33,48,50,51,43,52,31,0,0,0],"gold":396,"neow_bonus":"RANDOM_COLORLESS_2","is_daily":false,"chose_seed":false,"campfire_upgraded":5,"win_rate":0.0,"timestamp":1608569320,"path_taken":["R_BF","M","?","R","M","E","T","$","R","M","M","$","M","?","M","BOSS","R_BF","M","R","$","$","E","T","?","?","?","?","?","?","M","M","BOSS","R","$","E","?","E","R","T","$","R","M","M","$","?","?","M","BOSS"],"items_purchased_type":["Relic","Relic","Relic","Relic","Relic","Relic","Card","Relic","Relic","Relic","Relic","Relic","Relic","Relic","Relic","Relic","Relic","Relic","Relic","Relic","Relic","Relic","Relic","Relic","Relic","Relic","Relic","Relic","Relic","Relic","Relic","Relic","Relic","Card","Potion","Potion","Relic","Relic","Relic","Relic","Relic","Card"],"build_version":"2020-12-13","purchased_purges":1,"victory":false,"max_hp_per_floor":[70,70,70,70,70,70,70,70,80,80,80,80,80,80,80,80,80,80,80,80,80,80,80,80,80,80,80,80,80,80,80,80,80,80,80,77,77,77,77,77,77,87,88,89,90,91,92,93,94,95,95,95],"card_choices":[{"not_picked":["Thinking Ahead","ReplayUltimateDefense"],"picked":"The Bomb","floor":0.0},{"not_picked":["hexamod:InspiringFlames","hexamod:BurningTouch"],"picked":"hexamod:SoulSteal","floor":2.0},{"not_picked":["hexamod:GhostLash","hexamod:AdvancingGuard"],"picked":"hexamod:InspiringFlames","floor":5.0},{"not_picked":["hexamod:VolcanoVisage","hexamod:RecurringNightmare"],"picked":"hexamod:ShieldOfDarkness","floor":6.0},{"not_picked":["hexamod:RecurringNightmare","hexamod:InspiringFlames"],"picked":"hexamod:HauntingEcho","floor":8.0},{"not_picked":["hexamod:BacktrackSmack","hexamod:SpectralAdrenaline"],"picked":"hexamod:HeatShield","floor":10.0},{"not_picked":["hexamod:FourthSeal","hexamod:InspiringFlames"],"picked":"hexamod:ThermalTransfer","floor":10.0},{"not_picked":["hexamod:Hexaguard","hexamod:PhantomFireball"],"picked":"hexamod:EmpoweredFlame","floor":11.0},{"not_picked":["hexamod:SpectersWail","hexamod:FastForward","hexamod:Hexaguard"],"picked":"SKIP","floor":11.0},{"not_picked":["hexamod:CrushingStance","hexamod:RainOfEmbers"],"picked":"hexamod:RadiantFlame","floor":12.0},{"not_picked":["hexamod:SoulSteal","hexamod:ExtraCrispy"],"picked":"hexamod:GhostOfSpirePresent","floor":13.0},{"not_picked":["hexamod:NightmareGuise","hexamod:HeatShield","hexamod:Incineration"],"picked":"SKIP","floor":13.0},{"not_picked":["hexamod:NightmareGuise","hexamod:InspiringFlames"],"picked":"hexamod:FirstSeal","floor":15.0},{"not_picked":["hexamod:ShieldOfDarkness","hexamod:SpectralAdrenaline","hexamod:RainOfEmbers"],"picked":"SKIP","floor":15.0},{"not_picked":["hexamod:UnleashSpirits","hexamod:ParanormalForm"],"picked":"hexamod:EmpoweringStance","floor":16.0},{"not_picked":["hexamod:SwordOfDarkness","hexamod:FourthSeal","WheelKick"],"picked":"Replay:DivineShield+1","floor":19.0},{"not_picked":["hexamod:NightmareGuise","LikeWater","hexamod:Haunt","TalkToTheHand"],"picked":"SKIP","floor":19.0},{"not_picked":["FearNoEvil","Replay:AtTheReady","Consecrate","ThirdEye"],"picked":"SKIP","floor":21.0},{"not_picked":["Establishment","FollowUp","JustLucky","DevaForm"],"picked":"SKIP","floor":22.0},{"not_picked":["hexamod:HauntingEcho","ForeignInfluence+1","ClearTheMind","Pray+1"],"picked":"SKIP","floor":23.0},{"not_picked":["Brilliance+1","hexamod:GhostLash+1","CutThroughFate+1","hexamod:ThermalTransfer+1"],"picked":"SKIP","floor":26.0},{"not_picked":["hexamod:NightmareGuise+1","hexamod:PhantomFireball+1","ThirdEye+1"],"picked":"hexamod:ThermalTransfer+1","floor":31.0},{"not_picked":["Evaluate","FlyingSleeves+1","hexamod:EtherealExpedition","FlurryOfBlows+1"],"picked":"SKIP","floor":31.0},{"not_picked":["CarveReality+1","hexamod:FastForward","hexamod:BurningTouch+1"],"picked":"hexamod:BacktrackSmack+1","floor":32.0},{"not_picked":["FlyingSleeves+1","hexamod:WildfireWeapon","hexamod:GhostLash+1","Prostrate"],"picked":"SKIP","floor":32.0},{"not_picked":["ConjureBlade","SpiritShield","hexamod:CrushingStance+1"],"picked":"hexamod:VolcanoVisage","floor":33.0},{"not_picked":["Nirvana+1","JustLucky+1","FearNoEvil+1","FlurryOfBlows+1"],"picked":"hexamod:BurningTouch+1","floor":37},{"not_picked":["EmptyBody+1","hexamod:InspiringFlames+1","hexamod:BacktrackSmack+1","FollowUp+1"],"picked":"Protect","floor":39},{"not_picked":["Replay:Vibes","WheelKick+1","Crescendo+1","hexamod:NecessarySacrifice"],"picked":"hexamod:RainOfEmbers+1","floor":44},{"not_picked":["PathToVictory","Wish","Adaptation+1","Replay:ManipulateFuture"],"picked":"DeceiveReality+1","floor":44},{"not_picked":["hexamod:RadiantFlame","Replay:BluntJabs+1","hexamod:Rewind","Prostrate"],"picked":"hexamod:RainOfEmbers+1","floor":45},{"not_picked":["Replay:ManipulateFuture+1","EmptyFist+1","BowlingBash+1","ClearTheMind"],"picked":"hexamod:EmpoweringStance","floor":45},{"not_picked":["Scrawl","DevaForm"],"picked":"hexamod:GhostflameInferno","floor":46},{"not_picked":["expansioncontent:PolyBeam+1","expansioncontent:DarkVoid+1","Replay:SS_fish_3+1","expansioncontent:ChargeUp"],"picked":"Replay:SS_forest_2","floor":47},{"not_picked":["expansioncontent:ChargeUp","expansioncontent:PrepareCrush","expansioncontent:ManipulateTime","Replay:SS_forest_6"],"picked":"Replay:SS_hec_1","floor":47},{"not_picked":["Replay:SS_forest_5","expansioncontent:DarkVoid+1","expansioncontent:CaCaw","expansioncontent:PolyBeam+1"],"picked":"expansioncontent:DonusPower","floor":47},{"not_picked":["Replay:ManipulateFuture","Evaluate+1","CutThroughFate+1","SashWhip+1"],"picked":"hexamod:Incineration+1","floor":48},{"not_picked":["EmptyFist+1","hexamod:UnleashSpirits+1","hexamod:BacktrackSmack+1","hexamod:Haunt"],"picked":"hexamod:SpectersWail+1","floor":49},{"not_picked":["ClearTheMind+1","ThirdEye+1","Replay:ManipulateFuture","Crescendo"],"picked":"WheelKick+1","floor":49}],"player_experience":247889,"relics_obtained":[{"floor":6.0,"key":"Kunai"},{"floor":23.0,"key":"halation:IllGainedPizza"},{"floor":24.0,"key":"Molten Egg 2"},{"floor":27.0,"key":"conspire:DeflatedDodgeball"},{"floor":38,"key":"halation:Toothbrush"},{"floor":39,"key":"vexMod:HeadHunter"},{"floor":41,"key":"Snack Pack"},{"floor":48,"key":"Lizard Tail"}],"event_choices":[{"damage_healed":0.0,"max_hp_gain":0.0,"max_hp_loss":0.0,"gold_gain":0.0,"event_name":"Upgrade Shrine","player_choice":"Upgraded","floor":25.0,"gold_loss":0.0,"damage_taken":0.0,"cards_upgraded":["hexamod:EmpoweringStance"]},{"damage_healed":26.0,"max_hp_gain":0.0,"max_hp_loss":0.0,"gold_gain":0.0,"event_name":"The Library","player_choice":"Heal","floor":29.0,"gold_loss":0.0,"damage_taken":0.0},{"damage_healed":0.0,"max_hp_gain":0.0,"max_hp_loss":0.0,"gold_gain":0.0,"event_name":"Back to Basics","player_choice":"Simplicity","floor":30.0,"gold_loss":0.0,"damage_taken":0.0,"cards_upgraded":["hexamod:Strike","hexamod:Strike","hexamod:Strike","hexamod:Strike","hexamod:Defend","hexamod:Defend","hexamod:Defend","hexamod:Defend"]}],"is_beta":false,"boss_relics":[{"not_picked":["StuffTheSpire:ModemDavis","halation:LoveArrow"],"picked":"aspiration:WatcherSkillbook"},{"not_picked":["hubris:VirtuousBlindfold","halation:CatFaceCupcake"],"picked":"Honey Jar"}],"items_purged_floors":[36],"is_endless":false,"potions_floor_spawned":[5,6,10,13,16,23,32,44,45],"killed_by":"downfall:Silent","ascension_level":0}}