{"host":"1c52r9kaxdyo25eq","time":1608551665,"event":{"mods":["AchievementEnabler","BaseMod","Minty Spire (QoL Compilation)","Rare Cards Sparkle","SuperFastMode","everything is the same but u backflip on backflip"],"gold_per_floor":[115,115,115,115,115,153,97,97,97,47,80,98,119,153,153,247,247,266,30,30,43,58,58,258,274,300,300,300,300,300],"floor_reached":29,"playtime":671,"items_purged":["Defend_G"],"score":603,"play_id":"f9d8a793-610e-4bc6-89df-549e2972f258","local_time":"20201221205425","is_ascension_mode":true,"campfire_choices":[{"data":"Blade Dance","floor":8.0,"key":"SMITH"},{"data":"Expertise","floor":15.0,"key":"SMITH"},{"floor":23,"key":"REST"}],"circlet_count":0,"master_deck":["AscendersBane","Strike_G","Strike_G","Strike_G","Defend_G","Defend_G","Defend_G","Survivor","Neutralize","Poisoned Stab","Blur","Blade Dance+1","Dagger Spray","Expertise+1","Tactician","Grand Finale","Reflex+1","Prepared"],"relics":["Ring of the Snake","NeowsBlessing","Golden Idol","Nunchaku","Blue Candle","Pear","SlaversCollar","Lee\u0027s Waffle","Bag of Marbles","Nloth\u0027s Gift"],"acts_visited":["Exordium","TheCity"],"potions_floor_usage":[22,29],"damage_taken":[{"damage":0.0,"enemies":"Small Slimes","floor":1.0,"turns":1.0},{"damage":0.0,"enemies":"3 Sentries","floor":6.0,"turns":2.0},{"damage":0.0,"enemies":"Gremlin Nob","floor":11.0,"turns":1.0},{"damage":0.0,"enemies":"2 Louse","floor":12.0,"turns":2.0},{"damage":0.0,"enemies":"Cultist","floor":13.0,"turns":3.0},{"damage":32.0,"enemies":"3 Sentries","floor":14.0,"turns":8.0},{"damage":47.0,"enemies":"Slime Boss","floor":16.0,"turns":7.0},{"damage":52.0,"enemies":"Shell Parasite","floor":18.0,"turns":6.0},{"damage":22.0,"enemies":"Chosen","floor":21.0,"turns":4.0},{"damage":57,"enemies":"Shelled Parasite and Fungi","floor":22,"turns":9},{"damage":33,"enemies":"Centurion and Healer","floor":25,"turns":12},{"damage":5,"enemies":"Snake Plant","floor":29,"turns":3}],"seed_played":"140433515970479892","potions_obtained":[{"floor":13.0,"key":"Fire Potion"},{"floor":14.0,"key":"Fire Potion"},{"floor":21.0,"key":"Dexterity Potion"},{"floor":25,"key":"Weak Potion"}],"is_trial":false,"path_per_floor":["M","?","?","?","?","E","$","R","T","$","E","M","M","E","R","B",null,"M","$","?","M","M","R","?","M","T","?","?","M"],"character_chosen":"THE_SILENT","items_purchased":["Blade Dance","Dagger Spray","Lee\u0027s Waffle"],"campfire_rested":1,"item_purchase_floors":[7,10,19],"current_hp_per_floor":[59,59,59,64,64,64,64,64,78,78,78,78,78,56,56,9,69,17,96,96,74,17,45,45,12,12,12,12,7,7],"gold":300,"neow_bonus":"THREE_ENEMY_KILL","is_daily":false,"chose_seed":false,"campfire_upgraded":2,"win_rate":0.0,"timestamp":1608551665,"path_taken":["M","?","?","?","?","E","$","R","T","$","E","M","?","E","R","BOSS","M","$","?","M","M","R","?","?","T","?","?","M"],"items_purchased_type":["Card","Card","Relic"],"build_version":"2020-12-13","purchased_purges":1,"victory":false,"max_hp_per_floor":[66,60,60,65,65,65,65,65,79,79,79,79,79,89,89,89,89,89,96,96,96,96,96,96,96,96,96,96,96,96],"card_choices":[{"not_picked":["Prepared","Backflip"],"picked":"Poisoned Stab","floor":1.0},{"not_picked":["Escape Plan","Poisoned Stab","Leg Sweep"],"picked":"SKIP","floor":6.0},{"not_picked":["Catalyst","Endless Agony"],"picked":"Expertise","floor":11.0},{"not_picked":["Distraction","Outmaneuver"],"picked":"Tactician","floor":12.0},{"not_picked":["Sucker Punch","PiercingWail","Outmaneuver"],"picked":"SKIP","floor":13.0},{"not_picked":["Crippling Poison","Blur","Bane"],"picked":"SKIP","floor":14.0},{"not_picked":["Envenom","Malaise"],"picked":"Grand Finale","floor":16.0},{"not_picked":["PiercingWail","Flechettes","Slice"],"picked":"SKIP","floor":18.0},{"not_picked":["Slice","Underhanded Strike"],"picked":"Reflex+1","floor":21.0},{"not_picked":["Sucker Punch","Accuracy"],"picked":"Prepared","floor":22},{"not_picked":["Crippling Poison","PiercingWail","Deadly Poison"],"picked":"SKIP","floor":25}],"player_experience":502658,"relics_obtained":[{"floor":6.0,"key":"Nunchaku"},{"floor":9.0,"key":"Mango"},{"floor":11.0,"key":"Blue Candle"},{"floor":14.0,"key":"Pear"},{"floor":26,"key":"Bag of Marbles"}],"event_choices":[{"damage_healed":0.0,"max_hp_gain":0.0,"max_hp_loss":6.0,"gold_gain":0.0,"event_name":"Golden Idol","player_choice":"Lose Max HP","floor":2.0,"gold_loss":0.0,"damage_taken":0.0,"relics_obtained":["Golden Idol"]},{"damage_healed":0.0,"max_hp_gain":0.0,"max_hp_loss":0.0,"gold_gain":0.0,"cards_transformed":["Defend_G"],"event_name":"Living Wall","player_choice":"Change","floor":3.0,"gold_loss":0.0,"damage_taken":0.0,"cards_obtained":["Blur"]},{"damage_healed":0.0,"max_hp_gain":5.0,"max_hp_loss":0.0,"gold_gain":0.0,"event_name":"Big Fish","player_choice":"Donut","floor":4.0,"gold_loss":0.0,"damage_taken":0.0},{"cards_removed":["Strike_G"],"damage_healed":0.0,"max_hp_gain":0.0,"max_hp_loss":0.0,"gold_gain":0.0,"event_name":"Bonfire Elementals","player_choice":"Offered Basic","floor":5.0,"gold_loss":0.0,"damage_taken":0.0},{"damage_healed":0.0,"max_hp_gain":0.0,"max_hp_loss":0.0,"gold_gain":0.0,"event_name":"Cursed Tome","player_choice":"Ignored","floor":20.0,"gold_loss":0.0,"damage_taken":0.0},{"damage_healed":0,"gold_gain":200,"player_choice":"Gold","damage_taken":0,"max_hp_gain":0,"max_hp_loss":0,"event_name":"Wheel of Change","floor":24,"gold_loss":0},{"cards_removed":["Strike_G"],"damage_healed":0,"gold_gain":0,"player_choice":"Elegance","damage_taken":0,"max_hp_gain":0,"max_hp_loss":0,"event_name":"Back to Basics","floor":27,"gold_loss":0},{"damage_healed":0,"gold_gain":0,"player_choice":"Traded Relic","damage_taken":0,"relics_obtained":["Nloth\u0027s Gift"],"max_hp_gain":0,"max_hp_loss":0,"event_name":"N\u0027loth","floor":28,"relics_lost":["Mango"],"gold_loss":0}],"is_beta":false,"boss_relics":[{"not_picked":["SacredBark","Calling Bell"],"picked":"SlaversCollar"}],"items_purged_floors":[19],"is_endless":false,"potions_floor_spawned":[13,14,21,25],"killed_by":"Snake Plant","ascension_level":20}}