{"host":"e4wnmsyty9uvvtwf","time":1608563963,"event":{"mods":["Aspiration","BaseMod","Colored Map","Colored Powertips","Marisa£®ÏF”Í°°ƒß¿Ì…≥£©","Minty Spire (QoL Compilation)","Rare Cards Sparkle","Replay The Spire","StSLib"],"gold_per_floor":[118,130,147,178,198,198,227,227,227,238,238,265,279,291,291,364,364,374,374,385,417,85,85,116,116,116,149,149,179,192,217,217,295,295,305,320,331,331,331,331,359,89,159,159,159,94,109,126,126,126],"floor_reached":51,"playtime":1973,"items_purged":["Strike_P","Strike_P"],"score":1820,"play_id":"1835a339-5170-49f7-8e9f-d8ae3bd925c1","local_time":"20201221231923","is_ascension_mode":true,"campfire_choices":[{"data":"Eruption","floor":6.0,"key":"SMITH"},{"data":"Ragnarok","floor":8.0,"key":"SMITH"},{"data":"Replay:DivineShield","floor":11.0,"key":"SMITH"},{"data":"Perseverance","floor":15.0,"key":"SMITH"},{"floor":23,"key":"REST"},{"data":"Replay:ManipulateFuture","floor":25,"key":"SMITH"},{"data":"ConjureBlade","floor":32,"key":"SMITH"},{"data":"MasterReality","floor":40,"key":"SMITH"},{"data":"Fasting2","floor":45,"key":"SMITH"},{"data":"TalkToTheHand","floor":49,"key":"SMITH"}],"circlet_count":0,"master_deck":["AscendersBane","Strike_P","Strike_P","Defend_P","Defend_P","Defend_P","Defend_P","Eruption+1","Vigilance","Replay:DivineShield+1","FearNoEvil","Perseverance+1","FlurryOfBlows","Ragnarok+1","BattleHymn","Consecrate","DeusExMachina","ReachHeaven","Consecrate","DevaForm","JustLucky","Replay:Cycle+1","FlurryOfBlows+1","Replay:ManipulateFuture+1","JustLucky","ConjureBlade+1","JustLucky","Adaptation","MasterReality+1","Prostrate","Weave+1","Replay:Cycle","Sickly","TalkToTheHand+1","Flash of Steel","Fasting2+1","WreathOfFlame","Protect+1"],"relics":["PureWater","aspiration:FetidBarrel","Replay:Rubber Ducky","Bag of Preparation","aspiration:PoetsPen_weak","aspiration:Stabinomicon","Red Mask","Yang","Regal Pillow","Replay:Bottled Steam","Gremlin Horn","Eternal Feather","Replay:Mystery Machine","Ring of Chaos","Ring of Fury","Ring of Searing","Durian","Divine Protection","Bronze Scales"],"acts_visited":["Exordium","TheCity","TheBeyond"],"potions_floor_usage":[33,38,42,50],"damage_taken":[{"damage":9.0,"enemies":"Cultist","floor":1.0,"turns":6.0},{"damage":1.0,"enemies":"2 Louse","floor":2.0,"turns":5.0},{"damage":5.0,"enemies":"Small Slimes","floor":3.0,"turns":4.0},{"damage":1.0,"enemies":"Looter","floor":5.0,"turns":4.0},{"damage":5.0,"enemies":"Lagavulin","floor":7.0,"turns":5.0},{"damage":0.0,"enemies":"Red Slaver","floor":10.0,"turns":4.0},{"damage":1.0,"enemies":"Gremlin Nob","floor":12.0,"turns":3.0},{"damage":0.0,"enemies":"3 Louse","floor":13.0,"turns":1.0},{"damage":6.0,"enemies":"Exordium Thugs","floor":14.0,"turns":2.0},{"damage":11,"enemies":"Hexaghost","floor":16,"turns":5},{"damage":1,"enemies":"Spheric Guardian","floor":18,"turns":3},{"damage":0,"enemies":"Shell Parasite","floor":20,"turns":5},{"damage":14,"enemies":"Masked Bandits","floor":21,"turns":3},{"damage":0,"enemies":"Gremlin Leader","floor":24,"turns":3},{"damage":0,"enemies":"Slavers","floor":27,"turns":2},{"damage":0,"enemies":"Gremlin Leader","floor":29,"turns":2},{"damage":0,"enemies":"Sentry and Sphere","floor":30,"turns":3},{"damage":0,"enemies":"Slavers","floor":31,"turns":1},{"damage":0,"enemies":"Pondfish","floor":33,"turns":3},{"damage":2,"enemies":"3 Shapes","floor":35,"turns":1},{"damage":0,"enemies":"Orb Walker","floor":36,"turns":3},{"damage":35,"enemies":"4 Shapes","floor":37,"turns":2},{"damage":0,"enemies":"Maw","floor":38,"turns":2},{"damage":0,"enemies":"Giant Head","floor":41,"turns":2},{"damage":0,"enemies":"R_Hoarder","floor":46,"turns":5},{"damage":0,"enemies":"Sphere and 2 Shapes","floor":47,"turns":2},{"damage":0,"enemies":"Jaw Worm Horde","floor":48,"turns":2},{"damage":14,"enemies":"Replay:Hell Engine","floor":50,"turns":4}],"seed_played":"-8646511721026866420","potions_obtained":[{"floor":4.0,"key":"Fire Potion"},{"floor":4.0,"key":"DistilledChaos"},{"floor":7.0,"key":"Milkshake"},{"floor":13.0,"key":"FairyPotion"},{"floor":28,"key":"LiquidMemories"},{"floor":31,"key":"Adrenaline Potion"},{"floor":36,"key":"SmokeBomb"},{"floor":41,"key":"Fruit Juice"},{"floor":46,"key":"Energy Potion"}],"is_trial":false,"path_per_floor":["M","M","M","?","M","R","E","R","T","M","R","E","M","M","R","B",null,"M","?","M","?","$","R","E","R","T","E","?","E","M","E","R","B",null,"M","M","M","M","?","R","E","$","T","?","R","E","M","M","R","B",null],"character_chosen":"WATCHER","items_purchased":["Yang","Flash of Steel","Fasting2"],"campfire_rested":1,"item_purchase_floors":[22,42,42],"current_hp_per_floor":[58,57,52,52,51,51,46,46,46,46,46,45,45,39,39,28,63,62,41,41,27,27,49,49,49,49,49,49,49,49,49,64,64,72,70,70,35,35,35,53,58,63,63,63,84,84,84,84,84,70],"gold":126,"neow_bonus":"TEN_PERCENT_HP_BONUS","is_daily":false,"chose_seed":false,"campfire_upgraded":9,"win_rate":0.0,"timestamp":1608563963,"path_taken":["M","?","M","?","M","R","E","R","T","M","R","E","M","M","R","BOSS","M","?","M","?","$","R","E","R","T","E","?","E","M","E","R","BOSS","M","M","?","M","?","R","E","$","T","?","R","E","?","M","R","BOSS"],"items_purchased_type":["Relic","Card","Card"],"build_version":"2020-12-13","purchased_purges":2,"victory":true,"max_hp_per_floor":[74,74,74,74,74,74,74,74,74,74,74,74,74,74,74,74,74,74,74,74,74,74,74,74,74,74,74,74,74,74,74,74,74,74,74,74,74,74,74,74,79,84,84,84,84,84,84,84,84,84],"card_choices":[{"not_picked":["Halt","BowlingBash"],"picked":"Replay:DivineShield","floor":1.0},{"not_picked":["Protect","MentalFortress"],"picked":"FearNoEvil","floor":2.0},{"not_picked":["Meditate","CutThroughFate"],"picked":"Perseverance","floor":3.0},{"not_picked":["CutThroughFate","WreathOfFlame"],"picked":"FlurryOfBlows","floor":4.0},{"not_picked":["Replay:Cycle","Replay:DivineShield"],"picked":"Ragnarok","floor":5.0},{"not_picked":["SashWhip","Replay:AtTheReady"],"picked":"BattleHymn","floor":7.0},{"not_picked":["EmptyBody","FollowUp"],"picked":"Consecrate","floor":10.0},{"not_picked":["MentalFortress","Replay:Cycle"],"picked":"DeusExMachina","floor":12.0},{"not_picked":["EmptyBody","Wireheading"],"picked":"ReachHeaven","floor":13.0},{"not_picked":["Evaluate","Protect"],"picked":"Consecrate","floor":14.0},{"not_picked":["SpiritShield","Blasphemy"],"picked":"DevaForm","floor":16},{"not_picked":["Wireheading+1","SashWhip"],"picked":"JustLucky","floor":18},{"not_picked":["Replay:DivineShield","Replay:BluntJabs"],"picked":"Replay:Cycle+1","floor":20},{"not_picked":["Replay:Battleflow","EmptyBody"],"picked":"FlurryOfBlows+1","floor":21},{"not_picked":["SashWhip","CrushJoints"],"picked":"Replay:ManipulateFuture","floor":24},{"not_picked":["Replay:DivineShield","Replay:ManipulateFuture"],"picked":"JustLucky","floor":27},{"not_picked":["WreathOfFlame","Ragnarok"],"picked":"ConjureBlade","floor":29},{"not_picked":["MentalFortress","Prostrate"],"picked":"JustLucky","floor":30},{"not_picked":["DeceiveReality","CutThroughFate"],"picked":"Adaptation","floor":31},{"not_picked":["Ragnarok","Replay:AllIn"],"picked":"MasterReality","floor":33},{"not_picked":["ClearTheMind","Crescendo"],"picked":"Prostrate","floor":35},{"not_picked":["JustLucky+1","Protect+1"],"picked":"Weave+1","floor":36},{"not_picked":["FearNoEvil","Perseverance"],"picked":"Replay:Cycle","floor":37},{"not_picked":["Study","Replay:Battleflow"],"picked":"TalkToTheHand","floor":41},{"not_picked":["SashWhip","Scrawl","Meditate"],"picked":"SKIP","floor":46},{"not_picked":["Wallop","BowlingBash"],"picked":"WreathOfFlame","floor":47},{"not_picked":["PathToVictory","Wireheading"],"picked":"Protect+1","floor":48}],"player_experience":634930,"relics_obtained":[{"floor":7.0,"key":"aspiration:FetidBarrel"},{"floor":9.0,"key":"Replay:Rubber Ducky"},{"floor":12.0,"key":"Bag of Preparation"},{"floor":19,"key":"aspiration:Stabinomicon"},{"floor":21,"key":"Red Mask"},{"floor":24,"key":"Regal Pillow"},{"floor":26,"key":"Replay:Bottled Steam"},{"floor":27,"key":"Gremlin Horn"},{"floor":29,"key":"Eternal Feather"},{"floor":31,"key":"Replay:Mystery Machine"},{"floor":39,"key":"Ring of Fury"},{"floor":39,"key":"Ring of Searing"},{"floor":41,"key":"Durian"},{"floor":43,"key":"Divine Protection"},{"floor":46,"key":"Bronze Scales"}],"event_choices":[{"damage_healed":0,"gold_gain":0,"player_choice":"Obtained Book","damage_taken":21,"max_hp_gain":0,"max_hp_loss":0,"event_name":"Cursed Tome","floor":19,"gold_loss":0},{"damage_healed":0,"gold_gain":0,"player_choice":"Fought Bandits","damage_taken":0,"max_hp_gain":0,"max_hp_loss":0,"event_name":"Masked Bandits","floor":21,"gold_loss":0},{"damage_healed":0,"gold_gain":0,"player_choice":"Got Potions","damage_taken":0,"max_hp_gain":0,"max_hp_loss":0,"event_name":"Lab","floor":28,"gold_loss":0},{"damage_healed":0,"gold_gain":0,"player_choice":"1 cards matched","damage_taken":0,"max_hp_gain":0,"max_hp_loss":0,"event_name":"Match and Keep!","floor":44,"gold_loss":0,"cards_obtained":["ReplayTheSpireMod:IOU"]}],"is_beta":false,"boss_relics":[{"not_picked":["Runic Pyramid","Sozu"],"picked":"aspiration:PoetsPen_weak"},{"not_picked":["aspiration:FutureDiary","Kintsugi"],"picked":"Ring of Chaos"}],"items_purged_floors":[22,42],"is_endless":false,"potions_floor_spawned":[5,7,10,12,13,14,18,20,29,31,36,41,46],"ascension_level":15}}