{"host":"627up2rvtmm0cf0r","time":1608552635,"event":{"mods":["ATMod(阿瑾Mod)","Act Like it!","BaseMod","CapriCore","Card Filter","Card Forge","DeckTracker","Dota2Spire","Friendly Minions","Highlight Path","Minty Spire (QoL Compilation)","MostiFishMod","Permanent Neow","Quick Restart","Relic Stats","Shop Mod","Spicy Shops","StSLib","SuperFastMode","TestMod","[地精首领爬塔]The Maniac","【遗物卡牌】REMEMod","篝火指南"],"gold_per_floor":[111,111,111,36,54,54,72,104,127,153,165,165,184,218,218,313,313,329,329,329,347,347,380,380,408,489,17,48,48,83,93,93,190,190,202,220,234,249,49,78,95,127,127,139,64,98,98,108,108,108,108,34,34,117,142],"floor_reached":56,"playtime":1938,"items_purged":["Strike_P","Decay","MostiFishMod:Pointsdynamics","Vigilance","Defend_P","Defend_P"],"score":2007,"play_id":"693a01fe-776e-4d77-a64a-9e0c51035aa9","local_time":"20201221201035","is_ascension_mode":true,"campfire_choices":[{"data":"AT_ShrugMaster","floor":6.0,"key":"SMITH"},{"floor":15.0,"key":"RECALL"},{"data":"MostiFishMod:PathToVictory","floor":24,"key":"SMITH"},{"data":"REME_CRH","floor":32,"key":"SMITH"},{"data":"testmod-EternalityOfKhronos","floor":49,"key":"SMITH"}],"circlet_count":0,"master_deck":["Strike_P+1","Strike_P","Strike_P","Defend_P","Defend_P+1","Eruption+1","AT_ShrugMaster+1","MostiFishMod:StarOceanB+1","MostiFishMod:PathToVictory+1","REME_CRH+1","testmod-EternalityOfKhronos+1"],"relics":["PureWater","Hammer of Thor","Seething Fire","Anvil of the Gods","DaveBox","testmod-TestBox","REME_ComplimentaryCards","AT_ATBox","testmod-ChristmasGift","Civilization","Question Card","PreservedInsect","Whetstone","Dota2Spire:DrumOfEndurance","testmod-CrystalShield","ImportantClient","DiscerningMonocle","MutagenicStrength","testmod-ConstraintPeriapt","Oddly Smooth Stone","Bottled Lightning","Dota2Spire:Desolator","Dota2Spire:UrnOfShadows","Incense Burner","testmod-Register","Dota2Spire:BladeMail","HandDrill","testmod-Fanaticism","testmod-Alchemist","Dota2Spire:LinkenSphere","Bag of Marbles","Molten Egg 2","ChiLing","Chi","Ling","SynthV","Anchor","Dota2Spire:MaskOfMadness","Chemical X","HornCleat","AT_MibuBalloonWealth","Membership Card","Ying","AT_RedTearstoneRing","AT_SunfireAegis","Dota2Spire:EtherealBlade","AT_EbonyIvory","CaptainsWheel"],"acts_visited":["Exordium","TheCity","TheBeyond","TheEnding"],"potions_floor_usage":[30,30,41,41,41,41,41,41,50,50,50,50,50,50,50],"damage_taken":[{"damage":0.0,"enemies":"Small Slimes","floor":1.0,"turns":3.0},{"damage":5.0,"enemies":"2 Louse","floor":5.0,"turns":3.0},{"damage":0.0,"enemies":"Cultist","floor":7.0,"turns":2.0},{"damage":19.0,"enemies":"Lagavulin","floor":8.0,"turns":4.0},{"damage":0.0,"enemies":"3 Sentries","floor":10.0,"turns":2.0},{"damage":0.0,"enemies":"Large Slime","floor":11.0,"turns":2.0},{"damage":0.0,"enemies":"Looter","floor":13.0,"turns":3.0},{"damage":0.0,"enemies":"Lagavulin","floor":14.0,"turns":3.0},{"damage":0.0,"enemies":"Slime Boss","floor":16.0,"turns":5.0},{"damage":15.0,"enemies":"3 Byrds","floor":18.0,"turns":3.0},{"damage":12.0,"enemies":"Shell Parasite","floor":21.0,"turns":3.0},{"damage":7,"enemies":"Slavers","floor":23,"turns":5},{"damage":6,"enemies":"Gremlin Leader","floor":25,"turns":4},{"damage":2,"enemies":"Slavers","floor":28,"turns":2},{"damage":0,"enemies":"Gremlin Leader","floor":30,"turns":4},{"damage":0,"enemies":"Centurion and Healer","floor":31,"turns":2},{"damage":0,"enemies":"Champ","floor":33,"turns":3},{"damage":0,"enemies":"3 Shapes","floor":35,"turns":1},{"damage":0,"enemies":"3 Darklings","floor":36,"turns":2},{"damage":0,"enemies":"Spire Growth","floor":37,"turns":1},{"damage":0,"enemies":"Writhing Mass","floor":38,"turns":2},{"damage":3,"enemies":"Reptomancer","floor":40,"turns":1},{"damage":4,"enemies":"Transient","floor":41,"turns":1},{"damage":3,"enemies":"Nemesis","floor":42,"turns":1},{"damage":4,"enemies":"3 Darklings","floor":44,"turns":1},{"damage":3,"enemies":"Reptomancer","floor":46,"turns":1},{"damage":3,"enemies":"Writhing Mass","floor":48,"turns":1},{"damage":4,"enemies":"Donu and Deca","floor":50,"turns":2},{"damage":4,"enemies":"Shield and Spear","floor":54,"turns":1},{"damage":11,"enemies":"The Heart","floor":55,"turns":7}],"seed_played":"-925858622882387931","potions_obtained":[{"floor":5.0,"key":"AttackPotion"},{"floor":7.0,"key":"Dexterity Potion"},{"floor":8.0,"key":"BottledMiracle"},{"floor":13.0,"key":"SteroidPotion"},{"floor":28,"key":"FearPotion"},{"floor":31,"key":"GamblersBrew"}],"is_trial":false,"path_per_floor":["M","?","?","$","M","R","M","E","T","E","M","?","M","E","R","B",null,"M","?","?","M","?","E","R","E","T","R","E","$","E","M","R","B",null,"M","M","M","M","$","E","M","E","T","M","R","E","?","M","R","B",null,"R","$","E","B",null],"character_chosen":"WATCHER","items_purchased":["Dota2Spire:Desolator","Incense Burner","testmod-Register","Dota2Spire:BladeMail","HandDrill","testmod-Alchemist","Dota2Spire:LinkenSphere","Bag of Marbles","Molten Egg 2","ChiLing","SynthV","Chemical X","AT_MibuBalloonWealth","Membership Card","Ying","AT_RedTearstoneRing","AT_SunfireAegis","Dota2Spire:EtherealBlade","AT_EbonyIvory"],"campfire_rested":0,"item_purchase_floors":[27,29,29,29,29,39,39,39,39,39,39,45,52,53,53,53,53,53,53],"current_hp_per_floor":[74,59,59,59,61,61,68,60,60,71,85,90,105,122,122,146,155,159,173,173,186,186,204,204,227,227,227,255,255,292,329,329,371,371,410,455,501,548,548,598,649,701,701,757,757,820,810,881,881,946,946,946,946,1012,1079],"gold":142,"neow_bonus":"ONE_RANDOM_RARE_CARD","is_daily":false,"chose_seed":false,"campfire_upgraded":4,"win_rate":0.0,"timestamp":1608552635,"path_taken":["M","?","?","$","M","R","M","E","T","E","M","?","M","E","R","BOSS","M","?","?","M","?","E","R","E","T","R","E","$","E","M","R","BOSS","M","M","M","M","$","E","M","E","T","?","R","E","?","M","R","BOSS","R","$","E","BOSS"],"items_purchased_type":["Relic","Relic","Relic","Relic","Relic","Relic","Relic","Relic","Relic","Relic","Relic","Relic","Relic","Relic","Relic","Relic","Relic","Relic","Relic"],"build_version":"2020-12-13","purchased_purges":6,"victory":true,"max_hp_per_floor":[74,74,74,74,78,78,83,89,89,98,109,114,126,139,139,155,155,173,173,173,192,192,214,214,239,239,239,267,267,300,335,335,371,371,410,455,501,548,548,598,649,701,701,759,759,820,820,882,882,946,946,946,946,1012,1079],"relic_stats":{"counters":[30,75],"PreservedInsect":466,"HandDrill":[12],"Whetstone":["Strike_P","Eruption"],"Chemical X":[2],"Question Card":30,"obtain_stats":[{"Dota2Spire:MaskOfMadness":42,"AT_ATBox":0,"Ying":53,"DaveBox":0,"DiscerningMonocle":17,"Chi":39,"SynthV":39,"AT_MibuBalloonWealth":52,"Dota2Spire:DrumOfEndurance":10,"Hammer of Thor":0,"Incense Burner":29,"Whetstone":9,"Dota2Spire:EtherealBlade":53,"Civilization":0,"testmod-Fanaticism":34,"testmod-CrystalShield":14,"testmod-Alchemist":39,"HornCleat":46,"Dota2Spire:BladeMail":29,"HandDrill":29,"Chemical X":45,"testmod-ChristmasGift":0,"ImportantClient":16,"AT_RedTearstoneRing":53,"testmod-TestBox":0,"Dota2Spire:UrnOfShadows":28,"testmod-Register":29,"Oddly Smooth Stone":25,"PreservedInsect":8,"AT_EbonyIvory":53,"Seething Fire":0,"testmod-ConstraintPeriapt":23,"Question Card":1,"Ling":39,"Anchor":40,"CaptainsWheel":54,"Anvil of the Gods":0,"MutagenicStrength":20,"Molten Egg 2":39,"Dota2Spire:LinkenSphere":39,"Bag of Marbles":39,"Bottled Lightning":26,"Membership Card":53,"PureWater":0,"AT_SunfireAegis":53,"REME_ComplimentaryCards":0,"Dota2Spire:Desolator":27,"ChiLing":39},{"Dota2Spire:MaskOfMadness":24,"AT_ATBox":0,"Ying":28,"DaveBox":0,"DiscerningMonocle":9,"Chi":21,"SynthV":21,"AT_MibuBalloonWealth":28,"Dota2Spire:DrumOfEndurance":5,"Hammer of Thor":0,"Incense Burner":14,"Whetstone":4,"Dota2Spire:EtherealBlade":28,"Civilization":0,"testmod-Fanaticism":17,"testmod-CrystalShield":8,"testmod-Alchemist":21,"HornCleat":26,"Dota2Spire:BladeMail":14,"HandDrill":14,"Chemical X":25,"testmod-ChristmasGift":0,"ImportantClient":9,"AT_RedTearstoneRing":28,"testmod-TestBox":0,"Dota2Spire:UrnOfShadows":14,"testmod-Register":14,"Oddly Smooth Stone":13,"PreservedInsect":4,"AT_EbonyIvory":28,"Seething Fire":0,"testmod-ConstraintPeriapt":12,"Question Card":1,"Ling":21,"Anchor":22,"CaptainsWheel":29,"Anvil of the Gods":0,"MutagenicStrength":10,"Molten Egg 2":21,"Dota2Spire:LinkenSphere":21,"Bag of Marbles":21,"Bottled Lightning":13,"Membership Card":28,"PureWater":0,"AT_SunfireAegis":28,"REME_ComplimentaryCards":0,"Dota2Spire:Desolator":13,"ChiLing":21},{"Dota2Spire:MaskOfMadness":62,"AT_ATBox":0,"Ying":67,"DaveBox":0,"DiscerningMonocle":27,"Chi":59,"SynthV":59,"AT_MibuBalloonWealth":67,"Dota2Spire:DrumOfEndurance":14,"Hammer of Thor":0,"Incense Burner":44,"Whetstone":12,"Dota2Spire:EtherealBlade":67,"Civilization":0,"testmod-Fanaticism":53,"testmod-CrystalShield":22,"testmod-Alchemist":59,"HornCleat":64,"Dota2Spire:BladeMail":44,"HandDrill":44,"Chemical X":63,"testmod-ChristmasGift":0,"ImportantClient":27,"AT_RedTearstoneRing":67,"testmod-TestBox":0,"Dota2Spire:UrnOfShadows":44,"testmod-Register":44,"Oddly Smooth Stone":42,"PreservedInsect":12,"AT_EbonyIvory":67,"Seething Fire":0,"testmod-ConstraintPeriapt":38,"Question Card":3,"Ling":59,"Anchor":60,"CaptainsWheel":68,"Anvil of the Gods":0,"MutagenicStrength":30,"Molten Egg 2":59,"Dota2Spire:LinkenSphere":59,"Bag of Marbles":59,"Bottled Lightning":42,"Membership Card":67,"PureWater":0,"AT_SunfireAegis":67,"REME_ComplimentaryCards":0,"Dota2Spire:Desolator":42,"ChiLing":59}]},"card_choices":[{"not_picked":["Prostrate","EmptyMind","Meditate"],"picked":"SKIP","floor":1.0},{"not_picked":["Halt","CrushJoints","FollowUp","BowlingBash"],"picked":"SKIP","floor":5.0},{"not_picked":["Halt","CrushJoints","FollowUp","BowlingBash"],"picked":"SKIP","floor":5.0},{"not_picked":["FlurryOfBlows","Protect","CrushJoints","SashWhip"],"picked":"SKIP","floor":7.0},{"not_picked":["LikeWater","Protect","ThirdEye","CutThroughFate"],"picked":"SKIP","floor":8.0},{"not_picked":["AT_RealFormLess","Perseverance","FollowUp","Indignation"],"picked":"SKIP","floor":10.0},{"not_picked":["EmptyFist","WindmillStrike","Weave","Evaluate"],"picked":"SKIP","floor":11.0},{"not_picked":["AT_OneInchPunch","JustLucky","MostiFishMod:Pointsdynamics","Halt"],"picked":"SKIP","floor":13.0},{"not_picked":["MostiFishMod:LegendTransform","Collect","Prostrate","ClearTheMind"],"picked":"SKIP","floor":14.0},{"not_picked":["AT_IrregularMenstruation","MostiFishMod:Dust","Brilliance"],"picked":"MostiFishMod:PathToVictory","floor":16.0},{"not_picked":["SandsOfTime","FlurryOfBlows+1","Crescendo","Halt"],"picked":"SKIP","floor":18.0},{"not_picked":["DeceiveReality","EmptyBody+1","CrushJoints","JustLucky"],"picked":"SKIP","floor":21.0},{"not_picked":["MostiFishMod:UniPurple","SandsOfTime+1","LikeWater","FearNoEvil"],"picked":"SKIP","floor":23},{"not_picked":["Worship","Sanctity","MostiFishMod:Speedup","InnerPeace+1"],"picked":"SKIP","floor":25},{"not_picked":["SignatureMove","Worship","EmptyMind"],"picked":"REME_CRH","floor":28},{"not_picked":["ThirdEye","CutThroughFate","SashWhip","AT_RealFormLess"],"picked":"SKIP","floor":30},{"not_picked":["CutThroughFate+1","BowlingBash","PathToVictory","FlurryOfBlows"],"picked":"SKIP","floor":31},{"not_picked":["EmptyFist+1","Consecrate+1","FollowUp+1","Halt+1"],"picked":"SKIP","floor":35},{"not_picked":["EmptyBody+1","InnerPeace+1","Prostrate","FlurryOfBlows"],"picked":"SKIP","floor":36},{"not_picked":["CrushJoints","PathToVictory","BowlingBash+1","WheelKick+1"],"picked":"SKIP","floor":37},{"not_picked":["Vengeance","CrushJoints","MostiFishMod:MemoryFragments","FlyingSleeves+1"],"picked":"SKIP","floor":38},{"not_picked":["Nirvana","Weave+1","FollowUp+1","Crescendo"],"picked":"SKIP","floor":40},{"not_picked":["EmptyFist+1","Crescendo","CutThroughFate+1","MostiFishMod:FlowState"],"picked":"SKIP","floor":41},{"not_picked":["Evaluate","CrushJoints+1","CutThroughFate+1","Swivel"],"picked":"SKIP","floor":42},{"not_picked":["Tantrum+1","SashWhip+1","FlyingSleeves+1","CutThroughFate+1"],"picked":"SKIP","floor":44},{"not_picked":["CutThroughFate+1","ClearTheMind","MostiFishMod:UniPurple","AT_DivineConfetti+1"],"picked":"SKIP","floor":46},{"not_picked":["AT_LightSaberMaster","testmod-PainDetonator+1","Apotheosis"],"picked":"testmod-EternalityOfKhronos","floor":47},{"not_picked":["Protect+1","REME_Repentance","FlyingSleeves+1","Halt"],"picked":"SKIP","floor":48},{"not_picked":["Swivel+1","MostiFishMod:Clarity+1","SashWhip+1","FlurryOfBlows+1"],"picked":"SKIP","floor":54}],"player_experience":11417,"relics_obtained":[{"floor":1.0,"key":"Question Card"},{"floor":8.0,"key":"PreservedInsect"},{"floor":9.0,"key":"Whetstone"},{"floor":10.0,"key":"Dota2Spire:DrumOfEndurance"},{"floor":14.0,"key":"testmod-CrystalShield"},{"floor":16.0,"key":"ImportantClient"},{"floor":23,"key":"testmod-ConstraintPeriapt"},{"floor":25,"key":"Oddly Smooth Stone"},{"floor":26,"key":"Bottled Lightning"},{"floor":28,"key":"Dota2Spire:UrnOfShadows"},{"floor":40,"key":"Anchor"},{"floor":42,"key":"Dota2Spire:MaskOfMadness"},{"floor":46,"key":"HornCleat"},{"floor":54,"key":"CaptainsWheel"}],"event_choices":[{"damage_healed":0.0,"max_hp_gain":0.0,"max_hp_loss":0.0,"gold_gain":0.0,"event_name":"Shining Light","player_choice":"Entered Light","floor":2.0,"gold_loss":0.0,"damage_taken":15.0,"cards_upgraded":["Defend_P","MostiFishMod:StarOceanB"]},{"damage_healed":0.0,"max_hp_gain":0.0,"max_hp_loss":0.0,"gold_gain":0.0,"event_name":"给自己的盒子","player_choice":"Ignored","floor":3.0,"gold_loss":0.0,"damage_taken":0.0},{"damage_healed":0.0,"max_hp_gain":5.0,"max_hp_loss":0.0,"gold_gain":0.0,"event_name":"Big Fish","player_choice":"Donut","floor":12.0,"gold_loss":0.0,"damage_taken":0.0},{"damage_healed":57.0,"max_hp_gain":0.0,"max_hp_loss":0.0,"gold_gain":0.0,"event_name":"The Library","player_choice":"Heal","floor":19.0,"gold_loss":0.0,"damage_taken":0.0},{"damage_healed":0.0,"max_hp_gain":0.0,"max_hp_loss":0.0,"gold_gain":0.0,"event_name":"Drug Dealer","player_choice":"Inject Mutagens","floor":20.0,"gold_loss":0.0,"damage_taken":0.0,"relics_obtained":["MutagenicStrength"]},{"damage_healed":0.0,"max_hp_gain":0.0,"max_hp_loss":0.0,"gold_gain":0.0,"event_name":"Wheel of Change","player_choice":"Cursed","floor":22.0,"gold_loss":0.0,"damage_taken":0.0,"cards_obtained":["Decay"]},{"damage_healed":0,"gold_gain":0,"player_choice":"Memory 3","damage_taken":10,"max_hp_gain":0,"max_hp_loss":0,"event_name":"SensoryStone","floor":47,"gold_loss":0}],"is_beta":false,"boss_relics":[{"not_picked":["AT_MortalBlade","Snecko Eye"],"picked":"DiscerningMonocle"},{"not_picked":["testmod-DeterminationOfClimber","Fusion Hammer"],"picked":"testmod-Fanaticism"}],"items_purged_floors":[4,27,27,29,39,39],"is_endless":false,"potions_floor_spawned":[5,7,8,13,16,28,31,33,37,38,41,42,46],"ascension_level":1}}