{"host":"ffqn1azj9urswy62","time":1608563149,"event":{"mods":["BaseMod","Better Third Choice","Minty Spire (QoL Compilation)","StSLib"],"gold_per_floor":[363,64,14,37,37,37,52,52,75,105,105,5,16,30,30,135,135,155,33,33,33,47,47,57,68,68,68,103,118,138,168,168,265,265,279,279,154,209,209,209,235,235,235,235,235],"floor_reached":44,"playtime":2750,"items_purged":["Strike_G","Defend_G","Defend_G"],"score":574,"play_id":"5f9bd84f-a27b-467a-8c16-e0a627a9a67a","local_time":"20201221100549","is_ascension_mode":true,"campfire_choices":[{"data":"Footwork","floor":6,"key":"SMITH"},{"data":"Footwork","floor":8,"key":"SMITH"},{"data":"Sucker Punch","floor":11,"key":"SMITH"},{"data":"Dash","floor":15,"key":"SMITH"},{"data":"Noxious Fumes","floor":23,"key":"SMITH"},{"data":"Caltrops","floor":32,"key":"SMITH"},{"data":"Sadistic Nature","floor":40,"key":"SMITH"},{"floor":42,"key":"RECALL"}],"circlet_count":0,"master_deck":["Strike_G+1","Defend_G","Survivor","Neutralize","Dash+1","Footwork+1","Footwork+1","Backstab","Sucker Punch+1","Dagger Throw","Dodge and Roll","Adrenaline","Well Laid Plans+1","Noxious Fumes+1","Leg Sweep","Caltrops+1","Backflip","Footwork","Bouncing Flask+1","Catalyst+1","Noxious Fumes+1","Sadistic Nature+1"],"relics":["Ring of the Snake","DollysMirror","Whetstone","Anchor","Sozu","Question Card","Vajra","Eternal Feather","Busted Crown","Calipers","Boot","Bag of Marbles"],"acts_visited":["Exordium","TheCity","TheBeyond"],"potions_floor_usage":[16,16,31],"damage_taken":[{"damage":6,"enemies":"2 Louse","floor":1,"turns":2},{"damage":0,"enemies":"Jaw Worm","floor":7,"turns":6},{"damage":9,"enemies":"3 Sentries","floor":10,"turns":13},{"damage":0,"enemies":"Small Slimes","floor":13,"turns":2},{"damage":6,"enemies":"Red Slaver","floor":14,"turns":3},{"damage":9,"enemies":"Hexaghost","floor":16,"turns":16},{"damage":0,"enemies":"2 Thieves","floor":18,"turns":5},{"damage":0,"enemies":"Chosen","floor":22,"turns":4},{"damage":4,"enemies":"Snecko","floor":24,"turns":6},{"damage":0,"enemies":"Cultist and Chosen","floor":25,"turns":7},{"damage":0,"enemies":"Book of Stabbing","floor":28,"turns":6},{"damage":0,"enemies":"3 Cultists","floor":29,"turns":5},{"damage":7,"enemies":"Centurion and Healer","floor":30,"turns":6},{"damage":0,"enemies":"Gremlin Leader","floor":31,"turns":5},{"damage":19,"enemies":"Automaton","floor":33,"turns":11},{"damage":1,"enemies":"3 Shapes","floor":35,"turns":3},{"damage":20,"enemies":"2 Orb Walkers","floor":38,"turns":7},{"damage":0,"enemies":"Nemesis","floor":41,"turns":7},{"damage":0,"enemies":"3 Darklings","floor":44,"turns":1}],"seed_played":"2638542340123785488","potions_obtained":[{"floor":1,"key":"SkillPotion"},{"floor":13,"key":"Swift Potion"},{"floor":16,"key":"SteroidPotion"}],"is_trial":false,"path_per_floor":["M","$","?","T","?","R","M","R","T","E","R","$","M","M","R","B",null,"M","$","?","$","M","R","M","M","T","?","E","M","M","E","R","B",null,"M","?","$","?","?","R","E","R","T","M"],"character_chosen":"THE_SILENT","items_purchased":["Footwork","DollysMirror","Noxious Fumes","Leg Sweep"],"campfire_rested":0,"item_purchase_floors":[2,2,19,19],"current_hp_per_floor":[57,57,57,57,57,57,57,57,57,48,48,48,48,42,42,33,63,63,63,63,63,63,63,59,59,59,59,59,59,52,52,63,44,63,62,62,62,42,42,54,54,63,63,63,63],"gold":235,"neow_bonus":"TWO_FIFTY_GOLD","is_daily":false,"chose_seed":false,"campfire_upgraded":7,"win_rate":0.0,"timestamp":1608563149,"path_taken":["M","$","?","?","?","R","?","R","T","E","R","?","M","?","R","BOSS","M","$","?","$","?","R","M","M","T","?","E","M","?","E","R","BOSS","M","?","$","?","?","R","E","R","T","M"],"items_purchased_type":["Card","Relic","Card","Card"],"build_version":"2020-12-13","purchased_purges":3,"victory":false,"max_hp_per_floor":[63,63,63,63,63,63,63,63,63,63,63,63,63,63,63,63,63,63,63,63,63,63,63,63,63,63,63,63,63,63,63,63,63,63,63,63,63,63,63,63,63,63,63,63,63],"card_choices":[{"not_picked":["Slice","Backflip"],"picked":"Dash","floor":1},{"not_picked":["Slice","Sucker Punch"],"picked":"Backstab","floor":7},{"not_picked":["Phantasmal Killer","Setup"],"picked":"Sucker Punch","floor":10},{"not_picked":["Deflect","Cloak And Dagger"],"picked":"Dagger Throw","floor":13},{"not_picked":["Outmaneuver","Prepared"],"picked":"Dodge and Roll","floor":14},{"not_picked":["Venomology","Doppelganger"],"picked":"Adrenaline","floor":16},{"not_picked":["Flechettes+1","Dodge and Roll"],"picked":"Well Laid Plans+1","floor":18},{"not_picked":["Eviscerate","Dagger Spray","Well Laid Plans"],"picked":"SKIP","floor":22},{"not_picked":["Dagger Throw+1","Grand Finale"],"picked":"Backflip","floor":24},{"not_picked":["Backflip","Blade Dance"],"picked":"Footwork","floor":25},{"not_picked":["Deflect","Backflip","PiercingWail"],"picked":"Bouncing Flask+1","floor":28},{"not_picked":["Flying Knee","Blade Dance","Dagger Spray"],"picked":"Catalyst+1","floor":29},{"not_picked":["PiercingWail+1","Dagger Throw","All Out Attack","Sucker Punch"],"picked":"SKIP","floor":30},{"not_picked":["Cloak And Dagger","Prepared+1","Blade Dance","Deflect+1"],"picked":"SKIP","floor":31},{"not_picked":["Accuracy"],"picked":"Noxious Fumes+1","floor":35},{"not_picked":["Deep Breath"],"picked":"Sadistic Nature","floor":39},{"not_picked":["Poisoned Stab+1","Reflex+1"],"picked":"SKIP","floor":41}],"player_experience":596387,"relics_obtained":[{"floor":4,"key":"Whetstone"},{"floor":10,"key":"Anchor"},{"floor":26,"key":"Question Card"},{"floor":28,"key":"Vajra"},{"floor":31,"key":"Eternal Feather"},{"floor":38,"key":"Calipers"},{"floor":41,"key":"Boot"},{"floor":43,"key":"Bag of Marbles"}],"event_choices":[{"cards_removed":["Strike_G"],"damage_healed":0,"gold_gain":0,"player_choice":"Card Removal","damage_taken":0,"max_hp_gain":0,"max_hp_loss":0,"event_name":"The Cleric","floor":3,"gold_loss":50},{"cards_removed":["Strike_G"],"damage_healed":0,"gold_gain":0,"player_choice":"Purged","damage_taken":0,"max_hp_gain":0,"max_hp_loss":0,"event_name":"Purifier","floor":5,"gold_loss":0},{"damage_healed":0,"gold_gain":0,"cards_transformed":["Defend_G"],"player_choice":"Transformed","damage_taken":0,"max_hp_gain":0,"max_hp_loss":0,"event_name":"Transmorgrifier","floor":20,"gold_loss":0,"cards_obtained":["Caltrops"]},{"cards_removed":["Defend_G"],"damage_healed":0,"gold_gain":0,"player_choice":"Offered Basic","damage_taken":0,"max_hp_gain":0,"max_hp_loss":0,"event_name":"Bonfire Elementals","floor":27,"gold_loss":0},{"cards_removed":["Strike_G"],"damage_healed":0,"gold_gain":0,"player_choice":"Removed Attack","damage_taken":0,"max_hp_gain":0,"max_hp_loss":0,"event_name":"Falling","floor":36,"gold_loss":0},{"damage_healed":0,"gold_gain":0,"player_choice":"Fight","damage_taken":0,"max_hp_gain":0,"max_hp_loss":0,"event_name":"Mysterious Sphere","floor":38,"gold_loss":0},{"damage_healed":0,"gold_gain":0,"player_choice":"Memory 1","damage_taken":0,"max_hp_gain":0,"max_hp_loss":0,"event_name":"SensoryStone","floor":39,"gold_loss":0}],"is_beta":false,"boss_relics":[{"not_picked":["Runic Dome","Velvet Choker"],"picked":"Sozu"},{"not_picked":["WristBlade","Pandora\u0027s Box"],"picked":"Busted Crown"}],"items_purged_floors":[2,12,37],"is_endless":false,"potions_floor_spawned":[1,13,16,22,24,29,31,33,38],"killed_by":"3 Darklings","ascension_level":1}}