{"host":"c59zqhrgluvxuu0k","time":1608516464,"event":{"mods":["BaseMod","Better Altar","Better Third Choice","BetterRewards","Colored Map","Colored Powertips","Curses Come First","Downfall","Duelist Mod","Friendly Minions","Hermit","Minty Spire (QoL Compilation)","Replay The Spire","Shop Mod","Spicy Shops","StSLib","The Administrix","The Blackbeard","The Cursed","The Death Knight","The Dragon Tamer","The Druid","The Jungle","The Runesmith","The Wild Card"],"gold_per_floor":[99,99,99,99,99,99,99,99,99,133,147,72,9,22,122,141,152,253,253,178,178,212,212,239,249,249,249,174,209,226,55,55,40,58,58,58,58],"floor_reached":35,"playtime":4054,"items_purged":[],"score":359,"play_id":"efb30a4d-caa5-4c7b-979c-913261b516cc","local_time":"20201220190744","is_ascension_mode":false,"campfire_choices":[{"data":"champ:Taunt","floor":1,"key":"SMITH"},{"data":"champ:Execute","floor":7,"key":"SMITH"},{"data":"champ:CrookedStrike","floor":12,"key":"SMITH"},{"data":"champ:DancingMaster","floor":20,"key":"SMITH"},{"floor":23,"key":"RECALL"},{"data":"champ:EndlessRage","floor":28,"key":"SMITH"}],"circlet_count":0,"master_deck":["champ:Strike","champ:Strike","champ:Strike","champ:Strike+1","champ:Defend","champ:Defend","champ:Defend","champ:Execute+1","champ:Taunt+1","champ:CrownThrow+1","champ:GladiatorsShout","champ:StanceDance","champ:EnragedBash","champ:CrookedStrike+1","champ:FlashCut","champ:ShieldWall","champ:EndlessRage+1","champ:FocusedDefense","champ:AdrenalArmor","champ:DancingMaster+1","champ:DefensiveStyle","champ:SkillfulDodge+1","champ:ShieldSlam","champ:GladiatorStyle+1","champ:Backstep+1","champ:BerserkersShout","champ:BerserkerStyle"],"relics":["champ:ChampionCrown","downfall:HeartsMalice","Mummified Hand","downfall:HeartBlessingGreen","Velvet Choker","downfall:HeartBlessingBlue","downfall:RedIOU","Snack Pack","Lantern","Runesmith:Nanobots","downfall:HeartBlessingRed","ReplayTheSpireMod:Shallot","Runesmith:Locket","HornCleat"],"acts_visited":["Exordium","TheCity"],"potions_floor_usage":[11,16,17,17,18,22,24,29,31],"damage_taken":[{"damage":0,"enemies":"Small Slimes","floor":4,"turns":1},{"damage":0,"enemies":"Jaw Worm","floor":8,"turns":1},{"damage":0,"enemies":"Gremlin Nob","floor":10,"turns":1},{"damage":7,"enemies":"Cultist","floor":11,"turns":4},{"damage":17,"enemies":"downfall:FleeingMerchant","floor":13,"turns":4},{"damage":0,"enemies":"3 Louse","floor":14,"turns":2},{"damage":47,"enemies":"downfall:LadyInBlue","floor":15,"turns":9},{"damage":21,"enemies":"Large Slime","floor":16,"turns":6},{"damage":14,"enemies":"Blue Slaver","floor":17,"turns":3},{"damage":54,"enemies":"downfall:Watcher","floor":18,"turns":9},{"damage":21,"enemies":"Replay:Snechameleon","floor":22,"turns":5},{"damage":18,"enemies":"theDuelist:KaibaA2","floor":24,"turns":6},{"damage":16,"enemies":"Spheric Guardian","floor":25,"turns":4},{"damage":54,"enemies":"Slavers","floor":29,"turns":5},{"damage":25,"enemies":"Centurion and Healer","floor":30,"turns":6},{"damage":13,"enemies":"downfall:FleeingMerchant","floor":31,"turns":4},{"damage":7,"enemies":"downfall:FleeingMerchant","floor":33,"turns":4},{"damage":7,"enemies":"Shelled Parasite and Fungi","floor":34,"turns":3},{"damage":39,"enemies":"downfall:Ironclad","floor":35,"turns":4}],"seed_played":"5644499670359852359","potions_obtained":[{"floor":10,"key":"Block Potion"},{"floor":15,"key":"EssenceOfSteel"},{"floor":15,"key":"champ:CounterPotion"},{"floor":15,"key":"Regen Potion"},{"floor":16,"key":"Reflective Coating"},{"floor":17,"key":"GamblersBrew"},{"floor":18,"key":"BlessingOfTheForge"},{"floor":24,"key":"Strength Potion"},{"floor":25,"key":"Energy Potion"},{"floor":30,"key":"SpeedPotion"}],"is_trial":false,"path_per_floor":["R","?","?","M","PTL","PTL","R","M","T","E","M","R","$","M","?","M","M","B",null,"R","?","E","R","E","M","T","?","R","E","M","$","?","$","M","B"],"character_chosen":"THE_CHAMP","items_purchased":["champ:ShieldWall","Runesmith:Locket"],"campfire_rested":0,"item_purchase_floors":[13,31],"current_hp_per_floor":[90,90,90,90,90,90,90,90,90,90,90,90,90,90,63,60,52,12,90,100,100,92,92,94,87,87,67,67,31,27,25,15,17,19,0,0,0],"gold":58,"neow_bonus":"THREE_ENEMY_KILL","is_daily":false,"chose_seed":false,"campfire_upgraded":5,"win_rate":0.0,"timestamp":1608516464,"path_taken":["R","?","?","M","PTL","PTL","R","M","T","E","M","R","?","M","?","?","M","BOSS","R","?","E","R","E","M","T","?","R","E","M","$","?","$","M","BOSS"],"items_purchased_type":["Card","Relic"],"build_version":"2020-12-13","purchased_purges":0,"victory":false,"max_hp_per_floor":[90,90,90,90,90,90,90,90,90,90,90,90,90,90,90,90,90,90,90,100,100,100,100,100,100,100,105,105,105,105,105,105,105,105,105,105,105],"card_choices":[{"not_picked":["champ:Backstep","champ:FalseCounter"],"picked":"champ:GladiatorsShout","floor":4},{"not_picked":["champ:EnGarde","champ:BladeFlurry"],"picked":"champ:StanceDance","floor":8},{"not_picked":["champ:FightOn","champ:FocusedDefense"],"picked":"champ:EnragedBash","floor":10},{"not_picked":["champ:PerfectedStrike","champ:BerserkersShout"],"picked":"champ:CrookedStrike","floor":11},{"not_picked":["champ:CrookedStrike","champ:Haymaker"],"picked":"champ:FlashCut","floor":13},{"not_picked":["champ:CrookedStrike","champ:Riposte"],"picked":"champ:EndlessRage","floor":14},{"not_picked":["champ:Circumvent","champ:BerserkersShout"],"picked":"champ:FocusedDefense","floor":15},{"not_picked":["champ:Riposte","champ:CrookedStrike"],"picked":"champ:AdrenalArmor","floor":16},{"not_picked":["champ:StanceDance","champ:TornadoPunch","champ:FlashCut"],"picked":"SKIP","floor":17},{"not_picked":["champ:LastStand","champ:CheapShot"],"picked":"champ:DancingMaster","floor":18},{"not_picked":["champ:FightOn","champ:Backstep"],"picked":"champ:DefensiveStyle","floor":22},{"not_picked":["champ:Duel","champ:PerfectedStrike"],"picked":"champ:SkillfulDodge+1","floor":24},{"not_picked":["champ:AdrenalArmor","champ:FlashCut","champ:TornadoPunch"],"picked":"SKIP","floor":25},{"not_picked":["champ:TornadoPunch","champ:GladiatorsShout"],"picked":"champ:ShieldSlam","floor":29},{"not_picked":["champ:BladeFlurry","champ:Encircle"],"picked":"champ:GladiatorStyle+1","floor":30},{"not_picked":["champ:FlashCut+1","champ:Haymaker"],"picked":"champ:Backstep+1","floor":31},{"not_picked":["champ:GladiatorsShout","champ:PreciseThrust"],"picked":"champ:BerserkersShout","floor":33},{"not_picked":["champ:Circumvent+1","champ:GladiatorsShout+1"],"picked":"champ:BerserkerStyle","floor":34}],"player_experience":2110876,"relics_obtained":[{"floor":10,"key":"Mummified Hand"},{"floor":15,"key":"White Beast Statue"},{"floor":22,"key":"Snack Pack"},{"floor":24,"key":"Lantern"},{"floor":26,"key":"Runesmith:Nanobots"},{"floor":29,"key":"ReplayTheSpireMod:Shallot"}],"event_choices":[{"damage_healed":0,"gold_gain":0,"player_choice":"HornCleat","damage_taken":0,"relics_obtained":["HornCleat"],"max_hp_gain":0,"max_hp_loss":0,"event_name":"blackbeard:ShipwreckEvent","floor":32,"gold_loss":0}],"is_beta":false,"boss_relics":[{"not_picked":["Empty Cage","Replay:Drink Me"],"picked":"Velvet Choker"}],"items_purged_floors":[],"is_endless":false,"potions_floor_spawned":[10,16,17,18,24,25,30],"killed_by":"downfall:Ironclad","ascension_level":0}}