{"host":"Rich","time":1608513175,"event":{"mods":["AchievementEnabler","BaseMod","Highlight Path","Minty Spire (QoL Compilation)","Relic Stats"],"gold_per_floor":[112,37,37,48,48,92,107,107,157,157,157,29,29,67,67,166,166,185,18,18,39,58,58,58],"floor_reached":23,"playtime":732,"items_purged":["Strike_B","Strike_B"],"score":394,"play_id":"376a063b-7230-493d-9026-2c1ef5e4850f","local_time":"20201220201255","is_ascension_mode":true,"campfire_choices":[{"floor":8,"key":"REST"},{"floor":10,"key":"REST"},{"data":"Chill","floor":13,"key":"SMITH"},{"data":"Gash","floor":15,"key":"SMITH"}],"circlet_count":0,"master_deck":["AscendersBane","Strike_B","Strike_B","Defend_B","Defend_B","Defend_B","Defend_B","Zap+1","Dualcast","Gash+1","Rebound","Gash","Leap","Chill+1","Cold Snap","Echo Form","Sweeping Beam","Genetic Algorithm"],"relics":["Cracked Core","Golden Idol","DataDisk","Smiling Mask","InkBottle","Art of War","Busted Crown","Orichalcum"],"acts_visited":["Exordium","TheCity"],"potions_floor_usage":[14,21],"damage_taken":[{"damage":7,"enemies":"Small Slimes","floor":1,"turns":3},{"damage":4,"enemies":"2 Louse","floor":4,"turns":2},{"damage":40,"enemies":"3 Sentries","floor":6,"turns":8},{"damage":1,"enemies":"Cultist","floor":7,"turns":4},{"damage":8,"enemies":"Lagavulin","floor":14,"turns":8},{"damage":40,"enemies":"The Guardian","floor":16,"turns":11},{"damage":13,"enemies":"Shell Parasite","floor":18,"turns":4},{"damage":0,"enemies":"3 Byrds","floor":21,"turns":2},{"damage":30,"enemies":"Snake Plant","floor":22,"turns":7},{"damage":17,"enemies":"Slavers","floor":23,"turns":1}],"seed_played":"8259248945823825278","potions_obtained":[{"floor":6,"key":"Weak Potion"},{"floor":16,"key":"SpeedPotion"},{"floor":18,"key":"LiquidBronze"},{"floor":22,"key":"Ancient Potion"}],"is_trial":false,"path_per_floor":["M","$","?","M","?","E","M","R","T","R","?","$","R","E","R","B",null,"M","$","?","M","M","E"],"character_chosen":"DEFECT","items_purchased":["Chill","Orichalcum"],"campfire_rested":2,"item_purchase_floors":[12,19],"current_hp_per_floor":[57,57,62,58,58,18,17,37,37,57,52,52,52,44,44,4,53,40,40,40,40,10,0,0],"gold":58,"neow_bonus":"UPGRADE_CARD","is_daily":false,"chose_seed":false,"campfire_upgraded":2,"win_rate":0.0,"timestamp":1608513175,"path_taken":["M","$","?","M","?","E","M","R","T","R","?","$","R","E","R","BOSS","M","$","?","M","M","E"],"items_purchased_type":["Card","Relic"],"build_version":"2020-12-18","purchased_purges":2,"victory":false,"max_hp_per_floor":[71,71,76,76,69,69,69,69,69,69,69,69,69,69,69,69,69,69,69,69,69,69,69,69],"relic_stats":{"Busted Crown":6,"counters":[10,50],"Golden Idol":52,"Art of War":[1],"Orichalcum":[12],"Smiling Mask":50,"obtain_stats":[{"DataDisk":6,"Busted Crown":17,"Golden Idol":5,"Art of War":14,"Orichalcum":19,"Cracked Core":0,"Smiling Mask":9,"InkBottle":11},{"DataDisk":3,"Busted Crown":6,"Golden Idol":2,"Art of War":5,"Orichalcum":7,"Cracked Core":0,"Smiling Mask":4,"InkBottle":4},{"DataDisk":13,"Busted Crown":36,"Golden Idol":5,"Art of War":25,"Orichalcum":40,"Cracked Core":0,"Smiling Mask":17,"InkBottle":17}],"InkBottle":[12]},"card_choices":[{"not_picked":["Compile Driver","Reinforced Body"],"picked":"Gash","floor":1},{"not_picked":["Lockon","Barrage"],"picked":"Rebound","floor":4},{"not_picked":["Coolheaded","Turbo"],"picked":"Gash","floor":6},{"not_picked":["Chaos","Ball Lightning"],"picked":"Leap","floor":7},{"not_picked":["Recycle","Streamline"],"picked":"Cold Snap","floor":14},{"not_picked":["Meteor Strike","Core Surge"],"picked":"Echo Form","floor":16},{"not_picked":[],"picked":"Sweeping Beam","floor":18},{"not_picked":[],"picked":"Genetic Algorithm","floor":21},{"not_picked":["Steam Power"],"picked":"SKIP","floor":22}],"player_experience":1920114,"relics_obtained":[{"floor":6,"key":"DataDisk"},{"floor":9,"key":"Smiling Mask"},{"floor":14,"key":"Art of War"}],"event_choices":[{"damage_healed":0,"gold_gain":0,"player_choice":"Donut","damage_taken":0,"max_hp_gain":5,"max_hp_loss":0,"event_name":"Big Fish","floor":3,"gold_loss":0},{"damage_healed":0,"gold_gain":0,"player_choice":"Lose Max HP","damage_taken":0,"relics_obtained":["Golden Idol"],"max_hp_gain":0,"max_hp_loss":7,"event_name":"Golden Idol","floor":5,"gold_loss":0},{"damage_healed":0,"gold_gain":0,"player_choice":"Success","damage_taken":5,"relics_obtained":["InkBottle"],"max_hp_gain":0,"max_hp_loss":0,"event_name":"Scrap Ooze","floor":11,"gold_loss":0},{"damage_healed":0,"gold_gain":0,"player_choice":"0 cards matched","damage_taken":0,"max_hp_gain":0,"max_hp_loss":0,"event_name":"Match and Keep!","floor":20,"gold_loss":0,"cards_obtained":[]}],"is_beta":true,"boss_relics":[{"not_picked":["Ectoplasm","Runic Dome"],"picked":"Busted Crown"}],"items_purged_floors":[2,12],"is_endless":false,"potions_floor_spawned":[6,16,18,22],"killed_by":"Slavers","ascension_level":20}}