{"host":"g75gtovmj0ine2rf","time":1608532377,"event":{"mods":["2.2 Compatiblity","AchievementEnabler","Act Like it!","Aspiration","Astrologer","Bard","BaseMod","Better Match","BetterRewards","CapriCore","Challenge The Spire","ChefMod","Colored Map","Conspire","Energized Spire","Friendly Minions","Gensokyo","Halation","Hallownest","Hermit","HexUI Lib","Highlight Path","Hubris","Infinite Spire","Jedi Mod","Lobotomy","Minty Spire (QoL Compilation)","Puzzle Mod","Quick Restart","Rare Cards Sparkle","Relic Stats","Replay The Spire","Shade Mod","Shop Mod","Spicy Shops","StSLib","SuperFastMode","The Construct","The Cursed","The Factory","The Jungle","The Runesmith","TheBandit","TheFirefly","TheSwordswoman","TheVacant","Transform Curses","Wandering Minibosses","thorton","vexMod"],"gold_per_floor":[118,134,145,165,185,185,210,210,237,272,272,123,150,165,165,261,261,277,294,333,333,333],"floor_reached":21,"playtime":1518,"items_purged":["WhitesApple","Alriune"],"score":191,"play_id":"e4f6be90-8288-497d-b97d-c0b797d8dd6e","local_time":"20201221173257","is_ascension_mode":false,"campfire_choices":[{"floor":6,"key":"REST"},{"floor":8,"key":"REST"},{"floor":15,"key":"REST"}],"circlet_count":0,"master_deck":["Strike_B","Strike_B","Strike_B","Strike_B","Defend_B","Defend_B","Defend_B","Defend_B","Zap","Dualcast","MHz","Self Repair","CrumblingArmor","ShyLook","Storm","Genetic Algorithm","Parasite","FairyFestival","Force Field","Parasite","Static Discharge","Crystallizer","MeatLantern","ReplayTheSpireMod:GoodbyeWorld","Bloodbath","OSAHOGD","Reboot","LittlePrince","VoidDream","jedi:overflow+1","BasicCrystalCard"],"relics":["Cracked Core","CogitoBucket","halation:VictoryRuler","halation:AfternoonTea","Replay:Bottled Flurry","halation:PinkSoulGem","infinitespire:PuzzleCube","TreeSap","Inserter","jedi:ominousloannote","Replay:Antivirus Software","aspiration:EnhancedActuators"],"acts_visited":["Exordium","TheCity"],"potions_floor_usage":[5],"damage_taken":[{"damage":0.0,"enemies":"Hallownest:monsterHuskWarrior","floor":1.0,"turns":3.0},{"damage":6.0,"enemies":"Hallownest:2_Tiktiks_and_1_Crawlid","floor":2.0,"turns":3.0},{"damage":21.0,"enemies":"2_ Uuma","floor":3.0,"turns":6.0},{"damage":19.0,"enemies":"Hallownest:MossCreep_and_Mosskin","floor":4.0,"turns":5.0},{"damage":25,"enemies":"Hallownest:1_Ooma_and_2_Uuma","floor":5,"turns":9},{"damage":29,"enemies":"Hallownest:eliteMossKnight","floor":7,"turns":12},{"damage":11,"enemies":"conspire:MimicChest","floor":10,"turns":8},{"damage":25,"enemies":"Hallownest:eliteCrystalGuardian","floor":13,"turns":6},{"damage":0,"enemies":"Hallownest:monsterFoolEater","floor":14,"turns":1},{"damage":96,"enemies":"Hallownest:BossHornet","floor":16,"turns":11},{"damage":5,"enemies":"Spheric Guardian","floor":18,"turns":6},{"damage":38,"enemies":"Chosen","floor":19,"turns":7},{"damage":51,"enemies":"Snake Plant","floor":21,"turns":5}],"seed_played":"5045064210242480170","potions_obtained":[{"floor":1.0,"key":"SkillPotion"},{"floor":2.0,"key":"Energy Potion"},{"floor":4,"key":"FairyPotion"},{"floor":10,"key":"jedi:mysterypotion"}],"is_trial":false,"path_per_floor":["M","M","M","M","M","R","E","R","T","?","?","$","E","M","R","B",null,"M","M","$","M"],"character_chosen":"DEFECT","items_purchased":["Crystallizer","jedi:ominousloannote","Replay:Antivirus Software","aspiration:EnhancedActuators","BasicCrystalCard"],"campfire_rested":3,"item_purchase_floors":[12,20,20,20,20],"current_hp_per_floor":[75,75,61,49,31,53,31,53,53,49,49,49,31,31,53,29,75,75,44,44,0,0],"gold":333,"neow_bonus":"","is_daily":false,"chose_seed":false,"campfire_upgraded":0,"win_rate":0.0,"timestamp":1608532377,"path_taken":["M","?","?","M","M","R","E","R","T","?","?","?","E","?","R","BOSS","M","M","$","?"],"items_purchased_type":["Card","Relic","Relic","Relic","Card"],"build_version":"2020-12-13","purchased_purges":2,"victory":false,"max_hp_per_floor":[75,75,75,75,75,75,75,75,75,75,75,75,75,75,75,75,75,75,75,75,75,75],"relic_stats":{"Inserter":[9],"counters":[14,83],"obtain_stats":[{"CogitoBucket":0,"Inserter":17,"aspiration:EnhancedActuators":20,"jedi:ominousloannote":20,"TreeSap":14,"halation:VictoryRuler":7,"Replay:Bottled Flurry":10,"halation:AfternoonTea":9,"Replay:Antivirus Software":20,"Cracked Core":0,"halation:PinkSoulGem":11,"infinitespire:PuzzleCube":13},{"CogitoBucket":0,"Inserter":11,"aspiration:EnhancedActuators":13,"jedi:ominousloannote":13,"TreeSap":10,"halation:VictoryRuler":6,"Replay:Bottled Flurry":7,"halation:AfternoonTea":6,"Replay:Antivirus Software":13,"Cracked Core":0,"halation:PinkSoulGem":7,"infinitespire:PuzzleCube":8},{"CogitoBucket":0,"Inserter":65,"aspiration:EnhancedActuators":78,"jedi:ominousloannote":78,"TreeSap":54,"halation:VictoryRuler":38,"Replay:Bottled Flurry":46,"halation:AfternoonTea":38,"Replay:Antivirus Software":78,"Cracked Core":0,"halation:PinkSoulGem":46,"infinitespire:PuzzleCube":52}]},"card_choices":[{"not_picked":["LittleHelper","NakedNest"],"picked":"MHz","floor":1.0},{"not_picked":["Sweeping Beam","jedi:markofdeath"],"picked":"Self Repair","floor":1.0},{"not_picked":["SpiderBud","LongBird","OSAHOGD"],"picked":"Singing Bowl","floor":2.0},{"not_picked":["OSAHOGD","Scorched"],"picked":"CrumblingArmor","floor":2.0},{"not_picked":["jedi:BurstFrost","Barrage","Leap"],"picked":"SKIP","floor":2.0},{"not_picked":["FairyFestival","Bloodbath"],"picked":"ShyLook","floor":3.0},{"not_picked":["Steam","jedi:BurstLightning"],"picked":"Storm","floor":3.0},{"not_picked":["Coolheaded","hubris:SpecializedCircuitry","Streamline"],"picked":"SKIP","floor":4},{"not_picked":["NakedNest","Wellcheers"],"picked":"WhitesApple","floor":5},{"not_picked":["Panic Button","ReplayTheSpireMod:Reroute Power"],"picked":"Genetic Algorithm","floor":5},{"not_picked":["Bloodbath","Murderer"],"picked":"FairyFestival","floor":7},{"not_picked":["ReplayTheSpireMod:GoodbyeWorld","Ball Lightning"],"picked":"Force Field","floor":7},{"not_picked":["LongBird","Scorched"],"picked":"Alriune","floor":10},{"not_picked":["Hologram","Undo"],"picked":"Static Discharge","floor":10},{"not_picked":["Variant","Bloodbath"],"picked":"MeatLantern","floor":13},{"not_picked":["Panic Button","Rebound"],"picked":"ReplayTheSpireMod:GoodbyeWorld","floor":13},{"not_picked":["BeautyBeast","DespairKnight"],"picked":"Bloodbath","floor":14},{"not_picked":["ReplaySort","Double Energy","Compile Driver"],"picked":"SKIP","floor":14},{"not_picked":["ReplaySort","Double Energy","Compile Driver"],"picked":"SKIP","floor":14},{"not_picked":["Porccubus","SnowQueen"],"picked":"OSAHOGD","floor":16},{"not_picked":["Core Surge","hubris:SpecializedCircuitry"],"picked":"Reboot","floor":16},{"not_picked":["QueenBee","BigBird"],"picked":"LittlePrince","floor":18},{"not_picked":["Coolheaded","ReplayTheSpireMod:Reroute Power","Conserve Battery"],"picked":"SKIP","floor":18},{"not_picked":["CherryBlossoms","PunishingBird"],"picked":"VoidDream","floor":19},{"not_picked":["Leap+1","Hyperbeam"],"picked":"jedi:overflow+1","floor":19}],"player_experience":1330848,"relics_obtained":[{"floor":7,"key":"halation:VictoryRuler"},{"floor":9,"key":"halation:AfternoonTea"},{"floor":10,"key":"Replay:Bottled Flurry"},{"floor":13,"key":"infinitespire:PuzzleCube"}],"event_choices":[],"is_beta":false,"boss_relics":[{"not_picked":["aspiration:SecretTechniqueScroll","halation:SmartPhone"],"picked":"Inserter"}],"items_purged_floors":[12,20],"is_endless":false,"potions_floor_spawned":[1,2,4,10],"killed_by":"Snake Plant","ascension_level":0}}