{"host":"k6v1xkuzrj71f4ss","time":1608558303,"event":{"mods":["Act Like it!","BaseMod","Bestiary","Better Altar","Better Third Choice","BetterRewards","Block Reminder","Colored Map","Colored Powertips","Curses Come First","Hubris","Minty Spire (QoL Compilation)","Quick Restart","Relic Stats","Remove Card Discount Mod","Spicy Shops","StSLib","óô»ðÖ¸ÄÏ"],"gold_per_floor":[15,15,25,25,4508,4508,4543,4543,4543,4170,4170,4195,3456,3466,3466,3564,3564,3583,3583,3583,3583,2371,2404,2418,2418,2418,2433,2461,2474,2181,2200,2200,2298,2298,2316,2326,2326,2336,2355,2382,2382,2395,2395,0,0,13,41,59,59,59],"floor_reached":51,"playtime":11999,"items_purged":["Decay","Strike_G","Strike_G","Defend_G","Defend_G","Regret","Strike_G","Strike_G","Defend_G"],"score":1055,"play_id":"119109e2-1636-4e36-a2bf-3a32dfa855b4","local_time":"20201221214503","is_ascension_mode":false,"campfire_choices":[{"data":"hubris:EnhanceAbility","floor":6.0,"key":"SMITH"},{"data":"Neutralize","floor":15.0,"key":"SMITH"},{"data":"hubris:EnhanceAbility","floor":32.0,"key":"SMITH"},{"data":"Dual Wield","floor":41.0,"key":"SMITH"},{"floor":49,"key":"REST"}],"circlet_count":0,"master_deck":["Defend_G","Survivor","Neutralize+1","Dash","hubris:SlightOfHand","Heel Hook","Deadly Poison","Outmaneuver","hubris:EnhanceAbility+1","Expertise","Slice","Bane","Sadistic Nature","Swift Strike","Quick Slash","Phantasmal Killer","hubris:Counter","Dual Wield+1","hubris:EnhanceAbility+1","Poisoned Stab","Catalyst+1","Dash","Distraction+1","Poisoned Stab","Night Terror+1","Madness+1","Madness+1","Backstab"],"relics":["Ring of the Snake","hubris:AncientText","Sling","Bottled Flame","Bag of Marbles","hubris:DeckOfHolding","Tough Bandages","hubris:Icosahedron","Ginger","Vajra","Black Star","Snake Skull","Toxic Egg 2","Lantern","The Specimen","MealTicket","Singing Bowl","StoneCalendar","Paper Crane","Lee\u0027s Waffle","Busted Crown","Pantograph","hubris:FunFungus","hubris:PeanutButter","Red Mask","hubris:BundleOfHerbs","Blood Vial"],"acts_visited":["Exordium","TheCity","TheBeyond"],"potions_floor_usage":[],"damage_taken":[{"damage":1.0,"enemies":"Jaw Worm","floor":1.0,"turns":6.0},{"damage":8.0,"enemies":"Cultist","floor":3.0,"turns":5.0},{"damage":11.0,"enemies":"3 Sentries","floor":7.0,"turns":10.0},{"damage":1.0,"enemies":"Lagavulin","floor":12.0,"turns":6.0},{"damage":0.0,"enemies":"Small Slimes","floor":14.0,"turns":4.0},{"damage":41.0,"enemies":"Slime Boss","floor":16.0,"turns":10.0},{"damage":0.0,"enemies":"Shell Parasite","floor":18.0,"turns":4.0},{"damage":0.0,"enemies":"Gremlin Leader","floor":23.0,"turns":5.0},{"damage":0.0,"enemies":"Chosen","floor":24.0,"turns":2.0},{"damage":1.0,"enemies":"Snecko","floor":27.0,"turns":4.0},{"damage":4.0,"enemies":"Book of Stabbing","floor":28.0,"turns":5.0},{"damage":4.0,"enemies":"Centurion and Healer","floor":29.0,"turns":4.0},{"damage":0.0,"enemies":"Sentry and Sphere","floor":31.0,"turns":4.0},{"damage":3.0,"enemies":"Champ","floor":33.0,"turns":7.0},{"damage":9.0,"enemies":"3 Darklings","floor":35.0,"turns":4.0},{"damage":17.0,"enemies":"3 Shapes","floor":36.0,"turns":3.0},{"damage":0.0,"enemies":"Maw","floor":38.0,"turns":6.0},{"damage":0.0,"enemies":"Transient","floor":39.0,"turns":5.0},{"damage":10.0,"enemies":"Giant Head","floor":40.0,"turns":6.0},{"damage":0.0,"enemies":"Spire Growth","floor":42.0,"turns":2.0},{"damage":1,"enemies":"Sphere and 2 Shapes","floor":46,"turns":4},{"damage":1,"enemies":"Nemesis","floor":47,"turns":5},{"damage":0,"enemies":"4 Shapes","floor":48,"turns":2},{"damage":37,"enemies":"Time Eater","floor":50,"turns":11}],"seed_played":"-2397382150749349091","potions_obtained":[{"floor":1.0,"key":"Poison Potion"},{"floor":7.0,"key":"LiquidMemories"},{"floor":14.0,"key":"Fruit Juice"},{"floor":18.0,"key":"EssenceOfSteel"},{"floor":23.0,"key":"Energy Potion"},{"floor":33.0,"key":"Poison Potion"},{"floor":39.0,"key":"GhostInAJar"}],"is_trial":false,"path_per_floor":["M","?","M","?","$","R","E","?","T","$","?","E","$","M","R","B",null,"M","?","?","?","$","E","M","?","T","M","E","M","$","M","R","B",null,"M","M","?","M","M","E","R","M","T","?","?","M","E","M","R","B",null],"character_chosen":"THE_SILENT","items_purchased":["Outmaneuver","hubris:EnhanceAbility","hubris:AncientText","Sling","Tough Bandages","Slice","Sadistic Nature","Swift Strike","Vajra","hubris:EnhanceAbility","Poisoned Stab","Snake Skull","Toxic Egg 2","Lantern","Poisoned Stab","Lee\u0027s Waffle"],"campfire_rested":1,"item_purchase_floors":[5,5,5,5,10,10,13,13,13,22,22,22,22,22,30,30],"current_hp_per_floor":[69,69,61,61,61,61,50,50,50,50,50,49,49,54,54,13,75,75,75,75,75,75,75,75,75,75,74,70,68,84,86,86,83,86,79,64,53,55,57,49,49,51,51,51,51,59,61,65,95,72],"gold":59,"neow_bonus":"TRANSFORM_TWO_CARDS","is_daily":false,"chose_seed":false,"campfire_upgraded":4,"win_rate":0.0,"timestamp":1608558303,"path_taken":["M","?","?","?","$","R","E","?","T","$","?","E","?","M","R","BOSS","M","?","?","?","$","E","M","?","T","M","E","M","$","M","R","BOSS","M","?","?","M","M","E","R","M","T","?","?","?","E","M","R","BOSS"],"items_purchased_type":["Card","Card","Relic","Relic","Relic","Card","Card","Card","Relic","Card","Card","Relic","Relic","Relic","Card","Relic"],"build_version":"2020-12-13","purchased_purges":9,"victory":true,"max_hp_per_floor":[70,70,70,70,70,70,70,70,70,70,70,70,70,75,75,75,75,75,75,75,75,75,75,75,75,75,75,75,77,84,86,86,86,86,88,90,90,92,94,96,96,98,98,98,98,100,100,102,102,102],"relic_stats":{"Lee\u0027s Waffle":7,"Singing Bowl":20,"counters":[24,124],"StoneCalendar":[77],"Snake Skull":[84],"Ginger":[18],"Blood Vial":4,"Tough Bandages":[87],"Busted Crown":18,"Pantograph":5,"MealTicket":9,"Black Star":4,"obtain_stats":[{"Lantern":22,"Singing Bowl":26,"Vajra":13,"StoneCalendar":28,"Snake Skull":22,"Ginger":12,"Sling":5,"Blood Vial":47,"Tough Bandages":10,"hubris:Icosahedron":11,"Pantograph":40,"hubris:DeckOfHolding":9,"MealTicket":23,"hubris:FunFungus":40,"Red Mask":44,"Toxic Egg 2":22,"Ring of the Snake":0,"Lee\u0027s Waffle":30,"The Specimen":23,"Paper Crane":28,"Bottled Flame":7,"Busted Crown":34,"hubris:PeanutButter":43,"hubris:BundleOfHerbs":47,"Bag of Marbles":8,"Black Star":17,"hubris:AncientText":5},{"Lantern":7,"Singing Bowl":9,"Vajra":4,"StoneCalendar":11,"Snake Skull":7,"Ginger":4,"Sling":2,"Blood Vial":22,"Tough Bandages":3,"hubris:Icosahedron":3,"Pantograph":19,"hubris:DeckOfHolding":3,"MealTicket":8,"hubris:FunFungus":19,"Red Mask":20,"Toxic Egg 2":7,"Ring of the Snake":0,"Lee\u0027s Waffle":12,"The Specimen":8,"Paper Crane":11,"Bottled Flame":3,"Busted Crown":14,"hubris:PeanutButter":20,"hubris:BundleOfHerbs":22,"Bag of Marbles":3,"Black Star":6,"hubris:AncientText":2},{"Lantern":45,"Singing Bowl":52,"Vajra":27,"StoneCalendar":61,"Snake Skull":45,"Ginger":27,"Sling":11,"Blood Vial":111,"Tough Bandages":21,"hubris:Icosahedron":21,"Pantograph":100,"hubris:DeckOfHolding":21,"MealTicket":50,"hubris:FunFungus":100,"Red Mask":102,"Toxic Egg 2":45,"Ring of the Snake":0,"Lee\u0027s Waffle":65,"The Specimen":50,"Paper Crane":61,"Bottled Flame":21,"Busted Crown":76,"hubris:PeanutButter":102,"hubris:BundleOfHerbs":111,"Bag of Marbles":21,"Black Star":41,"hubris:AncientText":11}],"Ring of the Snake":[48]},"card_choices":[{"not_picked":["Calculated Gamble","Dodge and Roll"],"picked":"Heel Hook","floor":1.0},{"not_picked":["Infinite Blades","hubris:TrickCloak"],"picked":"Deadly Poison","floor":3.0},{"not_picked":["Sucker Punch","All Out Attack"],"picked":"Expertise","floor":7.0},{"not_picked":["Deflect","Outmaneuver"],"picked":"Bane","floor":12.0},{"not_picked":["Outmaneuver","PiercingWail"],"picked":"Quick Slash","floor":14.0},{"not_picked":["Tools of the Trade","Wraith Form v2"],"picked":"Phantasmal Killer","floor":16.0},{"not_picked":["Masterful Stab","Slice"],"picked":"hubris:Counter","floor":18.0},{"not_picked":["Bane+1","Infinite Blades"],"picked":"Catalyst+1","floor":23.0},{"not_picked":["Backflip+1","Reflex+1","Dagger Throw+1"],"picked":"SKIP","floor":24.0},{"not_picked":["Footwork+1","Underhanded Strike+1"],"picked":"Dash","floor":27.0},{"not_picked":["Poisoned Stab+1","hubris:TrickCloak+1"],"picked":"Distraction+1","floor":28.0},{"not_picked":["Blade Dance+1","Quick Slash","Dagger Throw"],"picked":"Singing Bowl","floor":29.0},{"not_picked":["Quick Slash","Bane","Outmaneuver+1"],"picked":"Singing Bowl","floor":31.0},{"not_picked":["Phantasmal Killer+1","Unload"],"picked":"Night Terror+1","floor":33.0},{"not_picked":["Footwork+1"],"picked":"Singing Bowl","floor":35.0},{"not_picked":["Caltrops"],"picked":"Singing Bowl","floor":36.0},{"not_picked":["Slice+1"],"picked":"Singing Bowl","floor":38.0},{"not_picked":["PiercingWail+1"],"picked":"Singing Bowl","floor":39.0},{"not_picked":["Flying Knee"],"picked":"Singing Bowl","floor":40.0},{"not_picked":["Backflip+1"],"picked":"Singing Bowl","floor":42.0},{"not_picked":["Dagger Spray"],"picked":"Singing Bowl","floor":46},{"not_picked":[],"picked":"Backstab","floor":47},{"not_picked":["Well Laid Plans+1"],"picked":"Singing Bowl","floor":48}],"player_experience":154107,"relics_obtained":[{"floor":7.0,"key":"Bottled Flame"},{"floor":9.0,"key":"hubris:DeckOfHolding"},{"floor":12.0,"key":"Ginger"},{"floor":23.0,"key":"The Specimen"},{"floor":23.0,"key":"MealTicket"},{"floor":26.0,"key":"Singing Bowl"},{"floor":28.0,"key":"StoneCalendar"},{"floor":28.0,"key":"Paper Crane"},{"floor":40.0,"key":"Pantograph"},{"floor":40.0,"key":"hubris:FunFungus"},{"floor":43.0,"key":"hubris:PeanutButter"},{"floor":47,"key":"hubris:BundleOfHerbs"},{"floor":47,"key":"Blood Vial"}],"event_choices":[{"damage_healed":0.0,"max_hp_gain":0.0,"max_hp_loss":0.0,"gold_gain":0.0,"event_name":"Wheel of Change","player_choice":"Cursed","floor":2.0,"gold_loss":0.0,"damage_taken":0.0,"cards_obtained":["Decay"]},{"damage_healed":0.0,"max_hp_gain":0.0,"max_hp_loss":0.0,"gold_gain":0.0,"event_name":"Golden Idol","player_choice":"Ignored","floor":4.0,"gold_loss":0.0,"damage_taken":0.0},{"damage_healed":0.0,"max_hp_gain":0.0,"max_hp_loss":0.0,"gold_gain":0.0,"event_name":"Big Fish","player_choice":"Box","floor":8.0,"gold_loss":0.0,"damage_taken":0.0,"relics_obtained":["Bag of Marbles"],"cards_obtained":["Regret"]},{"damage_healed":0.0,"max_hp_gain":0.0,"max_hp_loss":0.0,"gold_gain":0.0,"event_name":"The Library","player_choice":"Read","floor":19.0,"gold_loss":0.0,"damage_taken":0.0,"cards_obtained":["Dual Wield"]},{"damage_healed":0.0,"max_hp_gain":0.0,"max_hp_loss":0.0,"gold_gain":0.0,"event_name":"Vampires","player_choice":"Ignored","floor":20.0,"gold_loss":0.0,"damage_taken":0.0},{"damage_healed":0.0,"max_hp_gain":0.0,"max_hp_loss":0.0,"gold_gain":0.0,"event_name":"NoteForYourself","player_choice":"Ignored","floor":25.0,"gold_loss":0.0,"damage_taken":0.0},{"damage_healed":0.0,"max_hp_gain":0.0,"max_hp_loss":0.0,"gold_gain":0.0,"event_name":"Winding Halls","player_choice":"Embrace Madness","floor":37.0,"gold_loss":0.0,"damage_taken":11.0,"cards_obtained":["Madness","Madness"]},{"damage_healed":0.0,"max_hp_gain":0.0,"max_hp_loss":0.0,"gold_gain":0.0,"event_name":"Tomb of Lord Red Mask","player_choice":"Paid","floor":44.0,"gold_loss":2395.0,"damage_taken":0.0,"relics_obtained":["Red Mask"]},{"damage_healed":0.0,"max_hp_gain":0.0,"max_hp_loss":0.0,"gold_gain":0.0,"event_name":"betterThird:BetterPortal","player_choice":"Ignored","floor":45.0,"gold_loss":0.0,"damage_taken":0.0}],"is_beta":false,"boss_relics":[{"not_picked":["WristBlade","hubris:CrackedHourglass"],"picked":"Black Star"},{"not_picked":["Tiny House","Velvet Choker"],"picked":"Busted Crown"}],"items_purged_floors":[5,5,5,5,5,10,10,13,30],"is_endless":false,"potions_floor_spawned":[1,7,14,18,23,27,33,36,39,40,42],"ascension_level":0}}