{"host":"p7xnybcl7rtshmbr","time":1608577476,"event":{"mods":["AchievementEnabler","AlwaysNeverKeys","Aspiration","BaseMod","Hermit","Hubris","Minty Spire (QoL Compilation)","Replay The Spire","StSLib","The Hierophant","The Marked","The Poker Player","The Servant 0.9.4"],"gold_per_floor":[117,117,117,135,135,135,135,149,149,149,161,161,181,194,194,194,194],"floor_reached":16,"playtime":401,"items_purged":[],"score":92,"play_id":"2cb74dda-3b71-4936-bba8-e2ece3d526b0","local_time":"20201221220436","is_ascension_mode":false,"campfire_choices":[{"data":"theMarked:Reabsorb","floor":6,"key":"SMITH"},{"data":"theMarked:EnhancedHearing","floor":10,"key":"SMITH"},{"data":"theMarked:SoldierOfQuellstein","floor":12,"key":"SMITH"},{"floor":15,"key":"REST"}],"circlet_count":0,"master_deck":["theMarked:Strike","theMarked:Strike","theMarked:Strike","theMarked:Strike","theMarked:Strike","theMarked:Defend","theMarked:Defend+1","theMarked:Defend","theMarked:Defend","theMarked:SoldierOfQuellstein+1","theMarked:Aftermath","theMarked:Reabsorb+1","theMarked:EnhancedHearing+1","Doubt","theMarked:ElectricStrings","theMarked:Electrocute","theMarked:CreepingChasm"],"relics":["theMarked:ArtifactOfAir","aspiration:Nostalgia","Ring of the Snake","Gremlin Horn","Ring of Hypnosis","Ring of Fangs","Mummified Hand"],"acts_visited":["Exordium"],"potions_floor_usage":[14],"damage_taken":[{"damage":0,"enemies":"Cultist","floor":1,"turns":3},{"damage":4,"enemies":"2 Louse","floor":4,"turns":3},{"damage":2,"enemies":"Small Slimes","floor":8,"turns":4},{"damage":2,"enemies":"2 Fungi Beasts","floor":11,"turns":4},{"damage":2,"enemies":"Exordium Wildlife","floor":13,"turns":4},{"damage":9,"enemies":"Large Slime","floor":14,"turns":5},{"damage":27,"enemies":"The Guardian","floor":16,"turns":4}],"seed_played":"179156781006784222","potions_obtained":[{"floor":4,"key":"Explosive Potion"},{"floor":11,"key":"DuplicationPotion"}],"is_trial":false,"path_per_floor":["M","?","?","M","?","R","?","M","T","R","M","R","M","M","R","B"],"character_chosen":"THE_DEFAULT","items_purchased":[],"campfire_rested":1,"item_purchase_floors":[],"current_hp_per_floor":[70,70,70,66,54,54,54,52,52,52,50,50,48,39,60,33,33],"gold":194,"neow_bonus":"NOSTALGIA","is_daily":false,"chose_seed":false,"campfire_upgraded":3,"win_rate":0.0,"timestamp":1608577476,"path_taken":["M","?","?","M","?","R","?","M","T","R","M","R","M","M","R","BOSS"],"items_purchased_type":[],"build_version":"2020-12-13","purchased_purges":0,"victory":false,"max_hp_per_floor":[70,70,70,70,70,70,70,70,70,70,70,70,70,70,70,70,70],"card_choices":[{"not_picked":["theMarked:TwofoldDefense","theMarked:MagicAdept"],"picked":"theMarked:Aftermath","floor":1},{"not_picked":["theMarked:EnhanceMovement","theMarked:Improvise"],"picked":"theMarked:EnhancedHearing","floor":4},{"not_picked":["theMarked:SelfDefenseTraining","theMarked:TwofoldDefense"],"picked":"theMarked:ElectricStrings","floor":8},{"not_picked":["theMarked:ResourceFulStrike","theMarked:Electrocute","theMarked:ElectricStrings"],"picked":"SKIP","floor":11},{"not_picked":["theMarked:LightningStrikesTwice","theMarked:Aftermath"],"picked":"theMarked:Electrocute","floor":13},{"not_picked":["theMarked:Generate","theMarked:PowerFlow"],"picked":"theMarked:CreepingChasm","floor":14}],"player_experience":320969,"relics_obtained":[{"floor":7,"key":"Ring of Hypnosis"},{"floor":7,"key":"Ring of Fangs"},{"floor":9,"key":"Mummified Hand"}],"event_choices":[{"damage_healed":0,"gold_gain":0,"player_choice":"Success","damage_taken":12,"relics_obtained":["Gremlin Horn"],"max_hp_gain":0,"max_hp_loss":0,"event_name":"Scrap Ooze","floor":5,"gold_loss":0}],"is_beta":false,"boss_relics":[],"items_purged_floors":[],"is_endless":false,"potions_floor_spawned":[4,11],"killed_by":"The Guardian","ascension_level":0}}