{"host":"tjq6rykv202u6iqx","time":1608525009,"event":{"mods":["AchievementEnabler","BaseMod","Minty Spire (QoL Compilation)","Rare Cards Sparkle","Relic Stats"],"gold_per_floor":[10,10,85,95,107,107,121,154,204,239,257,283,295,319,319,394,394,412,412,438,456,456,487,487,502,502,528,542,542,642,150,150,150,150],"floor_reached":33,"playtime":2771,"items_purged":["Bite"],"score":538,"play_id":"b5a41e25-56fc-4b13-897a-b6209ebde5b6","local_time":"20201220223009","is_ascension_mode":true,"campfire_choices":[{"data":"Armaments","floor":6.0,"key":"SMITH"},{"data":"Offering","floor":15.0,"key":"SMITH"},{"data":"Carnage","floor":24,"key":"SMITH"},{"floor":29,"key":"REST"},{"data":"Dark Embrace","floor":32,"key":"SMITH"}],"circlet_count":0,"master_deck":["AscendersBane","Defend_R","Defend_R","Defend_R","Bash","Bludgeon+1","Dark Embrace+1","Iron Wave","Sword Boomerang","Armaments+1","Carnage+1","Reaper","Bloodletting","Flame Barrier","Offering+1","Brutality","Evolve+1","Bite","Bite","Bite","Bite","Disarm","Battle Trance","PanicButton"],"relics":["Burning Blood","Singing Bowl","Centennial Puzzle","Bag of Preparation","Omamori","Odd Mushroom","Velvet Choker","Vajra","Red Mask","Mango","Blue Candle","Medical Kit","Bronze Scales"],"acts_visited":["Exordium","TheCity"],"potions_floor_usage":[23,30,33],"damage_taken":[{"damage":0.0,"enemies":"Small Slimes","floor":1.0,"turns":3.0},{"damage":0.0,"enemies":"2 Louse","floor":4.0,"turns":4.0},{"damage":0.0,"enemies":"Jaw Worm","floor":5.0,"turns":2.0},{"damage":7.0,"enemies":"Exordium Wildlife","floor":7.0,"turns":3.0},{"damage":15.0,"enemies":"3 Sentries","floor":8.0,"turns":6.0},{"damage":20.0,"enemies":"Lagavulin","floor":10.0,"turns":5.0},{"damage":7.0,"enemies":"Red Slaver","floor":11.0,"turns":2.0},{"damage":11.0,"enemies":"Gremlin Nob","floor":12.0,"turns":3.0},{"damage":8.0,"enemies":"Blue Slaver","floor":13.0,"turns":4.0},{"damage":8.0,"enemies":"The Mushroom Lair","floor":14.0,"turns":5.0},{"damage":22.0,"enemies":"Slime Boss","floor":16.0,"turns":12.0},{"damage":26,"enemies":"2 Thieves","floor":18,"turns":4},{"damage":14,"enemies":"Chosen","floor":21,"turns":3},{"damage":32,"enemies":"Book of Stabbing","floor":23,"turns":4},{"damage":37,"enemies":"Centurion and Healer","floor":25,"turns":6},{"damage":30,"enemies":"Masked Bandits","floor":27,"turns":5},{"damage":34,"enemies":"Shelled Parasite and Fungi","floor":28,"turns":5},{"damage":12,"enemies":"Colosseum Slavers","floor":30,"turns":4},{"damage":29,"enemies":"Colosseum Nobs","floor":30,"turns":4},{"damage":95,"enemies":"Collector","floor":33,"turns":8}],"seed_played":"-136794362348483739","potions_obtained":[{"floor":7.0,"key":"LiquidBronze"},{"floor":8.0,"key":"Strength Potion"},{"floor":10.0,"key":"Block Potion"},{"floor":16.0,"key":"DuplicationPotion"},{"floor":21,"key":"Block Potion"},{"floor":28,"key":"Explosive Potion"},{"floor":30,"key":"Swift Potion"}],"is_trial":false,"path_per_floor":["M","?","?","M","M","R","M","E","T","E","M","E","M","?","R","B",null,"M","?","T","M","?","E","R","M","T","?","M","R","?","$","R","B"],"character_chosen":"IRONCLAD","items_purchased":["Medical Kit","Bronze Scales","PanicButton"],"campfire_rested":1,"item_purchase_floors":[31,31,31],"current_hp_per_floor":[74,74,63,69,75,75,74,65,65,51,50,45,45,60,60,50,72,52,52,52,46,46,32,32,26,26,18,11,29,54,54,54,0,0],"gold":150,"neow_bonus":"TRANSFORM_TWO_CARDS","is_daily":false,"chose_seed":false,"campfire_upgraded":4,"win_rate":0.0,"timestamp":1608525009,"path_taken":["M","?","?","M","M","R","M","E","T","E","M","E","M","?","R","BOSS","M","?","?","?","?","E","R","M","T","?","M","R","?","$","R","BOSS"],"items_purchased_type":["Relic","Relic","Card"],"build_version":"2020-12-13","purchased_purges":1,"victory":false,"max_hp_per_floor":[75,75,75,75,75,75,75,75,75,75,75,75,77,79,79,79,79,79,79,79,81,56,56,56,58,58,60,60,60,76,76,76,76,76],"relic_stats":{"Centennial Puzzle":[45],"Singing Bowl":12,"counters":[20,92],"Blue Candle":[0],"Bronze Scales":[24],"Bag of Preparation":[28],"Medical Kit":[0],"obtain_stats":[{"Singing Bowl":8,"Blue Candle":30,"Velvet Choker":17,"Vajra":20,"Mango":30,"Bag of Preparation":10,"Omamori":12,"Odd Mushroom":14,"Medical Kit":31,"Burning Blood":0,"Centennial Puzzle":9,"Bronze Scales":31,"Red Mask":27},{"Singing Bowl":5,"Blue Candle":19,"Velvet Choker":11,"Vajra":12,"Mango":19,"Bag of Preparation":6,"Omamori":8,"Odd Mushroom":10,"Medical Kit":19,"Burning Blood":0,"Centennial Puzzle":5,"Bronze Scales":19,"Red Mask":16},{"Singing Bowl":18,"Blue Candle":84,"Velvet Choker":49,"Vajra":53,"Mango":84,"Bag of Preparation":23,"Omamori":28,"Odd Mushroom":37,"Medical Kit":84,"Burning Blood":0,"Centennial Puzzle":18,"Bronze Scales":84,"Red Mask":71}],"Burning Blood":114},"card_choices":[{"not_picked":["Perfected Strike","Warcry"],"picked":"Iron Wave","floor":1.0},{"not_picked":["Flex","Twin Strike"],"picked":"Sword Boomerang","floor":4.0},{"not_picked":["Body Slam","Perfected Strike"],"picked":"Armaments","floor":5.0},{"not_picked":["Havoc","Ghostly Armor"],"picked":"Carnage","floor":7.0},{"not_picked":["Pommel Strike","Headbutt"],"picked":"Reaper","floor":8.0},{"not_picked":["Flex","Combust"],"picked":"Bloodletting","floor":10.0},{"not_picked":["Perfected Strike","Infernal Blade"],"picked":"Flame Barrier","floor":11.0},{"not_picked":["Clothesline","Twin Strike"],"picked":"Offering","floor":12.0},{"not_picked":["Headbutt","Dark Embrace","Cleave"],"picked":"Singing Bowl","floor":13.0},{"not_picked":["Cleave","Warcry","Twin Strike"],"picked":"Singing Bowl","floor":14.0},{"not_picked":["Immolate","Bludgeon"],"picked":"Brutality","floor":16.0},{"not_picked":["Shrug It Off","Clothesline"],"picked":"Evolve+1","floor":18},{"not_picked":["Hemokinesis","Iron Wave","Feel No Pain"],"picked":"Singing Bowl","floor":21},{"not_picked":["Rage","Rupture"],"picked":"Disarm","floor":23},{"not_picked":["Flame Barrier","Anger","Pommel Strike"],"picked":"Singing Bowl","floor":25},{"not_picked":["Warcry","Armaments","Bloodletting"],"picked":"Singing Bowl","floor":27},{"not_picked":["Uppercut","Pummel"],"picked":"Battle Trance","floor":28},{"not_picked":["Combust","Intimidate","Havoc"],"picked":"Singing Bowl","floor":30}],"player_experience":747093,"relics_obtained":[{"floor":8.0,"key":"Singing Bowl"},{"floor":9.0,"key":"Centennial Puzzle"},{"floor":10.0,"key":"Bag of Preparation"},{"floor":12.0,"key":"Omamori"},{"floor":14.0,"key":"Odd Mushroom"},{"floor":20,"key":"Vajra"},{"floor":27,"key":"Red Mask"},{"floor":30,"key":"Mango"},{"floor":30,"key":"Blue Candle"}],"event_choices":[{"damage_healed":0.0,"max_hp_gain":0.0,"max_hp_loss":0.0,"gold_gain":0.0,"event_name":"Living Wall","player_choice":"Grow","floor":2.0,"gold_loss":0.0,"damage_taken":0.0,"cards_upgraded":["Bludgeon"]},{"damage_healed":0.0,"max_hp_gain":0.0,"max_hp_loss":0.0,"gold_gain":75.0,"event_name":"World of Goop","player_choice":"Gather Gold","floor":3.0,"gold_loss":0.0,"damage_taken":11.0},{"damage_healed":0.0,"max_hp_gain":0.0,"max_hp_loss":0.0,"gold_gain":0.0,"event_name":"Mushrooms","player_choice":"Fought Mushrooms","floor":14.0,"gold_loss":0.0,"damage_taken":0.0},{"damage_healed":0,"gold_gain":0,"player_choice":"Ignored","damage_taken":0,"max_hp_gain":0,"max_hp_loss":0,"event_name":"The Mausoleum","floor":19,"gold_loss":0},{"damage_healed":0,"gold_gain":0,"player_choice":"Became a vampire","damage_taken":0,"max_hp_gain":0,"max_hp_loss":25,"event_name":"Vampires","floor":22,"gold_loss":0,"cards_obtained":["Bite","Bite","Bite","Bite","Bite"]},{"damage_healed":0,"gold_gain":0,"player_choice":"Fought Bandits","damage_taken":0,"max_hp_gain":0,"max_hp_loss":0,"event_name":"Masked Bandits","floor":27,"gold_loss":0},{"damage_healed":0,"gold_gain":0,"player_choice":"Fight","damage_taken":0,"max_hp_gain":0,"max_hp_loss":0,"event_name":"Colosseum","floor":30,"gold_loss":0},{"damage_healed":0,"gold_gain":0,"player_choice":"Fought Nobs","damage_taken":0,"max_hp_gain":0,"max_hp_loss":0,"event_name":"Colosseum","floor":30,"gold_loss":0}],"is_beta":false,"boss_relics":[{"not_picked":["Calling Bell","Coffee Dripper"],"picked":"Velvet Choker"}],"items_purged_floors":[31],"is_endless":false,"potions_floor_spawned":[7,8,10,16,21,28,30,30],"killed_by":"Collector","ascension_level":16}}