{"host":"gbop6m4qugddaz18","time":1608573713,"event":{"mods":["2.2 Compatiblity","BaseMod","Better Third Choice","Block Reminder","Downfall","GifTheSpireLib","Highlight Path","Minty Spire (QoL Compilation)","Replay The Spire","StSLib"],"gold_per_floor":[119,131,146,162,237,262,337,337,337],"floor_reached":8,"playtime":304,"items_purged":[],"score":70,"play_id":"038b940a-8bfe-4806-8668-ba2519f410c7","local_time":"20201221130153","is_ascension_mode":true,"campfire_choices":[],"circlet_count":0,"master_deck":["Strike_G","Strike_G","Strike_G","Strike_G","Strike_G","Defend_G","Defend_G","Defend_G","Defend_G","Defend_G","Survivor","Neutralize","Caltrops","Backstab","Prepared","Backflip","Die Die Die"],"relics":["Ring of the Snake","NeowsBlessing","Art of War"],"acts_visited":["Exordium"],"potions_floor_usage":[6,8],"damage_taken":[{"damage":0,"enemies":"Jaw Worm","floor":1,"turns":1},{"damage":0,"enemies":"2 Louse","floor":2,"turns":1},{"damage":0,"enemies":"Cultist","floor":3,"turns":1},{"damage":4,"enemies":"Exordium Wildlife","floor":4,"turns":4},{"damage":48,"enemies":"Lagavulin","floor":6,"turns":10},{"damage":25,"enemies":"Gremlin Nob","floor":8,"turns":3}],"seed_played":"-644800476113529627","potions_obtained":[{"floor":1,"key":"LiquidMemories"},{"floor":2,"key":"Strength Potion"}],"is_trial":false,"path_per_floor":["M","M","M","M","?","E","?","E"],"character_chosen":"THE_SILENT","items_purchased":[],"campfire_rested":0,"item_purchase_floors":[],"current_hp_per_floor":[70,70,70,66,66,18,7,0,0],"gold":337,"neow_bonus":"THREE_ENEMY_KILL","is_daily":false,"chose_seed":false,"campfire_upgraded":0,"win_rate":0.0,"timestamp":1608573713,"path_taken":["M","M","M","M","?","E","?","E"],"items_purchased_type":[],"build_version":"2020-12-13","purchased_purges":0,"victory":false,"max_hp_per_floor":[70,70,70,70,70,70,70,70,70],"card_choices":[{"not_picked":["Endless Agony","Bane"],"picked":"Caltrops","floor":1},{"not_picked":["Bouncing Flask","PiercingWail"],"picked":"Backstab","floor":2},{"not_picked":["Sneak Up","Bane"],"picked":"Prepared","floor":3},{"not_picked":["Eviscerate","Blur"],"picked":"Backflip","floor":4},{"not_picked":["Bane","Eviscerate"],"picked":"Die Die Die","floor":6}],"player_experience":575095,"relics_obtained":[{"floor":6,"key":"Art of War"}],"event_choices":[{"damage_healed":0,"gold_gain":75,"player_choice":"Gained Gold","damage_taken":0,"max_hp_gain":0,"max_hp_loss":0,"event_name":"Golden Wing","floor":5,"gold_loss":0},{"damage_healed":0,"gold_gain":75,"player_choice":"Gold","damage_taken":11,"max_hp_gain":0,"max_hp_loss":0,"event_name":"betterThird:BetterGoop","floor":7,"gold_loss":0}],"is_beta":false,"boss_relics":[],"items_purged_floors":[],"is_endless":false,"potions_floor_spawned":[1,2],"killed_by":"Gremlin Nob","ascension_level":4}}