{"host":"t9zjxed0utvsfjwc","time":1608571659,"event":{"mods":["2.2 Compatiblity","Aspiration","BaseMod","Block Reminder","Colored Map","Colored Powertips","Highlight Path","Hubris","Infinite Spire","Minty Spire (QoL Compilation)","Quick Restart","Replay The Spire","StSLib","Unceasing Turn Reminder","everything is the same but u backflip on backflip"],"gold_per_floor":[117,117,134,134,145,145,145,175,187,199,211,240,279,326,338,449,461,488,500,512,72,72,72,104,104,104,120,120,140,151,163,163,259,259,275,275,275,294,394,394,394,407,407,422,422,440,440,440,440,440,440],"floor_reached":50,"playtime":3475,"items_purged":[],"score":462,"play_id":"eaacba6e-2730-4f98-a4fa-6adf20751762","local_time":"20201221172739","is_ascension_mode":false,"campfire_choices":[{"data":"Vigilance","floor":6,"key":"SMITH"},{"data":"Pray","floor":10,"key":"SMITH"},{"data":"BattleHymn","floor":15,"key":"SMITH"},{"data":"After Image","floor":23,"key":"SMITH"},{"floor":28,"key":"REST"},{"data":"Regret","floor":32,"key":"PURGE"},{"data":"DeusExMachina","floor":40,"key":"SMITH"},{"floor":47,"key":"RECALL"}],"circlet_count":0,"master_deck":["Vigilance+1","Crescendo+1","FlyingSleeves","FearNoEvil","Pray+1","BattleHymn+1","Perseverance+1","DeusExMachina+1","FollowUp+1","LessonLearned","Halt","FlurryOfBlows","ReplayTheSpireMod:Shiv Toss","After Image+1","ReplayTheSpireMod:From All Sides","FlurryOfBlows","Consecrate+1","Consecrate+1","Devotion+1","EmptyFist","CarveReality+1","Evaluate+1","Perseverance+1","Evaluate+1"],"relics":["Burning Blood","NeowsBlessing","MawBank","Replay:Bottled Flurry","infinitespire:Cubic Diamond","Damaru","hubris:BundleOfHerbs","Pandora\u0027s Box","hubris:GlazedTorus","hubris:SlimyHat","Mango","Golden Egg","Letter Opener","hubris:Backtick","Ice Cream","hubris:Icosahedron","hubris:Zylophone","Replay:Wanted Poster"],"acts_visited":["Exordium","TheCity","TheBeyond"],"potions_floor_usage":[8,14,27,29,31,33,44,45],"damage_taken":[{"damage":0,"enemies":"2 Louse","floor":1,"turns":1},{"damage":0,"enemies":"Cultist","floor":3,"turns":1},{"damage":0,"enemies":"Jaw Worm","floor":5,"turns":1},{"damage":15,"enemies":"Large Slime","floor":8,"turns":5},{"damage":12,"enemies":"Looter","floor":12,"turns":3},{"damage":5,"enemies":"Lagavulin","floor":14,"turns":5},{"damage":46,"enemies":"Hexaghost","floor":16,"turns":6},{"damage":28,"enemies":"2 Thieves","floor":18,"turns":3},{"damage":45,"enemies":"Gremlin Leader","floor":24,"turns":4},{"damage":5,"enemies":"Spheric Guardian","floor":27,"turns":3},{"damage":13,"enemies":"Centurion and Healer","floor":29,"turns":4},{"damage":13,"enemies":"Snake Plant","floor":30,"turns":4},{"damage":2,"enemies":"3 Cultists","floor":31,"turns":3},{"damage":51,"enemies":"Collector","floor":33,"turns":6},{"damage":26,"enemies":"Orb Walker","floor":35,"turns":4},{"damage":39,"enemies":"infinitespire:Three Voidlings","floor":36,"turns":5},{"damage":21,"enemies":"3 Shapes","floor":38,"turns":4},{"damage":8,"enemies":"Transient","floor":42,"turns":5},{"damage":12,"enemies":"Spire Growth","floor":44,"turns":2},{"damage":0,"enemies":"Jaw Worm Horde","floor":45,"turns":1},{"damage":0,"enemies":"Maw","floor":46,"turns":5},{"damage":67,"enemies":"LordOfAnnihilation","floor":50,"turns":7}],"seed_played":"7880183350068831611","potions_obtained":[{"floor":5,"key":"Toxic Potion"},{"floor":12,"key":"Energy Potion"},{"floor":24,"key":"ColorlessPotion"},{"floor":27,"key":"Languid Potion"},{"floor":30,"key":"BottledMiracle"},{"floor":31,"key":"Block Potion"},{"floor":35,"key":"SmokeBomb"},{"floor":42,"key":"Explosive Potion"}],"is_trial":false,"path_per_floor":["M","?","M","?","M","R","?","M","T","R","?","M","T","E","R","B",null,"M","?","?","$","T","R","E","?","T","M","R","M","M","M","R_BF","B",null,"M","?","?","M","AVR","R","?","M","T","M","M","M","R","?","R_BF","B"],"character_chosen":"WATCHER","items_purchased":["hubris:GlazedTorus","hubris:SlimyHat"],"campfire_rested":1,"item_purchase_floors":[21,21],"current_hp_per_floor":[72,72,72,72,72,72,72,57,57,57,57,51,51,52,52,47,72,50,50,50,50,64,64,28,56,56,57,82,78,71,75,75,36,86,66,40,40,25,25,25,25,23,23,17,23,29,29,29,54,0,0],"gold":440,"neow_bonus":"THREE_ENEMY_KILL","is_daily":false,"chose_seed":false,"campfire_upgraded":5,"win_rate":0.0,"timestamp":1608571659,"path_taken":["M","?","?","?","M","R","?","M","T","R","?","M","?","E","R","BOSS","M","?","?","$","?","R","E","?","T","M","R","M","M","M","R_BF","BOSS","M","?","?","M","AVR","R","?","M","T","M","M","M","R","?","R_BF","BOSS"],"items_purchased_type":["Relic","Relic"],"build_version":"2020-12-13","purchased_purges":0,"victory":false,"max_hp_per_floor":[72,72,72,72,72,72,72,72,72,72,72,72,72,72,72,72,72,72,72,72,72,86,86,86,86,86,86,86,86,86,86,86,86,86,86,86,86,86,86,86,86,86,86,86,86,86,86,86,86,86,86],"card_choices":[{"not_picked":["Nirvana","Halt"],"picked":"Crescendo","floor":1},{"not_picked":["FlurryOfBlows","BowlingBash"],"picked":"FlyingSleeves","floor":3},{"not_picked":["Replay:Battleflow","FlyingSleeves"],"picked":"FearNoEvil","floor":5},{"not_picked":["Collect","FlyingSleeves"],"picked":"Pray","floor":8},{"not_picked":["Replay:BluntJabs","EmptyFist"],"picked":"BattleHymn","floor":12},{"not_picked":["LikeWater","EmptyFist"],"picked":"Perseverance","floor":14},{"not_picked":["Judgement","Scrawl"],"picked":"DeusExMachina","floor":16},{"not_picked":["ThirdEye+1","InnerPeace","EmptyBody"],"picked":"SKIP","floor":18},{"not_picked":["Replay:BluntJabs+1","Weave+1","WreathOfFlame"],"picked":"SKIP","floor":24},{"not_picked":["PathToVictory","JustLucky"],"picked":"FlurryOfBlows","floor":27},{"not_picked":["Crescendo+1","FollowUp"],"picked":"Consecrate","floor":29},{"not_picked":["Scrawl","Replay:BluntJabs","FlurryOfBlows"],"picked":"SKIP","floor":30},{"not_picked":["Scrawl","Replay:BluntJabs","FlurryOfBlows"],"picked":"SKIP","floor":30},{"not_picked":["ClearTheMind","FlyingSleeves+1"],"picked":"Consecrate","floor":31},{"not_picked":["Omniscience","Scrawl"],"picked":"Devotion","floor":33},{"not_picked":["TalkToTheHand+1","Crescendo"],"picked":"EmptyFist","floor":35},{"not_picked":["PathToVictory","FlyingSleeves+1"],"picked":"CarveReality+1","floor":38},{"not_picked":["FlyingSleeves+1","ThirdEye"],"picked":"Evaluate+1","floor":42},{"not_picked":["ThirdEye+1","LikeWater"],"picked":"Perseverance+1","floor":44},{"not_picked":["ThirdEye","ClearTheMind+1"],"picked":"Evaluate+1","floor":46}],"player_experience":250406,"relics_obtained":[{"floor":9,"key":"Replay:Bottled Flurry"},{"floor":13,"key":"Damaru"},{"floor":14,"key":"hubris:BundleOfHerbs"},{"floor":22,"key":"Mango"},{"floor":24,"key":"Golden Egg"},{"floor":26,"key":"Letter Opener"}],"event_choices":[{"cards_removed":["Eruption"],"damage_healed":0,"gold_gain":0,"player_choice":"Offered Basic","damage_taken":0,"max_hp_gain":0,"max_hp_loss":0,"event_name":"Bonfire Elementals","floor":2,"gold_loss":0},{"damage_healed":0,"gold_gain":0,"player_choice":"Grow","damage_taken":0,"max_hp_gain":0,"max_hp_loss":0,"event_name":"Living Wall","floor":4,"gold_loss":0,"cards_upgraded":["Crescendo"]},{"damage_healed":0,"gold_gain":0,"player_choice":"Box","damage_taken":0,"relics_obtained":["MawBank"],"max_hp_gain":0,"max_hp_loss":0,"event_name":"Big Fish","floor":7,"gold_loss":0,"cards_obtained":["Regret"]},{"damage_healed":28,"gold_gain":0,"player_choice":"Heal","damage_taken":0,"max_hp_gain":0,"max_hp_loss":0,"event_name":"The Library","floor":25,"gold_loss":0},{"cards_removed":["Adaptation"],"damage_healed":0,"gold_gain":0,"player_choice":"Removed Power","damage_taken":0,"max_hp_gain":0,"max_hp_loss":0,"event_name":"Falling","floor":48,"gold_loss":0}],"is_beta":false,"boss_relics":[{"not_picked":["hubris:BlackHole","Replay:Drink Me"],"picked":"Pandora\u0027s Box"},{"not_picked":["aspiration:SilentSkillbook","Runic Dome"],"picked":"hubris:Backtick"}],"items_purged_floors":[],"is_endless":false,"potions_floor_spawned":[5,12,24,27,30,31,35,36,42,45],"killed_by":"LordOfAnnihilation","ascension_level":0}}