{"host":"j05tanvorlbs2t7f","time":1608568164,"event":{"mods":["2.2 Compatiblity","AchievementEnabler","BaseMod","BetterRewards","Card Forge","Colored Powertips","Conspire","Downfall","Minty Spire (QoL Compilation)","Permanent Neow","Replay The Spire","Shade Mod","StSLib","The Bug Knight","The Construct","The Cursed","The Forsaken","The Hierophant","The Sage","TheHeartMod"],"gold_per_floor":[114,114,125,135,145,172,227,245,313,339,357,375,375,402,402,479,479,494,517,550,560,576,602,621,621,648,677,677,695,202,213,213,285,285,301,321,333,380,400,435,435,461,461,496,496,159,173,204,204,204,204,204,204,37,71,71],"floor_reached":57,"playtime":3444,"items_purged":[],"score":4022,"play_id":"7049232a-d5d3-4f76-8e3d-0991e4b5f80a","local_time":"20201221172924","is_ascension_mode":true,"campfire_choices":[{"data":"TheCursedMod:CursedRelics","floor":13,"key":"SMITH"},{"data":"TheCursedMod:CircleOfCorruption","floor":13,"key":"SMITH"},{"data":"TheCursedMod:VoidForm","floor":15,"key":"SMITH"},{"data":"TheCursedMod:HellfireBreathing","floor":15,"key":"SMITH"},{"floor":25,"key":"RECALL"},{"floor":28,"key":"DIG"},{"data":"TheCursedMod:HellsGateOpen","floor":32,"key":"SMITH"},{"data":"TheCursedMod:HellfireBreathing","floor":32,"key":"SMITH"},{"floor":41,"key":"DIG"},{"floor":49,"key":"DIG"},{"floor":53,"key":"DIG"}],"circlet_count":0,"master_deck":["AscendersBane","TheCursedMod:Strike_TheCursed","TheCursedMod:Strike_TheCursed","TheCursedMod:Strike_TheCursed+1","TheCursedMod:Strike_TheCursed","TheCursedMod:Defend_TheCursed","TheCursedMod:Defend_TheCursed","TheCursedMod:Defend_TheCursed","TheCursedMod:Defend_TheCursed","TheCursedMod:CursedWand","TheCursedMod:CleanUpWorkshop","TheCursedMod:Dregs","TheCursedMod:CursedRelics+1","TheCursedMod:LuckyCharm","TheCursedMod:Obscuration","TheCursedMod:HellfireBreathing+1","TheCursedMod:Hemoplague+1","TheCursedMod:SpitefulPlan","TheCursedMod:CircleOfCorruption+1","TheCursedMod:SpitefulPlan","TheCursedMod:CursedAmulet","TheCursedMod:SpitefulStrike","TheCursedMod:SpitefulPray","TheCursedMod:SurpriseAttack+1","TheCursedMod:StingEye+1","TheCursedMod:ManaBullet+1","TheCursedMod:WearCloak","TheCursedMod:Stigma+1","TheCursedMod:SmokeScreen","TheCursedMod:VoidForm+1","TheCursedMod:ShockAndAwe+1","CurseOfTheBell","TheCursedMod:RapidMovement","TheCursedMod:WearCloak","TheCursedMod:CursedAmulet+1","TheCursedMod:HellsGateOpen+1","TheCursedMod:RapidMovement","Pot Of Greed","Pot Of Greed","Pot Of Greed","Pot Of Greed","TheCursedMod:CursedBlade+1","TheCursedMod:HellfireBreathing+1","TheCursedMod:ManaCirculation","TheCursedMod:WearCloak","TheCursedMod:CursedMace+1","Parasite","TheCursedMod:SpitefulStrike+1","TheCursedMod:SurpriseAttack+1","TheCursedMod:SmokeScreen","TheCursedMod:WearCloak","TheCursedMod:SpreadPlague+1","Pot Of Greed","theForsaken:PlagueCurse","TheCursedMod:WearCloak+1"],"relics":["TheCursedMod:BlackMagic101","Hammer of Thor","Seething Fire","Anvil of the Gods","HandDrill","Art of War","construct:BoolHorns","Lee\u0027s Waffle","TheCursedMod:Tack","Chameleon Ring","Replay:Multitool","Unceasing Top","sagemod:Red_Beast_Statue","OrangePellets","Replay:PocketPolymizer","PreservedInsect","Durian","conspire:TreasureMap","Tiny Chest","Happy Flower","Replay:Arrowhead","Molten Egg 2","Matryoshka","Replay:Bottled Flurry","Replay:Wax Seal","Calling Bell","Replay:Baseball","Gremlin Horn","Gambling Chip","Vajra","Lantern","construct:FoamFinger","Potion Belt","Juzu Bracelet","Lizard Tail","Grinning Jar","Turnip","HollowMod:PaleOreRelic","TheCursedMod:OminousMark","StoneCalendar","Regal Pillow","Snack Pack","Blue Doll","Singing Bowl","conspire:DeflatedDodgeball","theForsaken:PlagueMask","Pet Ghost","Whetstone","conspire:TopHat","TheCursedMod:DemonicMark","Pear","Pen Nib","theForsaken:Gavel"],"acts_visited":["Exordium","TheCity","TheBeyond","TheEnding"],"potions_floor_usage":[6,10,33,50,55,56,56],"damage_taken":[{"damage":1,"enemies":"Small Slimes","floor":1,"turns":2},{"damage":0,"enemies":"Cultist","floor":3,"turns":2},{"damage":3,"enemies":"conspire:RoseBush","floor":4,"turns":3},{"damage":0,"enemies":"Looter","floor":5,"turns":1},{"damage":8,"enemies":"Gremlin Nob","floor":6,"turns":3},{"damage":0,"enemies":"Gremlin Nob","floor":7,"turns":1},{"damage":2,"enemies":"2 Fungi Beasts","floor":8,"turns":2},{"damage":10,"enemies":"3 Sentries","floor":10,"turns":3},{"damage":3,"enemies":"conspire:2 RoseBushes","floor":11,"turns":3},{"damage":6,"enemies":"Exordium Thugs","floor":12,"turns":4},{"damage":0,"enemies":"Replay:BlueRogue","floor":14,"turns":3},{"damage":12,"enemies":"Slime Boss","floor":16,"turns":6},{"damage":4,"enemies":"3 Byrds","floor":18,"turns":3},{"damage":1,"enemies":"conspire:MimicChest","floor":20,"turns":4},{"damage":0,"enemies":"conspire:FuzzyDice","floor":21,"turns":3},{"damage":0,"enemies":"Chosen and Byrds","floor":22,"turns":3},{"damage":0,"enemies":"Gremlin Leader","floor":23,"turns":1},{"damage":0,"enemies":"Shelled Parasite and Fungi","floor":24,"turns":1},{"damage":0,"enemies":"Replay:Snechameleon","floor":27,"turns":1},{"damage":1,"enemies":"3 Cultists","floor":29,"turns":3},{"damage":4,"enemies":"conspire:HollyBat","floor":31,"turns":5},{"damage":0,"enemies":"Champ","floor":33,"turns":5},{"damage":0,"enemies":"3 Darklings","floor":35,"turns":3},{"damage":0,"enemies":"3 Shapes","floor":36,"turns":3},{"damage":6,"enemies":"Writhing Mass","floor":37,"turns":4},{"damage":3,"enemies":"2 Orb Walkers","floor":38,"turns":3},{"damage":2,"enemies":"4 Shapes","floor":39,"turns":3},{"damage":4,"enemies":"HollowMod:StalkingDevout","floor":40,"turns":2},{"damage":8,"enemies":"R_Hoarder","floor":42,"turns":5},{"damage":0,"enemies":"Giant Head","floor":44,"turns":4},{"damage":0,"enemies":"Maw","floor":47,"turns":4},{"damage":8,"enemies":"R_Hoarder","floor":48,"turns":4},{"damage":27,"enemies":"Awakened One","floor":50,"turns":6},{"damage":14,"enemies":"Donu and Deca","floor":51,"turns":7},{"damage":39,"enemies":"Shield and Spear","floor":55,"turns":5},{"damage":14,"enemies":"The Heart","floor":56,"turns":6}],"seed_played":"7123830179556455843","potions_obtained":[{"floor":4,"key":"LiquidBronze"},{"floor":5,"key":"Explosive Potion"},{"floor":6,"key":"PowerPotion"},{"floor":12,"key":"Doom Potion"},{"floor":22,"key":"SkillPotion"},{"floor":24,"key":"Block Potion"},{"floor":27,"key":"TheCursedMod:DregsPotion"},{"floor":31,"key":"Weak Potion"},{"floor":35,"key":"Reflective Coating"},{"floor":36,"key":"Cursed Concoction"}],"is_trial":false,"path_per_floor":["M","?","M","M","M","E","?","M","T","E","M","M","R","E","R","B",null,"M","T","?","M","M","E","M","R","T","E","R","M","$","M","R","B",null,"M","M","M","?","M","E","R","E","T","E","?","$","M","E","R","B","B",null,"R","$","E","B",null],"character_chosen":"THE_CURSED","items_purchased":["HandDrill","Art of War","TheCursedMod:CursedRelics","TheCursedMod:LuckyCharm","Lee\u0027s Waffle","TheCursedMod:Tack","Chameleon Ring","TheCursedMod:Obscuration","TheCursedMod:HellfireBreathing","Unceasing Top","sagemod:Red_Beast_Statue","OrangePellets","PreservedInsect","TheCursedMod:Hemoplague+1","conspire:TreasureMap","Tiny Chest","Happy Flower","TheCursedMod:SpitefulPlan","TheCursedMod:CircleOfCorruption","Turnip","HollowMod:PaleOreRelic","Pet Ghost","Whetstone","Pen Nib"],"campfire_rested":0,"item_purchase_floors":[0,0,0,0,0,0,0,0,0,0,0,0,0,0,0,0,0,0,0,30,30,46,46,54],"current_hp_per_floor":[82,82,82,79,79,71,71,69,69,59,56,50,50,50,50,38,72,68,68,67,67,67,67,67,67,67,67,67,66,66,62,62,62,78,78,78,72,69,67,63,63,59,59,65,65,65,71,67,67,48,40,74,84,84,51,39],"gold":71,"neow_bonus":"","is_daily":false,"chose_seed":false,"campfire_upgraded":6,"win_rate":0.0,"timestamp":1608568164,"path_taken":["M","?","M","M","?","E","?","M","T","E","M","M","R","E","R","BOSS","M","?","?","M","M","E","M","R","T","E","R","M","$","M","R","BOSS","M","M","M","?","M","E","R","E","T","E","?","$","M","E","R","BOSS","BOSS","R","$","E","BOSS"],"items_purchased_type":["Relic","Relic","Card","Card","Relic","Relic","Relic","Card","Card","Relic","Relic","Relic","Relic","Card","Relic","Relic","Relic","Card","Card","Relic","Relic","Relic","Relic","Relic"],"build_version":"2020-12-13","purchased_purges":0,"victory":true,"max_hp_per_floor":[83,83,83,83,83,83,83,83,83,83,83,83,83,83,83,83,83,83,83,83,83,83,83,83,83,83,83,83,83,83,83,83,83,83,83,83,83,83,83,83,83,83,83,83,83,83,85,85,85,85,85,85,95,95,97,97],"card_choices":[{"not_picked":["TheCursedMod:CursedBoomerang","TheCursedMod:SmokeScreen"],"picked":"TheCursedMod:SpitefulPlan","floor":1},{"not_picked":["TheCursedMod:CursedBoomerang","TheCursedMod:Evocation"],"picked":"TheCursedMod:CursedAmulet","floor":3},{"not_picked":["TheCursedMod:Grudge","TheCursedMod:BlessingInDisguise"],"picked":"TheCursedMod:SpitefulStrike","floor":4},{"not_picked":["TheCursedMod:CursedShiv","TheCursedMod:FuryStrike"],"picked":"TheCursedMod:SpitefulPray","floor":5},{"not_picked":["TheCursedMod:ManaBullet","TheCursedMod:CircleOfWindfury"],"picked":"TheCursedMod:SurpriseAttack","floor":6},{"not_picked":["TheCursedMod:FleshFromBone","TheCursedMod:CircleOfFlame"],"picked":"TheCursedMod:StingEye+1","floor":7},{"not_picked":["TheCursedMod:CursedStaff+1","TheCursedMod:Stretching"],"picked":"TheCursedMod:ManaBullet+1","floor":8},{"not_picked":["TheCursedMod:Mangle+1","TheCursedMod:BloodBarrier"],"picked":"TheCursedMod:WearCloak","floor":10},{"not_picked":["TheCursedMod:DemonicPact","TheCursedMod:CursedMace+1"],"picked":"TheCursedMod:Stigma+1","floor":11},{"not_picked":["TheCursedMod:TacticalStrike+1","TheCursedMod:CursedBlade+1"],"picked":"TheCursedMod:SmokeScreen","floor":12},{"not_picked":["TheCursedMod:CursedAmulet","TheCursedMod:SurpriseAttack+1"],"picked":"TheCursedMod:VoidForm","floor":14},{"not_picked":["TheCursedMod:OutForBlood","TheCursedMod:ParallelWorld"],"picked":"TheCursedMod:ShockAndAwe+1","floor":16},{"not_picked":["TheCursedMod:RavingStaff+1","TheCursedMod:Stigma+1"],"picked":"TheCursedMod:RapidMovement","floor":18},{"not_picked":["TheCursedMod:VitalStrike+1","TheCursedMod:CircleOfFocus"],"picked":"TheCursedMod:WearCloak","floor":20},{"not_picked":["TheCursedMod:RavingStaff+1","TheCursedMod:CircleOfFlame"],"picked":"TheCursedMod:CursedAmulet+1","floor":21},{"not_picked":["TheCursedMod:ManaCirculation","TheCursedMod:Evocation"],"picked":"TheCursedMod:HellsGateOpen","floor":22},{"not_picked":["TheCursedMod:FleshFromBone","TheCursedMod:PrepareRite","TheCursedMod:Evocation"],"picked":"SKIP","floor":23},{"not_picked":["TheCursedMod:AshesToAshes+1","TheCursedMod:SoulCrush+1","TheCursedMod:PrepareRite"],"picked":"SKIP","floor":24},{"not_picked":["TheCursedMod:TacticalStrike+1","TheCursedMod:CursedAmulet+1"],"picked":"TheCursedMod:RapidMovement","floor":27},{"not_picked":["TheCursedMod:ManaBullet+1","TheCursedMod:DoubleShield"],"picked":"TheCursedMod:CursedBlade+1","floor":29},{"not_picked":["TheCursedMod:TacticalStrike+1","TheCursedMod:WearCloak"],"picked":"TheCursedMod:HellfireBreathing","floor":31},{"not_picked":["TheCursedMod:Neurasthenia","TheCursedMod:ParallelWorld"],"picked":"TheCursedMod:ManaCirculation","floor":33},{"not_picked":["TheCursedMod:SaltUponWound","TheCursedMod:CursedMace+1"],"picked":"TheCursedMod:WearCloak","floor":35},{"not_picked":["TheCursedMod:BloodBarrier+1","TheCursedMod:CircleOfFocus+1"],"picked":"TheCursedMod:CursedMace+1","floor":36},{"not_picked":["TheCursedMod:EmpowerCircles","TheCursedMod:CircleOfAmplification","TheCursedMod:Evocation"],"picked":"SKIP","floor":37},{"not_picked":["TheCursedMod:CursedShiv+1","TheCursedMod:WearCloak"],"picked":"TheCursedMod:SpitefulStrike+1","floor":38},{"not_picked":["TheCursedMod:BlessingInDisguise+1","TheCursedMod:Wield+1"],"picked":"TheCursedMod:SurpriseAttack+1","floor":39},{"not_picked":["TheCursedMod:DemonicPact","TheCursedMod:SoulCrush+1"],"picked":"TheCursedMod:SmokeScreen","floor":40},{"not_picked":["TheCursedMod:Mangle+1","TheCursedMod:CursedSpellbook"],"picked":"TheCursedMod:WearCloak","floor":42},{"not_picked":["TheCursedMod:RapidMovement","TheCursedMod:SaltUponWound"],"picked":"TheCursedMod:SpreadPlague+1","floor":44},{"not_picked":["TheCursedMod:Obscuration","TheCursedMod:FuryStrike+1","TheCursedMod:FleshFromBone+1"],"picked":"Singing Bowl","floor":47},{"not_picked":["TheCursedMod:CursedStaff+1","TheCursedMod:CursedAmulet+1"],"picked":"TheCursedMod:WearCloak+1","floor":48},{"not_picked":["TheCursedMod:CursedBlade+1","TheCursedMod:SpitefulPlan","TheCursedMod:RavingStaff+1"],"picked":"Singing Bowl","floor":55}],"player_experience":471273,"relics_obtained":[{"floor":6,"key":"Replay:Arrowhead"},{"floor":7,"key":"Molten Egg 2"},{"floor":9,"key":"Matryoshka"},{"floor":10,"key":"Replay:Bottled Flurry"},{"floor":14,"key":"Replay:Wax Seal"},{"floor":17,"key":"Replay:Baseball"},{"floor":17,"key":"Gremlin Horn"},{"floor":17,"key":"Gambling Chip"},{"floor":19,"key":"Vajra"},{"floor":19,"key":"Lantern"},{"floor":20,"key":"construct:FoamFinger"},{"floor":23,"key":"Potion Belt"},{"floor":26,"key":"Juzu Bracelet"},{"floor":27,"key":"Lizard Tail"},{"floor":28,"key":"Grinning Jar"},{"floor":38,"key":"StoneCalendar"},{"floor":40,"key":"Regal Pillow"},{"floor":41,"key":"Snack Pack"},{"floor":42,"key":"Blue Doll"},{"floor":43,"key":"Singing Bowl"},{"floor":44,"key":"conspire:DeflatedDodgeball"},{"floor":48,"key":"conspire:TopHat"},{"floor":49,"key":"TheCursedMod:DemonicMark"},{"floor":53,"key":"Pear"},{"floor":55,"key":"theForsaken:Gavel"}],"event_choices":[{"damage_healed":0,"gold_gain":0,"player_choice":"Ignored","damage_taken":0,"max_hp_gain":0,"max_hp_loss":0,"event_name":"Transmorgrifier","floor":2,"gold_loss":0},{"damage_healed":0,"gold_gain":0,"player_choice":"Searched \u00271\u0027 times","damage_taken":0,"max_hp_gain":0,"max_hp_loss":0,"event_name":"Dead Adventurer","floor":7,"gold_loss":0},{"damage_healed":0,"gold_gain":0,"player_choice":"Fight","damage_taken":0,"max_hp_gain":0,"max_hp_loss":0,"event_name":"Mysterious Sphere","floor":38,"gold_loss":0},{"damage_healed":0,"gold_gain":0,"player_choice":"Obtain Plague Curse","damage_taken":0,"max_hp_gain":0,"max_hp_loss":0,"event_name":"Plague Doctor","floor":45,"gold_loss":0,"cards_obtained":["theForsaken:PlagueCurse"]}],"is_beta":false,"boss_relics":[{"not_picked":["Philosopher\u0027s Stone","conspire:RunicOctahedron"],"picked":"Calling Bell"},{"not_picked":["Busted Crown","Abe\u0027s Treasure"],"picked":"TheCursedMod:OminousMark"}],"items_purged_floors":[],"is_endless":false,"potions_floor_spawned":[4,5,6,8,12,22,24,27,31,35,36,39,40,48],"ascension_level":20}}