{"host":"3yynf0dn84873kbr","time":1608526532,"event":{"mods":["Act Like it!","BaseMod","CapriCore","Minty Spire (QoL Compilation)","Pale of the Ancients","Robot Space Explorer","StSLib","The Dragon Tamer","The Gatherer","[IsaacMod]ÒÔÈö¼âËþ"],"gold_per_floor":[119,119,119,119,130,130,143,143,143,161,161,180,180,254,254,380,380,396,396,396,396,414,414,432,445,445,445,148,148,171,192,192,317,317,342,366,366,366,366,366,387,387,442,486,486,521,521,544,544,544,544,544,544],"floor_reached":52,"playtime":2101,"items_purged":[],"score":742,"play_id":"dd4a65ce-5ff0-4f92-9fe3-7f608e951526","local_time":"20201221125531","is_ascension_mode":false,"campfire_choices":[{"data":"RobotSpaceExplorer:MiniDrones","floor":6.0,"key":"SMITH"},{"data":"RobotSpaceExplorer:SurgingStrike","floor":8.0,"key":"SMITH"},{"data":"RobotSpaceExplorer:SurgingShield","floor":13.0,"key":"SMITH"},{"data":"RobotSpaceExplorer:SurgingShield","floor":15.0,"key":"SMITH"},{"data":"RobotSpaceExplorer:SurgingShield","floor":23.0,"key":"SMITH"},{"floor":32.0,"key":"REST"},{"data":"Madness","floor":40,"key":"SMITH"},{"data":"Madness","floor":42,"key":"SMITH"},{"data":"RobotSpaceExplorer:Calculate","floor":49,"key":"SMITH"}],"circlet_count":0,"master_deck":["RobotSpaceExplorer:Strike+1","RobotSpaceExplorer:Strike+1","RobotSpaceExplorer:Strike+1","RobotSpaceExplorer:Strike+1","RobotSpaceExplorer:Defend+1","RobotSpaceExplorer:Defend+1","RobotSpaceExplorer:Defend+1","RobotSpaceExplorer:Defend+1","RobotSpaceExplorer:Scan+1","RobotSpaceExplorer:MiniLasers+1","RobotSpaceExplorer:MiniDrones+1","RobotSpaceExplorer:SurgingStrike+1","RobotSpaceExplorer:SurgingShield+1","RobotSpaceExplorer:Autoloader+1","RobotSpaceExplorer:SurgingShield+1","RobotSpaceExplorer:Probe+1","RobotSpaceExplorer:PowerCollector+1","RobotSpaceExplorer:ScrapToss+1","RobotSpaceExplorer:GlueShot","RobotSpaceExplorer:BigMissile+1","RobotSpaceExplorer:ShockMissile+1","RobotSpaceExplorer:Calculate+1","RobotSpaceExplorer:Counterblock+1","Madness+1","Madness+1","RobotSpaceExplorer:MiniDrones+1"],"relics":["RobotSpaceExplorer:RoboCore","HushsDoor","KeepersGift","BookofShadows","Matryoshka","Golden Idol","Frozen Egg 2","Busted Crown","Pantograph","CaptainsWheel","Molten Egg 2","Juzu Bracelet","MagicMushroom","Toy Ornithopter","Smiling Mask","Darkstone Periapt","Vajra","paleoftheancients:Timepiece","CultistMask"],"acts_visited":["Exordium","TheCity","TheBeyond","TheBeyond"],"potions_floor_usage":[46,50,50],"damage_taken":[{"damage":0.0,"enemies":"Jaw Worm","floor":1.0,"turns":3.0},{"damage":0.0,"enemies":"2 Louse","floor":5.0,"turns":2.0},{"damage":0.0,"enemies":"Cultist","floor":7.0,"turns":3.0},{"damage":0.0,"enemies":"2 Fungi Beasts","floor":10.0,"turns":3.0},{"damage":0.0,"enemies":"Exordium Wildlife","floor":12.0,"turns":2.0},{"damage":32.0,"enemies":"Slime Boss","floor":16.0,"turns":8.0},{"damage":13.0,"enemies":"Spheric Guardian","floor":18.0,"turns":6.0},{"damage":10.0,"enemies":"2 Thieves","floor":22.0,"turns":5.0},{"damage":4.0,"enemies":"Snake Plant","floor":24.0,"turns":5.0},{"damage":1.0,"enemies":"Centurion and Healer","floor":25.0,"turns":7.0},{"damage":7.0,"enemies":"Snecko","floor":30.0,"turns":5.0},{"damage":4.0,"enemies":"3 Cultists","floor":31.0,"turns":6.0},{"damage":73.0,"enemies":"Collector","floor":33.0,"turns":12.0},{"damage":0.0,"enemies":"Orb Walker","floor":35.0,"turns":3.0},{"damage":7,"enemies":"3 Shapes","floor":36,"turns":4},{"damage":8,"enemies":"Maw","floor":41,"turns":7},{"damage":55,"enemies":"Reptomancer","floor":44,"turns":5},{"damage":0,"enemies":"Giant Head","floor":46,"turns":7},{"damage":0,"enemies":"Spire Growth","floor":48,"turns":3},{"damage":70,"enemies":"Awakened One","floor":50,"turns":17},{"damage":77,"enemies":"Awakened One","floor":51,"turns":9},{"damage":86,"enemies":"Awakened One","floor":52,"turns":4}],"seed_played":"5812540008854545617","potions_obtained":[{"floor":1.0,"key":"Fire Potion"},{"floor":10.0,"key":"RobotSpaceExplorer:LiquidFusion"},{"floor":12.0,"key":"Energy Potion"},{"floor":41,"key":"PowerPotion"}],"is_trial":false,"path_per_floor":["M","?","?","?","M","R","M","R","T","M","?","M","R","T","R","B",null,"M","?","?","T","M","R","M","M","T","?","$","?","M","M","R","B",null,"M","M","?","?","?","R","M","R","T","E","T","E","?","M","R","B","M","M"],"character_chosen":"RobotSpaceExplorer","items_purchased":["RobotSpaceExplorer:PowerCollector+1","RobotSpaceExplorer:ScrapToss+1","Juzu Bracelet"],"campfire_rested":1,"item_purchase_floors":[28,28,28],"current_hp_per_floor":[75,75,68,68,68,68,68,68,68,68,50,50,50,50,50,18,75,62,62,62,62,52,52,48,47,47,47,47,47,40,36,58,2,82,82,75,65,65,65,65,58,58,58,4,4,10,72,72,72,72,72,0,0],"gold":544,"neow_bonus":"UPGRADE_CARD","is_daily":false,"chose_seed":false,"campfire_upgraded":8,"win_rate":0.0,"timestamp":1608526531,"path_taken":["M","?","?","?","?","R","M","R","T","M","?","M","R","?","R","BOSS","M","?","?","?","?","R","M","M","T","?","$","?","M","M","R","BOSS","M","M","?","?","?","R","M","R","T","E","?","E","?","M","R","BOSS","M","M"],"items_purchased_type":["Card","Card","Relic"],"build_version":"2020-12-13","purchased_purges":0,"victory":false,"max_hp_per_floor":[75,75,75,75,75,75,75,75,75,75,75,75,75,75,75,75,75,75,75,75,75,75,75,75,75,75,75,75,75,75,75,75,75,82,82,82,82,82,82,82,82,82,82,82,82,82,72,72,72,72,72,72,72],"card_choices":[{"not_picked":["RobotSpaceExplorer:RigExplosive","RobotSpaceExplorer:Counterblock"],"picked":"RobotSpaceExplorer:MiniDrones","floor":1.0},{"not_picked":["RobotSpaceExplorer:ImprovisedAttack","RobotSpaceExplorer:ShovelStrike"],"picked":"RobotSpaceExplorer:SurgingShield","floor":5.0},{"not_picked":["RobotSpaceExplorer:StunGrenade","RobotSpaceExplorer:ShockMissile"],"picked":"RobotSpaceExplorer:SurgingStrike","floor":7.0},{"not_picked":["RobotSpaceExplorer:SlimeMissile","RobotSpaceExplorer:ScrapMissile"],"picked":"Bomb","floor":10.0},{"not_picked":["RobotSpaceExplorer:Probe","RobotSpaceExplorer:GlueShot"],"picked":"RobotSpaceExplorer:SurgingShield","floor":12.0},{"not_picked":["RobotSpaceExplorer:Blaster","RobotSpaceExplorer:Asteroid"],"picked":"RobotSpaceExplorer:Autoloader+1","floor":16.0},{"not_picked":["RobotSpaceExplorer:GlueShot"],"picked":"SKIP","floor":18.0},{"not_picked":[],"picked":"RobotSpaceExplorer:SurgingShield","floor":22.0},{"not_picked":[],"picked":"RobotSpaceExplorer:Probe+1","floor":24.0},{"not_picked":["RobotSpaceExplorer:FreezeRay+1"],"picked":"SKIP","floor":25.0},{"not_picked":[],"picked":"RobotSpaceExplorer:GlueShot","floor":30.0},{"not_picked":[],"picked":"RobotSpaceExplorer:BigMissile+1","floor":31.0},{"not_picked":[],"picked":"RobotSpaceExplorer:ShockMissile+1","floor":33.0},{"not_picked":[],"picked":"RobotSpaceExplorer:Calculate","floor":35.0},{"not_picked":[],"picked":"RobotSpaceExplorer:Counterblock+1","floor":36},{"not_picked":["RobotSpaceExplorer:ShockKick+1"],"picked":"SKIP","floor":41},{"not_picked":["RobotSpaceExplorer:GlueSpray"],"picked":"SKIP","floor":44},{"not_picked":[],"picked":"RobotSpaceExplorer:MiniDrones+1","floor":46},{"not_picked":["RobotSpaceExplorer:MetalStrike+1"],"picked":"SKIP","floor":48}],"player_experience":109551,"relics_obtained":[{"floor":9.0,"key":"Matryoshka"},{"floor":14.0,"key":"Frozen Egg 2"},{"floor":21.0,"key":"Pantograph"},{"floor":21.0,"key":"CaptainsWheel"},{"floor":26.0,"key":"Molten Egg 2"},{"floor":43,"key":"Toy Ornithopter"},{"floor":44,"key":"Smiling Mask"},{"floor":45,"key":"Darkstone Periapt"},{"floor":46,"key":"Vajra"}],"event_choices":[{"damage_healed":0.0,"max_hp_gain":0.0,"max_hp_loss":0.0,"gold_gain":0.0,"event_name":"The Cleric","player_choice":"Leave","floor":2.0,"gold_loss":0.0,"damage_taken":0.0},{"damage_healed":0.0,"max_hp_gain":0.0,"max_hp_loss":0.0,"gold_gain":0.0,"event_name":"Scrap Ooze","player_choice":"Success","floor":3.0,"gold_loss":0.0,"damage_taken":7.0,"relics_obtained":["BookofShadows"]},{"damage_healed":0.0,"max_hp_gain":0.0,"max_hp_loss":0.0,"gold_gain":0.0,"event_name":"Shining Light","player_choice":"Entered Light","floor":4.0,"gold_loss":0.0,"damage_taken":15.0,"cards_upgraded":["RobotSpaceExplorer:Defend","RobotSpaceExplorer:Strike"]},{"damage_healed":0.0,"max_hp_gain":0.0,"max_hp_loss":0.0,"gold_gain":0.0,"event_name":"Golden Idol","player_choice":"Take Damage","floor":11.0,"gold_loss":0.0,"damage_taken":18.0,"relics_obtained":["Golden Idol"]},{"damage_healed":0.0,"max_hp_gain":0.0,"max_hp_loss":0.0,"gold_gain":0.0,"event_name":"Accursed Blacksmith","player_choice":"Forge","floor":19.0,"gold_loss":0.0,"damage_taken":0.0,"cards_upgraded":["RobotSpaceExplorer:Scan"]},{"damage_healed":0.0,"max_hp_gain":0.0,"max_hp_loss":0.0,"gold_gain":0.0,"event_name":"Beggar","player_choice":"Ignored","floor":20.0,"gold_loss":0.0,"damage_taken":0.0},{"damage_healed":0.0,"max_hp_gain":0.0,"max_hp_loss":0.0,"gold_gain":0.0,"event_name":"Back to Basics","player_choice":"Simplicity","floor":27.0,"gold_loss":0.0,"damage_taken":0.0,"cards_upgraded":["RobotSpaceExplorer:Strike","RobotSpaceExplorer:Strike","RobotSpaceExplorer:Strike","RobotSpaceExplorer:Defend","RobotSpaceExplorer:Defend","RobotSpaceExplorer:Defend"]},{"damage_healed":0.0,"max_hp_gain":0.0,"max_hp_loss":0.0,"gold_gain":0.0,"event_name":"Vampires","player_choice":"Ignored","floor":29.0,"gold_loss":0.0,"damage_taken":0.0},{"damage_healed":0,"gold_gain":0,"player_choice":"Embrace Madness","damage_taken":10,"max_hp_gain":0,"max_hp_loss":0,"event_name":"Winding Halls","floor":37,"gold_loss":0,"cards_obtained":["Madness","Madness"]},{"cards_removed":["RobotSpaceExplorer:SurgingShield"],"damage_healed":0,"gold_gain":0,"player_choice":"Removed Skill","damage_taken":0,"max_hp_gain":0,"max_hp_loss":0,"event_name":"Falling","floor":38,"gold_loss":0},{"damage_healed":0,"gold_gain":0,"player_choice":"Ignored","damage_taken":0,"max_hp_gain":0,"max_hp_loss":0,"event_name":"Tomb of Lord Red Mask","floor":39,"gold_loss":0},{"damage_healed":72,"gold_gain":0,"player_choice":"Heal","damage_taken":0,"max_hp_gain":0,"max_hp_loss":10,"event_name":"The Moai Head","floor":47,"gold_loss":0}],"is_beta":false,"boss_relics":[{"not_picked":["Runic Dome","Fusion Hammer"],"picked":"Busted Crown"},{"not_picked":[]},{"not_picked":["Velvet Choker","Sozu"],"picked":"MagicMushroom"},{"not_picked":[]}],"items_purged_floors":[],"is_endless":false,"potions_floor_spawned":[1,10,12,22,25,30,41],"killed_by":"Awakened One","ascension_level":0}}