{"host":"lzzc8734","time":1608518355,"event":{"mods":["ATMod(∞¢Ë™Mod)","BaseMod","Colored Map","Luminous","Marisa£®ÏF”Í°°ƒß¿Ì…≥£©","Marked Mod","Minty Spire (QoL Compilation)","READ ME - Guardian Mod","Reimu£®≤©¿ˆ¡È√Œ£©","StSLib","The Gatherer","The Servant 0.9.4","Waifu the Spire","[IsaacMod]“‘»ˆº‚À˛","vexMod"],"gold_per_floor":[110,130,146,146,157,168,179,214,214,243,257,274,274,291,291,387,387,407,417,417,436,436,436,436,55,55,74,106,121,121,147,147,242,242,257,269,324,10,28,28,3,3,3,17,17,17,49,49,49,49,49,49,23,56,56],"floor_reached":56,"playtime":3599,"items_purged":["Strike_Lin:ReiMu","Strike_Lin:ReiMu"],"score":1481,"play_id":"e6902044-74bd-4e7e-b137-968cbffb5480","local_time":"20201221103915","is_ascension_mode":false,"campfire_choices":[{"data":"FoulBorder2:ReiMu","floor":15.0,"key":"SMITH"},{"data":"OctopathSalyBorderN:ReiMu","floor":23.0,"key":"SMITH"},{"data":"ShadowOfCrow2:ReiMu","floor":30.0,"key":"SMITH"},{"floor":32.0,"key":"REST"},{"floor":40.0,"key":"REST"},{"data":"UniversalSpiritual:ReiMu","floor":42.0,"key":"SMITH"},{"data":"Mountainwind:ReiMu","floor":45.0,"key":"SMITH"},{"floor":49.0,"key":"RECALL"},{"data":"HakureiPhantom:ReiMu","floor":52.0,"key":"SMITH"}],"circlet_count":0,"master_deck":["Strike_Lin:ReiMu+1","Strike_Lin:ReiMu","Defend_Lin:ReiMu","Defend_Lin:ReiMu","Defend_Lin:ReiMu","Defend_Lin:ReiMu","NB:ReiMu","Stagnation:ReiMu","AT_OneInchPunch+1","RainPray2:ReiMu","DoubleButterfly:ReiMu","FoulBorder2:ReiMu+1","SealNeedle:ReiMu","TightArray:ReiMu+1","Meditation:ReiMu","MountainWay:ReiMu","ShadowOfCrow2:ReiMu+1","UpKicking:ReiMu","SubcavityInstant:ReiMu","KyokaiOfKami:ReiMu","OctopathSalyBorderN:ReiMu+1","MikOfLucky:ReiMu+1","FantasyMoon:ReiMu+1","AlertArray:ReiMu+1","Mountainwind:ReiMu+1","Enchanting:ReiMu","Crusade:ReiMu+1","AirStrike:ReiMu+1","UniversalSpiritual:ReiMu+1","HakureiPhantom:ReiMu+1","Pain"],"relics":["FlyPower:ReiMu","HushsDoor","AT_ATBox","GuppysTail","NeowsBlessing","White Beast Statue","Singing Bowl","Matryoshka","Orichalcum","DonationBox:ReiMu","Vajra","Bottled Lightning","SteamSale","BodyOfKamiR:ReiMu","Juzu Bracelet","Whetstone","Regal Pillow","RuthlessExorcism:ReiMu","Philosopher\u0027s Stone","CatCart","TentaclePot:ReiMu","Blood Vial","Potion Belt","Dead Branch","vexMod:MemoryStick","WarpedTongs"],"acts_visited":["Exordium","TheCity","TheBeyond","TheEnding"],"potions_floor_usage":[54,55,55,55],"damage_taken":[{"damage":0.0,"enemies":"Jaw Worm","floor":1.0,"turns":1.0},{"damage":0.0,"enemies":"Small Slimes","floor":2.0,"turns":1.0},{"damage":0.0,"enemies":"Cultist","floor":3.0,"turns":1.0},{"damage":0.0,"enemies":"2 Fungi Beasts","floor":5.0,"turns":3.0},{"damage":0.0,"enemies":"Large Slime","floor":6.0,"turns":4.0},{"damage":0.0,"enemies":"Blue Slaver","floor":7.0,"turns":2.0},{"damage":0.0,"enemies":"Lagavulin","floor":8.0,"turns":4.0},{"damage":6.0,"enemies":"Gremlin Nob","floor":10.0,"turns":4.0},{"damage":0.0,"enemies":"Looter","floor":11.0,"turns":1.0},{"damage":0.0,"enemies":"Red Slaver","floor":12.0,"turns":4.0},{"damage":0.0,"enemies":"Blue Slaver","floor":14.0,"turns":2.0},{"damage":0.0,"enemies":"Hexaghost","floor":16.0,"turns":8.0},{"damage":0.0,"enemies":"Chosen","floor":18.0,"turns":4.0},{"damage":0.0,"enemies":"Shell Parasite","floor":19.0,"turns":2.0},{"damage":1.0,"enemies":"Snecko","floor":21.0,"turns":3.0},{"damage":0.0,"enemies":"Centurion and Healer","floor":27.0,"turns":3.0},{"damage":33.0,"enemies":"Gremlin Leader","floor":28.0,"turns":5.0},{"damage":0.0,"enemies":"Sentry and Sphere","floor":29.0,"turns":3.0},{"damage":0.0,"enemies":"Book of Stabbing","floor":31.0,"turns":3.0},{"damage":44.0,"enemies":"Collector","floor":33.0,"turns":8.0},{"damage":27.0,"enemies":"3 Darklings","floor":35.0,"turns":3.0},{"damage":3.0,"enemies":"Orb Walker","floor":36.0,"turns":3.0},{"damage":39.0,"enemies":"Orin","floor":37.0,"turns":9.0},{"damage":1.0,"enemies":"Jaw Worm Horde","floor":39.0,"turns":3.0},{"damage":3.0,"enemies":"Spire Growth","floor":44.0,"turns":3.0},{"damage":0.0,"enemies":"Reptomancer","floor":47.0,"turns":3.0},{"damage":49.0,"enemies":"Time Eater","floor":50.0,"turns":11.0},{"damage":37,"enemies":"Shield and Spear","floor":54,"turns":5},{"damage":47,"enemies":"The Heart","floor":55,"turns":7}],"seed_played":"-7249690254448123175","potions_obtained":[{"floor":3.0,"key":"SpeedPotion"},{"floor":6.0,"key":"EssenceOfSteel"},{"floor":8.0,"key":"SpeedPotion"},{"floor":10.0,"key":"Weak Potion"},{"floor":12.0,"key":"BlessingOfTheForge"},{"floor":16.0,"key":"Explosive Potion"},{"floor":19.0,"key":"Energy Potion"},{"floor":21.0,"key":"SteroidPotion"},{"floor":27.0,"key":"GrandPatriotsElixir:ReiMu"},{"floor":37.0,"key":"BottledKami:ReiMu"},{"floor":39.0,"key":"HakureiPotion:ReiMu"}],"is_trial":false,"path_per_floor":["M","M","M","?","M","M","M","E","T","E","M","M","?","M","R","B",null,"M","M","?","M","?","R","T","$","T","M","E","M","R","E","R","B",null,"M","M","?","$","M","R","$","R","T","M","R","?","E","?","R","B",null,"R","$","E","B",null],"character_chosen":"REIMU","items_purchased":["OctopathSalyBorderN:ReiMu","SteamSale","BodyOfKamiR:ReiMu","Juzu Bracelet","Enchanting:ReiMu","TentaclePot:ReiMu","Blood Vial","Potion Belt","UniversalSpiritual:ReiMu","Weak Potion","SkillPotion"],"campfire_rested":2,"item_purchase_floors":[17,25,25,25,34,38,38,38,38,41,53],"current_hp_per_floor":[65,65,65,65,65,65,65,65,65,59,59,59,56,58,58,58,63,65,65,65,64,64,64,64,64,64,66,33,33,33,35,69,27,70,43,40,3,3,6,43,43,43,43,44,44,44,46,46,46,51,72,72,72,37,20],"gold":56,"neow_bonus":"THREE_ENEMY_KILL","is_daily":false,"chose_seed":false,"campfire_upgraded":6,"win_rate":0.0,"timestamp":1608518355,"path_taken":["M","M","M","?","?","M","M","E","T","E","M","M","?","M","R","BOSS","M","M","?","M","?","R","?","$","T","M","E","M","R","E","R","BOSS","M","M","?","$","M","R","$","R","T","M","R","?","E","?","R","BOSS","R","$","E","BOSS"],"items_purchased_type":["Card","Relic","Relic","Relic","Card","Relic","Relic","Relic","Card","Potion","Potion"],"build_version":"2020-12-18","purchased_purges":2,"victory":true,"max_hp_per_floor":[65,65,65,65,65,65,65,65,65,65,65,65,65,67,67,67,63,65,65,65,65,65,65,65,65,65,67,67,67,67,69,69,71,70,70,70,72,72,74,74,74,74,74,76,76,72,72,72,72,72,72,72,72,74,74],"card_choices":[{"not_picked":["SpiritualOutbreak2:ReiMu","SubAcupoint:ReiMu"],"picked":"RainPray2:ReiMu","floor":1.0},{"not_picked":["PayForSelf:ReiMu","SubAcupoint:ReiMu"],"picked":"DoubleButterfly:ReiMu","floor":2.0},{"not_picked":["CeremonyResonance:ReiMu","Bomb"],"picked":"FoulBorder2:ReiMu","floor":3.0},{"not_picked":["KamiSacrifice:ReiMu","Intuition:ReiMu"],"picked":"SealNeedle:ReiMu","floor":5.0},{"not_picked":["SubAcupoint:ReiMu","Conquer:ReiMu"],"picked":"TightArray:ReiMu","floor":6.0},{"not_picked":["SpiritualOutbreak2:ReiMu","SafetyPray:ReiMu"],"picked":"Meditation:ReiMu","floor":7.0},{"not_picked":["CeremonyResonance:ReiMu","PhosphorusFlame:ReiMu"],"picked":"MountainWay:ReiMu","floor":8.0},{"not_picked":["YinYangSange:ReiMu","YinYang:ReiMu"],"picked":"ShadowOfCrow2:ReiMu","floor":10.0},{"not_picked":["Amulet:ReiMu","MountainWay:ReiMu"],"picked":"UpKicking:ReiMu","floor":11.0},{"not_picked":["LovePray:ReiMu","EmergencyTakeOff:ReiMu"],"picked":"SubcavityInstant:ReiMu","floor":12.0},{"not_picked":["TightArray:ReiMu","EmergencyTakeOff:ReiMu","SafetyPray:ReiMu"],"picked":"Singing Bowl","floor":14.0},{"not_picked":["CeremonyResonance:ReiMu","DependentForm:ReiMu"],"picked":"KyokaiOfKami:ReiMu","floor":16.0},{"not_picked":["Dreaming2:ReiMu","Conquer:ReiMu+1","SpreadBorder2:ReiMu"],"picked":"Singing Bowl","floor":18.0},{"not_picked":["AirManeuver:ReiMu","BarrageOfMoneybags:ReiMu+1"],"picked":"MikOfLucky:ReiMu+1","floor":19.0},{"not_picked":["NineCharacters:ReiMu+1","RainPray2:ReiMu"],"picked":"FantasyMoon:ReiMu+1","floor":21.0},{"not_picked":["LearningPray:ReiMu","WonderfulDomain:ReiMu","SpreadBorder2:ReiMu"],"picked":"Singing Bowl","floor":27.0},{"not_picked":["Authority:ReiMu","SealNeedle:ReiMu"],"picked":"AlertArray:ReiMu+1","floor":28.0},{"not_picked":["WonderfulDomain:ReiMu","SubAcupoint:ReiMu"],"picked":"Mountainwind:ReiMu","floor":29.0},{"not_picked":["RainPray2:ReiMu","Mountainwind:ReiMu","Conquer:ReiMu+1"],"picked":"Singing Bowl","floor":31.0},{"not_picked":["KyokaiOfKami:ReiMu","Free:ReiMu","OctopathSalyBorderN:ReiMu"],"picked":"Singing Bowl","floor":33.0},{"not_picked":["Gathering:ReiMu","SubAcupoint:ReiMu"],"picked":"Crusade:ReiMu+1","floor":35.0},{"not_picked":["Meditation:ReiMu+1","ShadowOfCrow2:ReiMu+1"],"picked":"AirStrike:ReiMu+1","floor":36.0},{"not_picked":["CollectionFlower2:ReiMu","UpKicking:ReiMu","AirStrike:ReiMu+1"],"picked":"Singing Bowl","floor":37.0},{"not_picked":["WonderfulDomain:ReiMu+1","SubcavityInstant:ReiMu","Meditation:ReiMu+1"],"picked":"Singing Bowl","floor":39.0},{"not_picked":["TightArray:ReiMu","PassingAway:ReiMu+1","CareerPray:ReiMu"],"picked":"Singing Bowl","floor":44.0},{"not_picked":["TakeOff:ReiMu+1","SubAcupoint:ReiMu+1"],"picked":"HakureiPhantom:ReiMu","floor":47.0},{"not_picked":["Enchanting:ReiMu","ShadowOfCrow2:ReiMu","WonderfulDomain:ReiMu"],"picked":"Singing Bowl","floor":54}],"player_experience":170228,"relics_obtained":[{"floor":8.0,"key":"White Beast Statue"},{"floor":9.0,"key":"Singing Bowl"},{"floor":10.0,"key":"Matryoshka"},{"floor":24.0,"key":"Vajra"},{"floor":24.0,"key":"Bottled Lightning"},{"floor":26.0,"key":"Whetstone"},{"floor":28.0,"key":"Regal Pillow"},{"floor":31.0,"key":"RuthlessExorcism:ReiMu"},{"floor":37.0,"key":"CatCart"},{"floor":43.0,"key":"Dead Branch"},{"floor":47.0,"key":"vexMod:MemoryStick"}],"event_choices":[{"damage_healed":0.0,"max_hp_gain":0.0,"max_hp_loss":0.0,"gold_gain":0.0,"event_name":"Living Wall","player_choice":"Grow","floor":4.0,"gold_loss":0.0,"damage_taken":0.0,"cards_upgraded":["AT_OneInchPunch"]},{"damage_healed":0.0,"max_hp_gain":0.0,"max_hp_loss":0.0,"gold_gain":0.0,"event_name":"Scrap Ooze","player_choice":"Success","floor":13.0,"gold_loss":0.0,"damage_taken":3.0,"relics_obtained":["Orichalcum"]},{"damage_healed":0.0,"max_hp_gain":0.0,"max_hp_loss":0.0,"gold_gain":0.0,"event_name":"Vampires","player_choice":"Ignored","floor":20.0,"gold_loss":0.0,"damage_taken":0.0},{"damage_healed":0.0,"max_hp_gain":0.0,"max_hp_loss":0.0,"gold_gain":0.0,"event_name":"NoteForYourself","player_choice":"Ignored","floor":22.0,"gold_loss":0.0,"damage_taken":0.0},{"damage_healed":0.0,"max_hp_gain":0.0,"max_hp_loss":0.0,"gold_gain":0.0,"event_name":"OrinTheCat","player_choice":"Fight","floor":37.0,"gold_loss":0.0,"damage_taken":0.0},{"damage_healed":0.0,"max_hp_gain":0.0,"max_hp_loss":4.0,"gold_gain":0.0,"event_name":"Winding Halls","player_choice":"Max HP","floor":46.0,"gold_loss":0.0,"damage_taken":0.0},{"damage_healed":0.0,"max_hp_gain":0.0,"max_hp_loss":0.0,"gold_gain":0.0,"event_name":"Accursed Blacksmith","player_choice":"Rummage","floor":48.0,"gold_loss":0.0,"damage_taken":0.0,"relics_obtained":["WarpedTongs"],"cards_obtained":["Pain"]}],"is_beta":true,"boss_relics":[{"not_picked":["vexMod:TanglingVine","Runic Dome"],"picked":"DonationBox:ReiMu"},{"not_picked":[]},{"not_picked":["ChampionBelt","Snecko Eye"],"picked":"Philosopher\u0027s Stone"},{"not_picked":[]}],"items_purged_floors":[25,38],"is_endless":false,"potions_floor_spawned":[3,6,8,10,11,12,14,16,18,19,21,27,28,29,31,33,35,36,37,39,44,47,54],"ascension_level":0}}