{"host":"jmrtcms4w8pdo4je","time":1608531098,"event":{"mods":["AchievementEnabler","BaseMod","Colored Powertips","Gremlin Mod","Infinite Spire","Minty Spire (QoL Compilation)","Replay The Spire","StSLib","The Forsaken","The Hierophant","The Necromancer"],"gold_per_floor":[117,117,132,132,82,82,6,6,79,108,126,144,173,192,192,289,289,302,268,288,298,298,298,310,310,361,284,384,384,384],"floor_reached":29,"playtime":922,"items_purged":[],"score":258,"play_id":"7d9c75a2-db05-4f88-99d6-d4a7a45d49aa","local_time":"20201221001138","is_ascension_mode":false,"campfire_choices":[{"data":"Summon_Vampire_Lady","floor":6,"key":"SMITH"},{"data":"Bone_Wall","floor":6,"key":"SMITH"},{"data":"Summon_Lich","floor":8,"key":"SMITH"},{"data":"Negative_Energy_Arrows","floor":8,"key":"SMITH"},{"data":"Slay_Living","floor":15,"key":"SMITH"},{"data":"Summon_Undead_Army","floor":15,"key":"SMITH"},{"data":"Summon_Lich","floor":23,"key":"SMITH"},{"data":"Summon_Undead","floor":23,"key":"SMITH"},{"data":"Bone_Armory","floor":25,"key":"SMITH"},{"data":"Defend_W","floor":25,"key":"SMITH"}],"circlet_count":0,"master_deck":["Strike_W","Strike_W","Strike_W","Strike_W","Defend_W","Defend_W","Defend_W","Defend_W+1","Negative_Energy_Arrows+1","Bone_Wall+1","Summon_Vampire_Lady+1","Summon_Lich+1","Slay_Living+1","Summon_Undead_Army+1","Summon_Lich+1","Bone_Armory+1","Summon_Undead+1","Bone_Armor+1","Uncharnel"],"relics":["Vampire_Amulet","Replay:Arrowhead","ReplayTheSpireMod:Ring of Collecting","ReplayTheSpireMod:Ring of Exchange","Divine Protection","Replay:Mystery Machine","InkBottle","Membership Card","MutagenicStrength","Ring of Fury","Pen Nib","Ancient Tea Set","Replay:Towering Pillar of Hats","theForsaken:ScaryMask"],"acts_visited":["Exordium","TheCity"],"potions_floor_usage":[13,18,28,28,29],"damage_taken":[{"damage":4,"enemies":"Small Slimes","floor":1,"turns":4},{"damage":0,"enemies":"2 Louse","floor":3,"turns":4},{"damage":9,"enemies":"Gremlin Nob","floor":10,"turns":5},{"damage":0,"enemies":"Jaw Worm","floor":11,"turns":4},{"damage":0,"enemies":"Gremlin Gang","floor":12,"turns":3},{"damage":17,"enemies":"3 Sentries","floor":13,"turns":5},{"damage":0,"enemies":"Exordium Wildlife","floor":14,"turns":3},{"damage":26,"enemies":"Slime Boss","floor":16,"turns":7},{"damage":9,"enemies":"Shell Parasite","floor":18,"turns":4},{"damage":19,"enemies":"Chosen","floor":20,"turns":6},{"damage":19,"enemies":"Centurion and Healer","floor":21,"turns":6},{"damage":15,"enemies":"Snecko","floor":24,"turns":5},{"damage":19,"enemies":"Colosseum Slavers","floor":28,"turns":4},{"damage":70,"enemies":"Colosseum Nobs","floor":28,"turns":6},{"damage":17,"enemies":"Snake Plant","floor":29,"turns":3}],"seed_played":"3316575740057732513","potions_obtained":[{"floor":1,"key":"Ancient Potion"},{"floor":10,"key":"SpeedPotion"},{"floor":14,"key":"Fire Potion"},{"floor":18,"key":"Doom Potion"},{"floor":24,"key":"SpeedPotion"},{"floor":28,"key":"Fire Potion"}],"is_trial":false,"path_per_floor":["M","$","M","?","?","R","$","R","T","E","M","M","E","M","R","B",null,"M","$","M","M","?","R","M","R","T","$","?","M"],"character_chosen":"NECROMANCER","items_purchased":["Summon_Lich","Bone_Armory","Ancient Tea Set"],"campfire_rested":0,"item_purchase_floors":[7,19,27],"current_hp_per_floor":[73,73,75,75,75,75,75,75,75,71,75,75,73,75,75,64,75,70,70,62,62,62,62,64,64,64,64,16,0,0],"gold":384,"neow_bonus":"ONE_RARE_RELIC","is_daily":false,"chose_seed":false,"campfire_upgraded":10,"win_rate":0.0,"timestamp":1608531098,"path_taken":["M","$","M","?","?","R","$","R","T","E","M","M","E","M","R","BOSS","M","$","M","M","?","R","M","R","T","$","?","M"],"items_purchased_type":["Card","Card","Relic"],"build_version":"2020-12-13","purchased_purges":0,"victory":false,"max_hp_per_floor":[75,75,75,75,75,75,75,75,75,75,75,75,75,75,75,75,75,75,75,75,75,75,75,75,75,75,75,75,75,75],"card_choices":[{"not_picked":["Bone_Shift","Thousand_Bone_Knives","Consume_Illness"],"picked":"SKIP","floor":1},{"not_picked":["Toxic_Smoke_Screen","Death_Knell"],"picked":"Summon_Vampire_Lady","floor":3},{"not_picked":["Bone_Spikes","Chill_Blood","Spectral_Walk"],"picked":"SKIP","floor":10},{"not_picked":["Scare","Bone_Spikes"],"picked":"Slay_Living","floor":11},{"not_picked":["Negative_Energy_Javelin","Blood_Curse"],"picked":"Summon_Undead_Army","floor":12},{"not_picked":["Negative_Energy_Javelin","Bone_Spikes","Necromantic_Selection"],"picked":"SKIP","floor":13},{"not_picked":["Blood_Shield","Blood_Whip","Pandemic"],"picked":"SKIP","floor":14},{"not_picked":["Negative_Energy_Mist","Negative_Energy_Burst"],"picked":"Summon_Lich","floor":18},{"not_picked":["Bones_to_Steel","Siphon_Strength"],"picked":"Summon_Undead","floor":20},{"not_picked":["Negative_Energy_Mist+1","Shackles_Of_Pain"],"picked":"Bone_Armor+1","floor":21},{"not_picked":["Blood_Curse","Vampiric_Strike","Hellfire"],"picked":"SKIP","floor":24},{"not_picked":["Violent_Necrosis","Bone_Spikes"],"picked":"Uncharnel","floor":28}],"player_experience":5839,"relics_obtained":[{"floor":4,"key":"ReplayTheSpireMod:Ring of Collecting"},{"floor":4,"key":"ReplayTheSpireMod:Ring of Exchange"},{"floor":9,"key":"Divine Protection"},{"floor":10,"key":"Replay:Mystery Machine"},{"floor":13,"key":"InkBottle"},{"floor":26,"key":"Ring of Fury"},{"floor":26,"key":"Pen Nib"},{"floor":28,"key":"Replay:Towering Pillar of Hats"},{"floor":28,"key":"theForsaken:ScaryMask"}],"event_choices":[{"cards_removed":["Normality"],"damage_healed":0,"gold_gain":0,"player_choice":"Card Removal","damage_taken":0,"max_hp_gain":0,"max_hp_loss":0,"event_name":"The Cleric","floor":5,"gold_loss":50},{"damage_healed":0,"gold_gain":0,"player_choice":"Inject Mutagens","damage_taken":0,"relics_obtained":["MutagenicStrength"],"max_hp_gain":0,"max_hp_loss":0,"event_name":"Drug Dealer","floor":22,"gold_loss":0},{"damage_healed":0,"gold_gain":0,"player_choice":"Fight","damage_taken":0,"max_hp_gain":0,"max_hp_loss":0,"event_name":"Colosseum","floor":28,"gold_loss":0},{"damage_healed":0,"gold_gain":0,"player_choice":"Fought Nobs","damage_taken":0,"max_hp_gain":0,"max_hp_loss":0,"event_name":"Colosseum","floor":28,"gold_loss":0}],"is_beta":false,"boss_relics":[{"not_picked":["OrangePellets","Philosopher\u0027s Stone"],"picked":"Membership Card"}],"items_purged_floors":[],"is_endless":false,"potions_floor_spawned":[1,10,14,18,24,28,28],"killed_by":"Snake Plant","ascension_level":0}}