{"host":"43vb3u4kiuosyd1s","time":1608539300,"event":{"mods":["BaseMod","CapriCore","HololiveMod","Minty Spire (QoL Compilation)","StSLib","Td1madao Mod"],"gold_per_floor":[79,79,99,111,111,137,137,154,154,4,14,14,66,84,84,188,188,201,381,205,229,229,258,268,367,367,384,108,127,158,8,8,107,107,117,133,151,151,6,41,41,72,98,115,145,145,145,145,145,145,145],"floor_reached":50,"playtime":2550,"items_purged":["Hololive_Strike","Hololive_CallAkiRosenthal","Writhe","Hololive_BeCareful"],"score":764,"play_id":"9d3668dd-d7da-4a3f-a410-6e047faf79ce","local_time":"20201221172820","is_ascension_mode":false,"campfire_choices":[{"data":"Hololive_CallInugamiKorone","floor":7,"key":"SMITH"},{"data":"Hololive_CandyCastle","floor":12,"key":"SMITH"},{"data":"Hololive_CallAZKi","floor":15,"key":"SMITH"},{"data":"Hololive_CallOkamiMio","floor":32,"key":"SMITH"},{"floor":47,"key":"RECALL"},{"data":"Hololive_Nanodesu","floor":49,"key":"SMITH"}],"circlet_count":0,"master_deck":["Hololive_Rebound","Hololive_CallHoshimachiSuisei","Hololive_CallInugamiKorone+1","Hololive_CallRosalyn","Hololive_CallOkamiMio+1","Hololive_CallAZKi+1","Hololive_CandyCastle+1","Hololive_CallMurasakiShion","Hololive_CallMinatoAqua","Hololive_CallDoris","Hololive_Nanodesu+1","Hololive_ManjiGathering","Hololive_CallArtia","Hololive_CallShirakamiFubuki","Hololive_Drill","Hololive_Teleport","Hololive_CallHoushouMarine"],"relics":["Hololive_TheStar","NeowsBlessing","GremlinMask","Bag of Preparation","Strawberry","Pandora\u0027s Box","Pen Nib","Calipers","Singing Bowl","Gremlin Horn","Hololive_LightStick","Bottled Flame","Runic Pyramid","Medical Kit","Vajra","Spirit Poop","Nunchaku","Lantern"],"acts_visited":["Exordium","TheCity","TheBeyond"],"potions_floor_usage":[6,16,16,33,50,50],"damage_taken":[{"damage":0,"enemies":"Jaw Worm","floor":1,"turns":1},{"damage":0,"enemies":"Cultist","floor":3,"turns":1},{"damage":0,"enemies":"2 Louse","floor":4,"turns":1},{"damage":0,"enemies":"3 Sentries","floor":6,"turns":7},{"damage":0,"enemies":"Exordium Wildlife","floor":8,"turns":4},{"damage":0,"enemies":"Looter","floor":11,"turns":3},{"damage":0,"enemies":"Exordium Thugs","floor":14,"turns":3},{"damage":0,"enemies":"Slime Boss","floor":16,"turns":6},{"damage":0,"enemies":"Shell Parasite","floor":18,"turns":4},{"damage":4,"enemies":"Slavers","floor":23,"turns":6},{"damage":0,"enemies":"Spheric Guardian","floor":24,"turns":4},{"damage":0,"enemies":"Snake Plant","floor":27,"turns":4},{"damage":0,"enemies":"Snecko","floor":29,"turns":4},{"damage":0,"enemies":"Book of Stabbing","floor":30,"turns":3},{"damage":0,"enemies":"Automaton","floor":33,"turns":5},{"damage":0,"enemies":"Orb Walker","floor":35,"turns":3},{"damage":1,"enemies":"3 Darklings","floor":36,"turns":6},{"damage":1,"enemies":"Writhing Mass","floor":37,"turns":6},{"damage":0,"enemies":"Nemesis","floor":40,"turns":6},{"damage":0,"enemies":"Reptomancer","floor":42,"turns":5},{"damage":0,"enemies":"Maw","floor":44,"turns":5},{"damage":17,"enemies":"4 Shapes","floor":45,"turns":3},{"damage":96,"enemies":"Awakened One","floor":50,"turns":7}],"seed_played":"3828298033930363290","potions_obtained":[{"floor":3,"key":"FearPotion"},{"floor":4,"key":"Block Potion"},{"floor":8,"key":"Explosive Potion"},{"floor":24,"key":"Swift Potion"},{"floor":27,"key":"FairyPotion"},{"floor":30,"key":"Explosive Potion"},{"floor":33,"key":"ColorlessPotion"},{"floor":37,"key":"Strength Potion"},{"floor":40,"key":"FearPotion"}],"is_trial":false,"path_per_floor":["M","?","M","M","?","E","R","M","T","$","M","R","T","M","R","B",null,"M","?","$","T","?","E","M","?","T","M","$","M","E","$","R","B",null,"M","M","M","?","$","E","?","E","T","M","M","?","R","$","R","B"],"character_chosen":"Hololive_HololiveCharacter","items_purchased":["Hololive_CallMinatoAqua","Hololive_CallShirakamiFubuki","Hololive_LightStick","Medical Kit"],"campfire_rested":0,"item_purchase_floors":[10,20,28,39],"current_hp_per_floor":[35,35,35,35,28,28,28,28,28,28,28,28,35,35,35,35,42,42,23,23,23,23,21,23,23,23,25,25,25,27,27,27,29,52,54,55,54,53,53,55,52,54,54,54,39,41,41,41,41,0,0],"gold":145,"neow_bonus":"THREE_ENEMY_KILL","is_daily":false,"chose_seed":false,"campfire_upgraded":5,"win_rate":0.0,"timestamp":1608539300,"path_taken":["M","?","M","?","?","E","R","M","T","$","M","R","?","M","R","BOSS","M","?","$","?","?","E","M","?","T","?","$","M","E","?","R","BOSS","M","M","M","?","$","E","?","E","T","?","M","?","R","$","R","BOSS"],"items_purchased_type":["Card","Card","Relic","Relic"],"build_version":"2020-12-13","purchased_purges":4,"victory":false,"max_hp_per_floor":[35,35,35,35,35,35,35,35,35,35,35,35,42,42,42,42,42,42,42,42,42,42,44,46,46,46,48,48,48,50,50,50,52,52,54,56,56,53,53,55,52,54,54,54,56,58,58,58,58,58,58],"card_choices":[{"not_picked":["Hololive_OvertimeWork","Hololive_CallOmaruPolka","Hololive_Rebound"],"picked":"Hololive_CallAZKi","floor":1},{"not_picked":["Hololive_Sequa","Hololive_OvertimeWork","Hololive_Rebound"],"picked":"Hololive_CandyCastle","floor":3},{"not_picked":["Hololive_Psychosis","Hololive_RevenueBasedLive","Hololive_CocoNews","Hololive_CallMomosuzuNene"],"picked":"SKIP","floor":4},{"not_picked":["Hololive_CallMoonaHoshinova","Hololive_CandyCastle","Hololive_Psychosis"],"picked":"Hololive_CallMurasakiShion","floor":6},{"not_picked":["Hololive_CallShishiroBotan","Hololive_HuntDinosaur","Hololive_Recruit","Hololive_CallMurasakiShion"],"picked":"SKIP","floor":8},{"not_picked":["Hololive_Trident","Hololive_FlyingPonyTail","Hololive_Watashimo"],"picked":"Hololive_CallDoris","floor":11},{"not_picked":["Hololive_Spy","Hololive_RevenueBasedLive","Hololive_CallManoAloe","Hololive_SoulCatcher"],"picked":"SKIP","floor":14},{"not_picked":["Hololive_DiamondStrike","Hololive_StarCraft","Hololive_Rebirth"],"picked":"Hololive_Nanodesu","floor":16},{"not_picked":["Hololive_CallHoushouMarine","Hololive_Watashimo","Hololive_LuckPotion"],"picked":"Hololive_CallArtia","floor":18},{"not_picked":["Hololive_StarCraft","Hololive_CallUsadaPekora","Hololive_Psychosis","Hololive_WolfAndLamb"],"picked":"Singing Bowl","floor":23},{"not_picked":["Hololive_Rebound+1","Hololive_CallAyundaRisu+1","Hololive_LuckPotion","Hololive_CallShiroganeNoel"],"picked":"Singing Bowl","floor":24},{"not_picked":["Hololive_RevenueBasedLive","Hololive_CocoNews+1","Hololive_DevilCharm","Hololive_CandyCastle"],"picked":"Singing Bowl","floor":27},{"not_picked":["Hololive_Sequa","Hololive_RevenueBasedLive","Hololive_CallManoAloe"],"picked":"Hololive_Drill","floor":29},{"not_picked":["Hololive_StrengthChampion","Hololive_Sequa","Hololive_Breathe+1","Hololive_Rebound"],"picked":"Singing Bowl","floor":30},{"not_picked":["Hololive_WolfAndLamb","Hololive_ScarfAndHalo","Hololive_DiamondStrike","Hololive_DurableLive"],"picked":"Singing Bowl","floor":33},{"not_picked":["Hololive_CallFriendA+1","Hololive_CandyCastle","Hololive_Breathe+1","Hololive_CallInugamiKorone"],"picked":"Singing Bowl","floor":35},{"not_picked":["Hololive_Sequa","Hololive_OvertimeWork","Hololive_Psychosis","Hololive_RevenueBasedLive+1"],"picked":"Singing Bowl","floor":36},{"not_picked":["Hololive_RevenueBasedLive","Hololive_Breathe+1","Hololive_CocoNews+1"],"picked":"Hololive_Teleport","floor":37},{"not_picked":["Hololive_Drill+1","Hololive_Thief","Hololive_Sequa","Hololive_CallAZKi+1"],"picked":"Singing Bowl","floor":40},{"not_picked":["Hololive_CallSakuraMiko+1","Hololive_CallAyundaRisu","Hololive_Breathe+1","Hololive_Rebound+1"],"picked":"Singing Bowl","floor":42},{"not_picked":["Hololive_RevenueBasedLive+1","Hololive_CallShirakamiFubuki","Hololive_Drill+1"],"picked":"Hololive_CallHoushouMarine","floor":44},{"not_picked":["Hololive_StrengthChampion+1","Hololive_Sequa","Hololive_FlyingPonyTail","Hololive_HuntDinosaur+1"],"picked":"Singing Bowl","floor":45},{"not_picked":["Good Instincts","Sadistic Nature","Madness","Secret Technique"],"picked":"Singing Bowl","floor":46}],"player_experience":151879,"relics_obtained":[{"floor":6,"key":"Bag of Preparation"},{"floor":13,"key":"Strawberry"},{"floor":21,"key":"Pen Nib"},{"floor":23,"key":"Singing Bowl"},{"floor":26,"key":"Gremlin Horn"},{"floor":30,"key":"Bottled Flame"},{"floor":40,"key":"Vajra"},{"floor":42,"key":"Nunchaku"},{"floor":43,"key":"Lantern"}],"event_choices":[{"damage_healed":0,"gold_gain":0,"player_choice":"Trade","damage_taken":0,"relics_obtained":["GremlinMask"],"max_hp_gain":0,"max_hp_loss":0,"event_name":"FaceTrader","floor":2,"gold_loss":0},{"cards_removed":["Hololive_Strike"],"damage_healed":0,"gold_gain":0,"player_choice":"Card Removal","damage_taken":7,"max_hp_gain":0,"max_hp_loss":0,"event_name":"Golden Wing","floor":5,"gold_loss":0},{"damage_healed":0,"gold_gain":180,"player_choice":"GOLD GOLD ","damage_taken":19,"max_hp_gain":0,"max_hp_loss":0,"event_name":"Knowing Skull","floor":19,"potions_obtained":[],"gold_loss":0,"cards_obtained":[]},{"damage_healed":0,"gold_gain":0,"player_choice":"Opened","damage_taken":0,"relics_obtained":["Calipers"],"max_hp_gain":0,"max_hp_loss":0,"event_name":"The Mausoleum","floor":22,"gold_loss":0,"cards_obtained":["Writhe"]},{"damage_healed":0,"gold_gain":99,"player_choice":"Stole From Cult","damage_taken":0,"max_hp_gain":0,"max_hp_loss":0,"event_name":"Nest","floor":25,"gold_loss":0},{"damage_healed":0,"gold_gain":0,"player_choice":"Max HP","damage_taken":0,"max_hp_gain":0,"max_hp_loss":3,"event_name":"Winding Halls","floor":38,"gold_loss":0},{"cards_removed":["Parasite"],"damage_healed":0,"gold_gain":0,"player_choice":"Offered Curse","damage_taken":0,"relics_obtained":["Spirit Poop"],"max_hp_gain":0,"max_hp_loss":0,"event_name":"Bonfire Elementals","floor":41,"gold_loss":0},{"damage_healed":0,"gold_gain":0,"player_choice":"Memory 1","damage_taken":0,"max_hp_gain":0,"max_hp_loss":0,"event_name":"SensoryStone","floor":46,"gold_loss":0}],"is_beta":false,"boss_relics":[{"not_picked":["Cursed Key","Ectoplasm"],"picked":"Pandora\u0027s Box"},{"not_picked":["Tiny House","Hololive_Finger"],"picked":"Runic Pyramid"}],"items_purged_floors":[10,20,28,31],"is_endless":false,"potions_floor_spawned":[3,4,8,24,27,30,33,37,40,42,45],"killed_by":"Awakened One","ascension_level":0}}