{"host":"qy7jow5usmjkdnnq","time":1608585337,"event":{"mods":["BaseMod","Colored Map","Downfall","Minty Spire (QoL Compilation)","Permanent Neow","Relic Stats","StSLib"],"gold_per_floor":[99,199,214,214,224,149,200,219,245,245,262,412,162,172,191,290,290,290,307,342,354,399,411,423,435,372,415,442,471,497,191,202,301,301,301,176,186,186,236,236,261,289,389,314,331,344,356,372,386,386,386,421,44,44,44],"floor_reached":56,"playtime":6637,"items_purged":["Pain","Slimebound:Icky","champ:ShieldSlam","champ:LastStand"],"score":1465,"play_id":"80c34d69-9b8e-4a68-8bce-2d4ba2237a0f","local_time":"20201221221537","is_ascension_mode":true,"campfire_choices":[{"floor":1.0,"key":"RECALL"},{"data":"champ:StanceDance","floor":6,"key":"SMITH"},{"floor":10,"key":"REST"},{"data":"champ:PreciseThrust","floor":18,"key":"SMITH"},{"data":"champ:FocusedGladiator","floor":21,"key":"SMITH"},{"data":"champ:ArenaPreparation","floor":26,"key":"SMITH"},{"data":"champ:RapidStrikes","floor":35,"key":"SMITH"},{"data":"champ:BladeFlurry","floor":38,"key":"SMITH"},{"data":"champ:BringItOn","floor":40,"key":"SMITH"},{"data":"champ:RisingSlash","floor":44,"key":"SMITH"},{"data":"champ:CalledShot","floor":54,"key":"SMITH"}],"circlet_count":0,"master_deck":["champ:Execute","champ:Taunt+1","champ:StanceDance+1","champ:BringItOn+1","champ:FanOfKnives","champ:GladiatorsShout","champ:FocusedGladiator+1","champ:ShieldWall","champ:GladiatorStyle+1","champ:PreciseThrust+1","champ:Haymaker","champ:BladeFlurry+1","champ:ShieldSlam","champ:ArenaPreparation+1","champ:CrookedStrike","champ:GladiatorStyle","champ:StanceDance+1","champ:RapidStrikes+1","champ:RisingSlash+1","champ:PreciseThrust+1","champ:RecklessLeap+1","champ:SteelEdge","champ:ShieldWall","champ:Riposte","champ:Circumvent","champ:FanOfKnives","champ:HeavySlash","champ:EnragedBash","champ:SwordSigil","champ:PreciseThrust+1","champ:PreciseThrust+1","champ:FocusedGladiator+1","champ:ShieldSigil","champ:SwordSigil","champ:ShieldSigil+1","champ:CalledShot+1"],"relics":["champ:ChampionCrown","CloakClasp","WarpedTongs","downfall:HeartBlessingRed","Pen Nib","Bronze Scales","Runic Dome","MawBank","Prayer Wheel","Enchiridion","downfall:HeartBlessingBlue","Letter Opener","Meat on the Bone","Nunchaku","ClockworkSouvenir","Pandora\u0027s Box","Torii","Vajra","Molten Egg 2","downfall:HeartBlessingGreen","PreservedInsect","Lee\u0027s Waffle"],"acts_visited":["Exordium","TheCity","TheBeyond","TheEnding"],"potions_floor_usage":[9,15,16,22,33,42,55],"damage_taken":[{"damage":74,"floor":2,"turns":11},{"damage":13,"enemies":"Jaw Worm","floor":3,"turns":4},{"damage":6,"enemies":"Small Slimes","floor":5,"turns":3},{"damage":1,"enemies":"Cultist","floor":8,"turns":3},{"damage":23,"enemies":"Lagavulin","floor":9,"turns":5},{"damage":6,"enemies":"2 Fungi Beasts","floor":11,"turns":3},{"damage":14,"enemies":"downfall:FleeingMerchant","floor":13,"turns":4},{"damage":3,"enemies":"Gremlin Gang","floor":14,"turns":2},{"damage":4,"enemies":"3 Louse","floor":15,"turns":2},{"damage":16,"enemies":"downfall:Watcher","floor":16,"turns":7},{"damage":5,"enemies":"3 Byrds","floor":19,"turns":3},{"damage":33,"enemies":"Gremlin Leader","floor":20,"turns":7},{"damage":35,"enemies":"Slavers","floor":22,"turns":4},{"damage":20,"enemies":"Book of Stabbing","floor":27,"turns":4},{"damage":9,"enemies":"Spheric Guardian","floor":28,"turns":3},{"damage":13,"enemies":"Centurion and Healer","floor":29,"turns":4},{"damage":20,"enemies":"Snake Plant","floor":30,"turns":3},{"damage":52,"enemies":"downfall:FleeingMerchant","floor":31,"turns":4},{"damage":5,"enemies":"Snecko","floor":32,"turns":3},{"damage":0,"enemies":"downfall:Ironclad","floor":33,"turns":3},{"damage":0,"enemies":"3 Shapes","floor":37,"turns":2},{"damage":34,"enemies":"Mind Bloom Boss Battle","floor":39,"turns":4},{"damage":52,"enemies":"Nemesis","floor":42,"turns":5},{"damage":10,"enemies":"3 Darklings","floor":45,"turns":2},{"damage":6,"enemies":"Spire Growth","floor":46,"turns":3},{"damage":8,"enemies":"Sphere and 2 Shapes","floor":47,"turns":3},{"damage":50,"enemies":"Transient","floor":48,"turns":5},{"damage":53,"enemies":"Writhing Mass","floor":49,"turns":2},{"damage":43,"enemies":"downfall:Silent","floor":50,"turns":5},{"damage":5,"enemies":"downfall:CharBossMerchant","floor":52,"turns":3},{"damage":39,"enemies":"downfall:NeowBoss","floor":55,"turns":19}],"seed_played":"-7903893302648832193","potions_obtained":[{"floor":2,"key":"ColorlessPotion"},{"floor":3,"key":"BlessingOfTheForge"},{"floor":14,"key":"Explosive Potion"},{"floor":16,"key":"ColorlessPotion"},{"floor":22,"key":"FairyPotion"},{"floor":27,"key":"Weak Potion"},{"floor":29,"key":"champ:TechniquePotion"},{"floor":32,"key":"Guardian:BlockOnCardUsePotion"},{"floor":33,"key":"Strength Potion"},{"floor":42,"key":"champ:CounterPotion"},{"floor":45,"key":"Block Potion"}],"is_trial":false,"path_per_floor":["R","?","M","?","M","R","T","M","E","R","M","?","$","M","M","B",null,"R","M","E","R","E","?","T","?","R","E","M","M","M","$","M","B",null,"R","$","M","R","?","R","T","E","?","R","M","M","M","M","M","B",null,"E","$","R","B",null],"character_chosen":"THE_CHAMP","items_purchased":["champ:GladiatorStyle","champ:PreciseThrust","champ:Haymaker","Meat on the Bone","Nunchaku","ClockworkSouvenir","champ:CalledShot","Lee\u0027s Waffle"],"campfire_rested":1,"item_purchase_floors":[13,13,13,31,31,31,53,53],"current_hp_per_floor":[90,36,28,28,27,27,27,26,8,35,32,32,28,28,24,8,90,90,90,57,57,30,14,14,14,24,24,23,15,30,30,42,54,100,100,100,100,100,94,94,94,79,79,79,72,72,72,83,62,64,100,100,107,107,106],"gold":44,"neow_bonus":"UPGRADE_CARD","is_daily":false,"chose_seed":false,"campfire_upgraded":9,"win_rate":0.0,"timestamp":1608585337,"path_taken":["R","?","M","?","?","R","T","M","E","R","M","?","$","M","M","BOSS","R","M","E","R","E","?","T","?","R","E","M","M","?","$","M","BOSS","R","$","M","R","?","R","T","E","?","R","M","M","?","M","M","BOSS","E","$","R","BOSS"],"items_purchased_type":["Card","Card","Card","Relic","Relic","Relic","Card","Relic"],"build_version":"2020-12-13","purchased_purges":4,"victory":true,"max_hp_per_floor":[90,90,90,90,90,90,90,90,90,90,90,90,90,90,90,90,90,90,90,90,90,90,90,90,90,100,100,100,100,100,100,100,100,100,100,100,100,100,100,100,100,100,100,100,100,100,100,100,100,100,100,100,107,107,107],"relic_stats":{"Lee\u0027s Waffle":7,"Torii":3,"counters":[31,135],"Pen Nib":[25],"PreservedInsect":0,"CloakClasp":[402],"Letter Opener":[173],"MawBank":132,"WarpedTongs":[117],"Nunchaku":[16],"Bronze Scales":[251],"Prayer Wheel":10,"Pandora\u0027s Box":["champ:ShieldWall","champ:LastStand","champ:Riposte","champ:ShieldSlam","champ:Circumvent","champ:FanOfKnives","champ:HeavySlash","champ:EnragedBash"],"obtain_stats":[{"Lee\u0027s Waffle":53,"downfall:HeartBlessingRed":6,"Torii":39,"Enchiridion":23,"Vajra":41,"champ:ChampionCrown":0,"downfall:HeartBlessingGreen":44,"Pen Nib":7,"PreservedInsect":52,"CloakClasp":2,"Letter Opener":27,"MawBank":20,"WarpedTongs":4,"ClockworkSouvenir":31,"Runic Dome":17,"Nunchaku":31,"downfall:HeartBlessingBlue":26,"Bronze Scales":9,"Prayer Wheel":22,"Pandora\u0027s Box":34,"Molten Egg 2":42,"Meat on the Bone":31},{"Lee\u0027s Waffle":30,"downfall:HeartBlessingRed":3,"Torii":22,"Enchiridion":13,"Vajra":22,"champ:ChampionCrown":0,"downfall:HeartBlessingGreen":23,"Pen Nib":3,"PreservedInsect":30,"CloakClasp":1,"Letter Opener":14,"MawBank":12,"WarpedTongs":2,"ClockworkSouvenir":18,"Runic Dome":10,"Nunchaku":18,"downfall:HeartBlessingBlue":13,"Bronze Scales":5,"Prayer Wheel":13,"Pandora\u0027s Box":20,"Molten Egg 2":23,"Meat on the Bone":18},{"Lee\u0027s Waffle":116,"downfall:HeartBlessingRed":18,"Torii":88,"Enchiridion":58,"Vajra":88,"champ:ChampionCrown":0,"downfall:HeartBlessingGreen":93,"Pen Nib":18,"PreservedInsect":116,"CloakClasp":11,"Letter Opener":62,"MawBank":54,"WarpedTongs":15,"ClockworkSouvenir":76,"Runic Dome":44,"Nunchaku":76,"downfall:HeartBlessingBlue":58,"Bronze Scales":26,"Prayer Wheel":58,"Pandora\u0027s Box":82,"Molten Egg 2":93,"Meat on the Bone":76}],"Meat on the Bone":72},"card_choices":[{"not_picked":["champ:BladeFlurry","champ:FanOfKnives"],"picked":"champ:StanceDance","floor":2},{"not_picked":["champ:AdrenalArmor","champ:DefensiveStyle"],"picked":"champ:BringItOn","floor":3},{"not_picked":["champ:ShieldSigil","champ:DefensiveStyle"],"picked":"champ:FanOfKnives","floor":5},{"not_picked":["champ:EndlessRage","champ:ShieldSigil"],"picked":"champ:GladiatorsShout","floor":8},{"not_picked":["champ:DefensiveShout","champ:Circumvent","champ:TornadoPunch"],"picked":"SKIP","floor":9},{"not_picked":["champ:ShieldThrow","champ:TornadoPunch"],"picked":"champ:FocusedGladiator","floor":11},{"not_picked":["champ:StanceDance","champ:BringItOn"],"picked":"champ:ShieldWall","floor":13},{"not_picked":["champ:FanOfKnives","champ:GladiatorsShout","champ:BringItOn"],"picked":"SKIP","floor":14},{"not_picked":["champ:DefensiveShout","champ:FaceSlap"],"picked":"champ:BladeFlurry","floor":15},{"not_picked":["champ:StrikeOfGenius","champ:IgnorePain"],"picked":"champ:ShieldSlam","floor":16},{"not_picked":["champ:Backstep+1","champ:FanOfKnives","champ:AdrenalArmor"],"picked":"SKIP","floor":19},{"not_picked":["champ:FalseCounter+1","champ:EnragedBash","champ:HeartStrike+1"],"picked":"SKIP","floor":20},{"not_picked":["champ:PerfectedStrike+1","champ:EndlessRage"],"picked":"champ:ArenaPreparation","floor":22},{"not_picked":["champ:DefensiveShout+1","champ:BerserkersShout+1","champ:CrookedStrike"],"picked":"SKIP","floor":27},{"not_picked":["champ:DeathBlow+1","champ:EnGarde"],"picked":"champ:CrookedStrike","floor":28},{"not_picked":["champ:FalseCounter","champ:Encircle","champ:Backstep"],"picked":"SKIP","floor":28},{"not_picked":["champ:SwordSigil+1","champ:Control"],"picked":"champ:GladiatorStyle","floor":29},{"not_picked":["champ:Circumvent","champ:RecklessLeap"],"picked":"champ:StanceDance+1","floor":29},{"not_picked":["champ:GladiatorStyle","champ:StanceDance"],"picked":"champ:RapidStrikes","floor":30},{"not_picked":["champ:Backstep","champ:GladiatorsShout"],"picked":"champ:RisingSlash","floor":30},{"not_picked":["champ:DeathBlow","champ:ShieldSlam"],"picked":"champ:PreciseThrust+1","floor":31},{"not_picked":["champ:RapidStrikes","champ:StanceDance"],"picked":"champ:RecklessLeap+1","floor":32},{"not_picked":["champ:FlashCut","champ:FanOfKnives+1","champ:TornadoPunch"],"picked":"SKIP","floor":32},{"not_picked":["champ:LastStand","champ:StrikeOfGenius"],"picked":"champ:SteelEdge","floor":33},{"not_picked":["champ:FocusedDefense+1","champ:Encircle"],"picked":"champ:SwordSigil","floor":37},{"not_picked":["champ:RageSigil","champ:DeathBlow+1","champ:Aggression"],"picked":"SKIP","floor":37},{"not_picked":["champ:FocusedDefense+1","champ:Encircle+1","champ:Backstep+1"],"picked":"SKIP","floor":42},{"not_picked":["champ:TornadoPunch+1","champ:IgnorePain"],"picked":"champ:PreciseThrust+1","floor":45},{"not_picked":["champ:GladiatorStyle","champ:BringItOn","champ:EndlessRage"],"picked":"SKIP","floor":45},{"not_picked":["champ:BerserkersShout+1","champ:FanOfKnives+1"],"picked":"champ:PreciseThrust+1","floor":46},{"not_picked":["champ:DefensiveStyle","champ:CrookedStrike+1","champ:StanceDance"],"picked":"SKIP","floor":46},{"not_picked":["champ:DefensiveStyle","champ:CrookedStrike+1","champ:StanceDance"],"picked":"SKIP","floor":46},{"not_picked":["champ:RageSigil","champ:DefensiveShout+1"],"picked":"champ:FocusedGladiator+1","floor":47},{"not_picked":["champ:Haymaker+1","champ:BladeFlurry+1"],"picked":"champ:ShieldSigil","floor":47},{"not_picked":["champ:RapidStrikes+1","champ:BringItOn+1"],"picked":"champ:SwordSigil","floor":48},{"not_picked":["champ:Devastate+1","champ:IronFortress","champ:GladiatorsShout"],"picked":"SKIP","floor":48},{"not_picked":["champ:Haymaker+1","champ:Backstep+1","champ:EnGarde+1"],"picked":"SKIP","floor":49},{"not_picked":["champ:AdrenalArmor","champ:Shatter+1","champ:TornadoPunch+1"],"picked":"SKIP","floor":49},{"not_picked":["champ:FocusedBerserking+1","champ:CrookedStrike+1"],"picked":"champ:ShieldSigil+1","floor":52}],"player_experience":509634,"relics_obtained":[{"floor":2,"key":"CloakClasp"},{"floor":7,"key":"Pen Nib"},{"floor":9,"key":"Bronze Scales"},{"floor":20,"key":"MawBank"},{"floor":22,"key":"Prayer Wheel"},{"floor":23,"key":"Enchiridion"},{"floor":27,"key":"Letter Opener"},{"floor":39,"key":"Torii"},{"floor":41,"key":"Vajra"},{"floor":42,"key":"Molten Egg 2"},{"floor":52,"key":"PreservedInsect"}],"event_choices":[{"damage_healed":0,"gold_gain":0,"player_choice":"Rummage","damage_taken":0,"relics_obtained":["WarpedTongs"],"max_hp_gain":0,"max_hp_loss":0,"event_name":"Accursed Blacksmith","floor":4,"gold_loss":0,"cards_obtained":["Pain"]},{"damage_healed":0,"gold_gain":0,"player_choice":"Upgraded","damage_taken":0,"max_hp_gain":0,"max_hp_loss":0,"event_name":"Upgrade Shrine","floor":25,"gold_loss":0,"cards_upgraded":["champ:GladiatorStyle"]}],"is_beta":false,"boss_relics":[{"not_picked":["Calling Bell","Cursed Key"],"picked":"Runic Dome"},{"not_picked":["Empty Cage","Snecko Eye"],"picked":"Pandora\u0027s Box"}],"items_purged_floors":[13,31,36,53],"is_endless":false,"potions_floor_spawned":[2,3,14,16,22,27,29,32,33,42,45,48,49],"ascension_level":2}}