{"host":"f0gpob8hq9vgebej","time":1608534453,"event":{"mods":["AchievementEnabler","BaseMod","Googly Eyes","Minty Spire (QoL Compilation)","Quick Restart","SuperFastMode"],"gold_per_floor":[117,129,145,161,161,161,181,181,234,247,247,272,53,66,66,66,66],"floor_reached":16,"playtime":439,"items_purged":["Strike_G"],"score":166,"play_id":"1ba8f833-aa3b-44cd-b9e6-7852e5ab0335","local_time":"20201221160733","is_ascension_mode":true,"campfire_choices":[{"data":"Venomology","floor":6,"key":"SMITH"},{"data":"Neutralize","floor":8,"key":"SMITH"},{"data":"After Image","floor":15,"key":"SMITH"}],"circlet_count":0,"master_deck":["AscendersBane","Strike_G","Strike_G","Strike_G","Defend_G","Defend_G","Defend_G","Defend_G","Survivor","Neutralize+1","PiercingWail","Heel Hook","Venomology+1","Escape Plan","After Image+1","Blur","Acrobatics"],"relics":["Ring of the Snake","PreservedInsect","StrikeDummy","Bag of Marbles","PrismaticShard"],"acts_visited":["Exordium"],"potions_floor_usage":[4,7,10,12,14,16,16],"damage_taken":[{"damage":5,"enemies":"Cultist","floor":1,"turns":5},{"damage":9,"enemies":"Jaw Worm","floor":2,"turns":7},{"damage":1,"enemies":"Small Slimes","floor":3,"turns":5},{"damage":5,"enemies":"Red Slaver","floor":4,"turns":7},{"damage":0,"enemies":"Exordium Thugs","floor":7,"turns":6},{"damage":2,"enemies":"Looter","floor":10,"turns":4},{"damage":7,"enemies":"Gremlin Nob","floor":12,"turns":5},{"damage":5,"enemies":"Lots of Slimes","floor":14,"turns":6},{"damage":3,"enemies":"The Guardian","floor":16,"turns":15}],"seed_played":"6569527075610294338","potions_obtained":[{"floor":4,"key":"FearPotion"},{"floor":7,"key":"SteroidPotion"}],"is_trial":false,"path_per_floor":["M","M","M","M","?","R","M","R","T","M","?","E","$","M","R","B"],"character_chosen":"THE_SILENT","items_purchased":["PrismaticShard"],"campfire_rested":0,"item_purchase_floors":[13],"current_hp_per_floor":[58,49,48,43,43,43,43,43,43,41,41,34,34,29,29,26,26],"gold":66,"neow_bonus":"REMOVE_CARD","is_daily":false,"chose_seed":false,"campfire_upgraded":3,"win_rate":0.0,"timestamp":1608534453,"path_taken":["M","?","M","M","?","R","M","R","T","?","?","E","$","?","R","BOSS"],"items_purchased_type":["Relic"],"build_version":"2020-12-13","purchased_purges":1,"victory":false,"max_hp_per_floor":[70,70,70,70,70,70,70,70,70,70,70,70,70,70,70,70,70],"card_choices":[{"not_picked":["Dodge and Roll","Dagger Throw"],"picked":"PiercingWail","floor":1},{"not_picked":["Sucker Punch","Flying Knee"],"picked":"Heel Hook","floor":2},{"not_picked":["Deadly Poison","Terror"],"picked":"Venomology","floor":3},{"not_picked":["Dodge and Roll","Deadly Poison"],"picked":"Backflip","floor":4},{"not_picked":["Predator","Dagger Throw"],"picked":"Escape Plan","floor":7},{"not_picked":["Quick Slash","Flying Knee"],"picked":"After Image","floor":10},{"not_picked":["Deflect","Dagger Throw"],"picked":"Blur","floor":12},{"not_picked":["FearNoEvil","Barrage"],"picked":"Acrobatics","floor":14}],"player_experience":180596,"relics_obtained":[{"floor":9,"key":"PreservedInsect"},{"floor":12,"key":"Bag of Marbles"}],"event_choices":[{"cards_removed":["Defend_G"],"damage_healed":0,"gold_gain":0,"player_choice":"Purged","damage_taken":0,"max_hp_gain":0,"max_hp_loss":0,"event_name":"Purifier","floor":5,"gold_loss":0},{"cards_removed":["Backflip"],"damage_healed":0,"gold_gain":0,"player_choice":"Gave Card","damage_taken":0,"relics_obtained":["StrikeDummy"],"max_hp_gain":0,"max_hp_loss":0,"event_name":"WeMeetAgain","floor":11,"gold_loss":0}],"is_beta":false,"boss_relics":[],"items_purged_floors":[13],"is_endless":false,"potions_floor_spawned":[4,7,10],"killed_by":"The Guardian","ascension_level":12}}