{"host":"18wi9kpcl4eah7pe","time":1608541212,"event":{"mods":["BaseMod","Colored Powertips","Downfall","Minty Spire (QoL Compilation)","StSLib"],"gold_per_floor":[99,99,117,117,117,151,151,166,16,44,44,61,46,57,67,169,169,169,169,169,181,181,198,198,123,69,69,89,89,74,92,107,107,107,107],"floor_reached":33,"playtime":1749,"items_purged":[],"score":293,"play_id":"d5fecf1f-5315-469d-820e-4258770e1440","local_time":"20201221030012","is_ascension_mode":true,"campfire_choices":[{"floor":1,"key":"RECALL"},{"floor":9,"key":"REST"},{"data":"Slimebound:OozeBath","floor":18,"key":"SMITH"},{"floor":22,"key":"REST"},{"floor":25,"key":"REST"},{"data":"Slimebound:LivingWall","floor":27,"key":"SMITH"}],"circlet_count":0,"master_deck":["Slimebound:Strike_Slimebound","Slimebound:Tackle","Slimebound:Defend_Slimebound","Slimebound:Defend_Slimebound","Slimebound:Defend_Slimebound+1","Slimebound:Defend_Slimebound","Slimebound:Split+1","Slimebound:CorrosiveSpit+1","Slimebound:GoopSpray+1","Slimebound:LevelUp","Slimebound:PressTheAttack","Slimebound:LivingWall+1","Slimebound:DivideAndConquer","Slimebound:SpikyOuterGoop","Slimebound:PressTheAttack","Slimebound:MassFeed","Slimebound:OozeBath+1","Slimebound:GrowthPunch","Necronomicurse","Slimebound:Prepare","Slimebound:LeadByExample","Slimebound:FinishingTackle","Slimebound:Gluttony","Slimebound:SlimeSpikes","Writhe","Slimebound:LeechEnergy","Slimebound:SlimeBarrage","Slimebound:HauntingLick"],"relics":["Slimebound:AbsorbEndCombat","Centennial Puzzle","Pen Nib","Matryoshka","downfall:HeartBlessingRed","downfall:HeartBlessingGreen","Vajra","Empty Cage","Necronomicon","Eternal Feather","downfall:HeartBlessingBlue","Blood Vial"],"acts_visited":["Exordium","TheCity"],"potions_floor_usage":[16,16,31,32,33,33,33],"damage_taken":[{"damage":7,"enemies":"Small Slimes","floor":3,"turns":4},{"damage":43,"enemies":"Lagavulin","floor":6,"turns":7},{"damage":9,"enemies":"Jaw Worm","floor":8,"turns":4},{"damage":26,"enemies":"3 Sentries","floor":10,"turns":6},{"damage":0,"enemies":"2 Louse","floor":12,"turns":2},{"damage":11,"enemies":"downfall:FleeingMerchant","floor":13,"turns":4},{"damage":12,"enemies":"Exordium Wildlife","floor":14,"turns":3},{"damage":13,"enemies":"Exordium Thugs","floor":15,"turns":4},{"damage":42,"enemies":"downfall:Ironclad","floor":16,"turns":9},{"damage":21,"enemies":"Chosen","floor":21,"turns":4},{"damage":60,"enemies":"3 Byrds","floor":23,"turns":5},{"damage":9,"enemies":"downfall:FleeingMerchant","floor":26,"turns":4},{"damage":36,"enemies":"Snake Plant","floor":28,"turns":4},{"damage":16,"enemies":"downfall:FleeingMerchant","floor":30,"turns":4},{"damage":40,"enemies":"Shelled Parasite and Fungi","floor":31,"turns":4},{"damage":31,"enemies":"Snecko","floor":32,"turns":6},{"damage":62,"enemies":"downfall:Watcher","floor":33,"turns":4}],"seed_played":"-6061316056874185306","potions_obtained":[{"floor":10,"key":"champ:CounterPotion"},{"floor":12,"key":"Dexterity Potion"},{"floor":14,"key":"Guardian:BlockOnCardUsePotion"},{"floor":21,"key":"Slimebound:SpawnSlimePotion"},{"floor":28,"key":"AttackPotion"},{"floor":31,"key":"Regen Potion"},{"floor":32,"key":"sneckomod:MuddlingPotion"}],"is_trial":false,"path_per_floor":["R","?","M","?","?","E","T","M","R","E","?","M","$","M","M","B",null,"R","?","?","M","R","M","T","R","$","R","M","?","$","M","M","B"],"character_chosen":"SLIMEBOUND","items_purchased":["Slimebound:Gluttony"],"campfire_rested":3,"item_purchase_floors":[26],"current_hp_per_floor":[60,60,59,64,64,35,35,38,57,47,47,51,54,54,51,27,65,65,65,49,42,61,23,23,69,74,81,57,57,61,42,36,0,0,0],"gold":107,"neow_bonus":"RANDOM_COMMON_RELIC","is_daily":false,"chose_seed":false,"campfire_upgraded":2,"win_rate":0.0,"timestamp":1608541212,"path_taken":["R","?","M","?","?","E","T","?","R","E","?","M","?","M","M","BOSS","R","?","?","M","R","M","T","R","$","R","M","?","?","M","M","BOSS"],"items_purchased_type":["Card"],"build_version":"2020-12-13","purchased_purges":0,"victory":false,"max_hp_per_floor":[60,60,60,65,65,65,65,65,65,65,65,65,65,65,65,65,65,65,65,65,65,65,71,71,81,81,81,81,81,81,84,84,84,84,84],"card_choices":[{"not_picked":["Slimebound:SplitAcid","Slimebound:Prepare"],"picked":"Slimebound:GoopSpray","floor":3},{"not_picked":["Slimebound:SlimeBrawl","Slimebound:SplitMire"],"picked":"Slimebound:LevelUp","floor":6},{"not_picked":["Slimebound:SplitMire","Slimebound:FinishingTackle"],"picked":"Slimebound:PressTheAttack","floor":8},{"not_picked":["Slimebound:GoopSpray","Slimebound:ItLooksTasty"],"picked":"Slimebound:LivingWall","floor":10},{"not_picked":["Slimebound:GoopSpray","Slimebound:Grow"],"picked":"Slimebound:DivideAndConquer","floor":12},{"not_picked":["Slimebound:Dissolve","Slimebound:Equalize"],"picked":"Slimebound:SpikyOuterGoop","floor":13},{"not_picked":["Slimebound:DivideAndConquer","Slimebound:Chomp"],"picked":"Slimebound:PressTheAttack","floor":14},{"not_picked":["Slimebound:FinishingTackle","Slimebound:GoopSpray"],"picked":"Slimebound:MassFeed","floor":15},{"not_picked":["Slimebound:DouseInSlime","Slimebound:SelfFormingGoo"],"picked":"Slimebound:OozeBath","floor":16},{"not_picked":["Slimebound:SamplingLick","Slimebound:LeechingTouch"],"picked":"Slimebound:Prepare","floor":21},{"not_picked":["Slimebound:SplitBruiser","Slimebound:Schlurp"],"picked":"Slimebound:LeadByExample","floor":23},{"not_picked":["Slimebound:FirmFortitude","Slimebound:SelfFormingGoo"],"picked":"Slimebound:FinishingTackle","floor":26},{"not_picked":["Slimebound:SplitAcid","Slimebound:FirmFortitude"],"picked":"Slimebound:SlimeSpikes","floor":28},{"not_picked":["Slimebound:SlimeTap","Slimebound:SlimeSlap"],"picked":"Slimebound:LeechEnergy","floor":30},{"not_picked":["Slimebound:ComboTackle+1","Slimebound:ProtectTheBoss"],"picked":"Slimebound:SlimeBarrage","floor":31},{"not_picked":["Slimebound:TongueLash","Slimebound:SamplingLick+1"],"picked":"Slimebound:HauntingLick","floor":32}],"player_experience":817160,"relics_obtained":[{"floor":6,"key":"Pen Nib"},{"floor":7,"key":"Matryoshka"},{"floor":10,"key":"Vajra"},{"floor":20,"key":"Necronomicon"},{"floor":24,"key":"Eternal Feather"}],"event_choices":[{"damage_healed":0,"gold_gain":0,"player_choice":"Donut","damage_taken":0,"max_hp_gain":5,"max_hp_loss":0,"event_name":"Big Fish","floor":4,"gold_loss":0},{"damage_healed":0,"gold_gain":0,"player_choice":"Grow","damage_taken":0,"max_hp_gain":0,"max_hp_loss":0,"event_name":"Living Wall","floor":5,"gold_loss":0,"cards_upgraded":["Slimebound:Split"]},{"damage_healed":0,"gold_gain":0,"player_choice":"Read","damage_taken":0,"max_hp_gain":0,"max_hp_loss":0,"event_name":"The Library","floor":19,"gold_loss":0,"cards_obtained":["Slimebound:GrowthPunch"]}],"is_beta":false,"boss_relics":[{"not_picked":["Coffee Dripper","Velvet Choker"],"picked":"Empty Cage"}],"items_purged_floors":[],"is_endless":false,"potions_floor_spawned":[10,12,14,16,21,28,31,32],"killed_by":"downfall:Watcher","ascension_level":1}}