{"host":"87fdiiwflhrwsj8a","time":1608591740,"event":{"mods":["Aspiration","BaseMod","Better Match","Better Third Choice","BetterRewards","Colored Map","Downfall","GifTheSpireLib","Infinite Spire","Minty Spire (QoL Compilation)","Relic Sorter","Replay The Spire","Robot Space Explorer","StSLib","Stuff the Spire","The Cursed"],"gold_per_floor":[110,110,110,66,76,107,107,135,209,209,38,38,38,52,52,126,176,196,196,215,215,215,215,215,215],"floor_reached":24,"playtime":390,"items_purged":["Regret"],"score":450,"play_id":"301da3d5-6f16-406b-9e4d-1fad02182046","local_time":"20201221180220","is_ascension_mode":true,"campfire_choices":[{"data":"Flex","floor":7,"key":"SMITH"},{"data":"Flex","floor":10,"key":"SMITH"},{"data":"Sword Boomerang","floor":12,"key":"SMITH"},{"data":"Twin Strike","floor":15,"key":"SMITH"},{"data":"StuffTheSpire:DeathNote","floor":23,"key":"SMITH"}],"circlet_count":0,"master_deck":["AscendersBane","Strike_R","Strike_R","Strike_R","Strike_R","Strike_R","Defend_R","Defend_R","Defend_R+1","Defend_R","Bash","Clash","Flex+1","Flex+1","Twin Strike+1","Sword Boomerang+1","Sword Boomerang","StuffTheSpire:DeathNote+1"],"relics":["Replay:M_StaffOfTheSnake","NeowsBlessing","Gremlin Food","infinitespire:Cubic Diamond","Torii","King of Hearts","Mercury Hourglass","Bag of Marbles","Tiny House","Bronze Scales"],"acts_visited":["Exordium","TheCity"],"potions_floor_usage":[8,16,20,24],"damage_taken":[{"damage":0,"enemies":"Small Slimes","floor":1,"turns":1},{"damage":0,"enemies":"2 Louse","floor":5,"turns":1},{"damage":0,"enemies":"Gremlin Nob","floor":6,"turns":1},{"damage":27,"enemies":"Lagavulin","floor":8,"turns":5},{"damage":0,"enemies":"Jaw Worm","floor":14,"turns":1},{"damage":40,"enemies":"The Guardian","floor":16,"turns":12},{"damage":0,"enemies":"Spheric Guardian","floor":18,"turns":1},{"damage":18,"enemies":"Chosen","floor":20,"turns":5},{"damage":8,"enemies":"Slavers","floor":24,"turns":2}],"seed_played":"-7249744034951045199","potions_obtained":[{"floor":1,"key":"Weak Potion"},{"floor":8,"key":"Fire Potion"},{"floor":14,"key":"SpeedPotion"},{"floor":17,"key":"Guardian:BlockOnCardUsePotion"},{"floor":20,"key":"Strength Potion"}],"is_trial":false,"path_per_floor":["M","?","?","$","M","E","R","E","T","R","$","R","$","M","R","B",null,"M","?","M","AVR","?","R","E"],"character_chosen":"IRONCLAD","items_purchased":["Flex","Bag of Marbles"],"campfire_rested":0,"item_purchase_floors":[4,11],"current_hp_per_floor":[74,74,74,74,74,74,74,47,47,47,47,47,47,47,47,7,63,63,63,45,45,20,20,12,12],"gold":215,"neow_bonus":"THREE_ENEMY_KILL","is_daily":false,"chose_seed":false,"campfire_upgraded":5,"win_rate":0.0,"timestamp":1608591740,"path_taken":["M","?","?","$","M","E","R","E","T","R","$","R","$","M","R","BOSS","M","?","M","AVR","?","R","E"],"items_purchased_type":["Card","Relic"],"build_version":"2020-12-13","purchased_purges":1,"victory":false,"max_hp_per_floor":[75,75,75,75,75,75,75,75,75,75,75,75,75,75,75,75,80,80,80,80,80,80,80,80,80],"card_choices":[{"not_picked":["Entrench","Rage"],"picked":"Clash","floor":1},{"not_picked":["Iron Wave","ReplayReversal","Weave"],"picked":"SKIP","floor":5},{"not_picked":["Pommel Strike","Rupture"],"picked":"Twin Strike","floor":6},{"not_picked":["Carnage","infinitespire:OneForAll"],"picked":"Sword Boomerang","floor":8},{"not_picked":["Run Through","ReplayTheSpireMod:Strike From Hell","Crescendo"],"picked":"SKIP","floor":14},{"not_picked":["Sentinel","Shrug It Off","True Grit"],"picked":"SKIP","floor":18},{"not_picked":["Clothesline","Iron Wave+1"],"picked":"Sword Boomerang","floor":20}],"player_experience":2615923,"relics_obtained":[{"floor":6,"key":"Torii"},{"floor":8,"key":"King of Hearts"},{"floor":9,"key":"Mercury Hourglass"}],"event_choices":[{"damage_healed":0,"gold_gain":0,"player_choice":"Box","damage_taken":0,"relics_obtained":["Gremlin Food"],"max_hp_gain":0,"max_hp_loss":0,"event_name":"Big Fish","floor":2,"gold_loss":0,"cards_obtained":["Regret"]}],"is_beta":false,"boss_relics":[{"not_picked":["infinitespire:Burning Sword","aspiration:RitualDagger"],"picked":"Tiny House"}],"items_purged_floors":[21],"is_endless":false,"potions_floor_spawned":[1,8,14,20],"killed_by":"Slavers","ascension_level":20}}