{"host":"p5axfb00mxhraew6","time":1608560437,"event":{"mods":["Abigail Mod","Act Like it!","BaseMod","CapriCore","Friendly Minions","GifTheSpireLib","Jedi Mod","KomeijiMod","MarisaÅiñ∂âJÅ@ñÇóùçπÅj","Minty Spire (QoL Compilation)","Prisma Mod","ReimuÅiîé??öÎÅj","RemiliaÅiÂQïƒ‰ª?Åj","SOSÅiézîb?îVéqÅj","StSLib","Td1madao Mod","The Alterego","The Animator","The Immortal","The Marked","The Problem Sleuth","TheSwordswoman","TheWitcher","YoumuÅiç∞ÈÆódöÎÅj","Åy?ï˚ìÒéü?çÏÅzî™â]éámod"],"gold_per_floor":[132,150,150,150,169,169,200,48,129,129,40,57,57,100,100,193,193,217,217,229,247,264,264,296,296,322,341,354,354,367,397,397,473,473,487,487,379,379,379,379,411,429,429,458,468,501,49,49,49,49,49,49,14,49,49],"floor_reached":56,"playtime":2209,"items_purged":["AT_purpleEX"],"score":2177,"play_id":"8394d659-3cd0-49f0-8de5-a8186a9597ca","local_time":"20201221232037","is_ascension_mode":true,"campfire_choices":[{"data":"Nest_LightFlightworm_purple","floor":6,"key":"SMITH"},{"data":"Umbrella_purple","floor":10,"key":"SMITH"},{"data":"Observe_purple_2","floor":15,"key":"SMITH"},{"data":"CommonSense_AntiCommonSense_purple","floor":23,"key":"SMITH"},{"data":"DarkRealmRedLine_purple","floor":25,"key":"SMITH"},{"floor":29,"key":"RECALL"},{"data":"ProofOfUnderstanding_purple","floor":32,"key":"SMITH"},{"data":"Mirror_FourBoundary_purple","floor":40,"key":"SMITH"},{"data":"Umbrella_purple","floor":49,"key":"SMITH"},{"data":"WangLiang_OokamiKakushi_purple","floor":52,"key":"SMITH"}],"circlet_count":0,"master_deck":["AscendersBane","AT_purpleEX","AT_purpleEX","AT_purpleEX+1","Defend_purpleEX","Defend_purpleEX","Defend_purpleEX","Defend_purpleEX","Observe_purple_1","Observe_purple_2+1","Umbrella_purple+1","Nest_LightFlightworm_purple+1","FragmentationRealm_purple+1","StateErode_purple","RuleDissolution_purple+1","DarkRealmRedLine_purple+1","RuleDissolution_purple+1","MonsterNeedle_purple+1","WangLiang_OokamiKakushi_purple+1","RuleDissolution_purple+1","DimensionStaggered_purple+1","Fantasy_PerpetualMotionMachine_purple","CommonSense_AntiCommonSense_purple+1","OmniscientAndOmnipotent_Monster_purple","OmniscientAndOmnipotent_Monster_purple","ProofOfUnderstanding_purple+1","RuptureOfTimeAndSpace_purple+1","Mirror_TwoAndThreeElementRealm_purple+1","WingOfChimera_purple+1","Mirror_FourBoundary_purple+1","WatchEyeChange_purple+1","Nest_LightFlightworm_purple+1","StateErode_purple","ProofOfUnderstanding_purple","Umbrella_purple+1","CommonSense_AntiCommonSense_purple","DimensionStaggered_purple+1","StateErode_purple","OpenedBox_purple+1","D_absorption_purple+1"],"relics":["Boundary_crack","Memoryfragments_purpleEX","NeowsBlessing","Juzu Bracelet","ClockworkSouvenir","Toxic Egg 2","Bloody Idol","Whetstone","Philosopher\u0027s Stone","Centennial Puzzle","Anchor","Question Card","Cursed Key","theSleuth:Tectrixcalibur","PreservedInsect","jedi:shrinkray","Omamori","FossilizedHelix","Bag of Preparation"],"acts_visited":["Exordium","TheCity","TheBeyond","TheEnding"],"potions_floor_usage":[7,7,24,31,31,55,55],"damage_taken":[{"damage":0,"enemies":"Small Slimes","floor":1,"turns":1},{"damage":0,"enemies":"Cultist","floor":2,"turns":1},{"damage":0,"enemies":"Jaw Worm","floor":5,"turns":1},{"damage":21,"enemies":"3 Sentries","floor":7,"turns":5},{"damage":0,"enemies":"2 Fungi Beasts","floor":12,"turns":3},{"damage":29,"enemies":"Gremlin Nob","floor":14,"turns":3},{"damage":3,"enemies":"The Guardian","floor":16,"turns":6},{"damage":0,"enemies":"Shell Parasite","floor":18,"turns":3},{"damage":0,"enemies":"Spheric Guardian","floor":20,"turns":3},{"damage":8,"enemies":"Snake Plant","floor":21,"turns":3},{"damage":23,"enemies":"Sentry and Sphere","floor":22,"turns":5},{"damage":30,"enemies":"Book of Stabbing","floor":24,"turns":5},{"damage":0,"enemies":"Cultist and Chosen","floor":27,"turns":3},{"damage":9,"enemies":"3 Cultists","floor":28,"turns":4},{"damage":2,"enemies":"Snake Plant","floor":30,"turns":3},{"damage":18,"enemies":"Slavers","floor":31,"turns":4},{"damage":14,"enemies":"Champ","floor":33,"turns":5},{"damage":12,"enemies":"3 Shapes","floor":35,"turns":4},{"damage":0,"enemies":"3 Shapes","floor":39,"turns":2},{"damage":0,"enemies":"Giant Head","floor":41,"turns":3},{"damage":0,"enemies":"Orb Walker","floor":42,"turns":2},{"damage":0,"enemies":"Nemesis","floor":44,"turns":5},{"damage":0,"enemies":"3 Darklings","floor":45,"turns":3},{"damage":0,"enemies":"Giant Head","floor":46,"turns":5},{"damage":24,"enemies":"Time Eater","floor":50,"turns":8},{"damage":13,"enemies":"Shield and Spear","floor":54,"turns":5},{"damage":40,"enemies":"The Heart","floor":55,"turns":6}],"seed_played":"2981943294273357949","potions_obtained":[{"floor":1,"key":"CultistPotion"},{"floor":2,"key":"AttackPotion"},{"floor":14,"key":"BlessingOfTheForge"},{"floor":22,"key":"Dexterity Potion"},{"floor":24,"key":"PowerPotion"},{"floor":30,"key":"RedTea"},{"floor":35,"key":"Regen Potion"},{"floor":41,"key":"Weak Potion"}],"is_trial":false,"path_per_floor":["M","M","?","?","M","R","E","$","T","R","$","M","?","E","R","B",null,"M","?","M","M","M","R","E","R","T","M","M","R","M","E","R","B",null,"M","?","$","T","?","R","E","M","T","E","M","E","$","?","R","B",null,"R","$","E","B",null],"character_chosen":"Youkari","items_purchased":["ClockworkSouvenir","RuleDissolution_purple+1","DarkRealmRedLine_purple","Mirror_FourBoundary_purple","FossilizedHelix","CommonSense_AntiCommonSense_purple","DimensionStaggered_purple+1","StateErode_purple","OpenedBox_purple+1"],"campfire_rested":0,"item_purchase_floors":[8,11,11,37,47,47,47,47,53],"current_hp_per_floor":[59,59,59,65,65,65,46,46,46,46,46,53,53,28,28,31,52,55,55,59,59,49,49,35,35,40,59,59,59,59,49,49,45,56,59,59,59,59,59,59,59,59,59,59,59,59,59,59,59,49,57,57,57,52,22],"gold":49,"neow_bonus":"THREE_ENEMY_KILL","is_daily":false,"chose_seed":false,"campfire_upgraded":9,"win_rate":0.0,"timestamp":1608560437,"path_taken":["M","M","?","?","M","R","E","$","T","R","$","M","?","E","R","BOSS","M","?","M","M","M","R","E","R","T","M","M","R","M","E","R","BOSS","M","?","$","?","?","R","E","M","T","E","M","E","$","?","R","BOSS","R","$","E","BOSS"],"items_purchased_type":["Relic","Card","Card","Card","Relic","Card","Card","Card","Card"],"build_version":"2020-12-13","purchased_purges":1,"victory":true,"max_hp_per_floor":[65,65,65,65,65,65,65,65,65,65,65,65,59,59,59,59,59,59,59,59,59,59,59,59,59,59,59,59,59,59,59,59,59,59,59,59,59,59,59,59,59,59,59,59,59,59,59,59,59,59,59,59,59,59,59],"card_choices":[{"not_picked":["ExternalForce_HighSpeedFlying_purple","Worldmountain_purple"],"picked":"Umbrella_purple","floor":1},{"not_picked":["Boundary_ObjectiveBoundary_purple","Mirror_FormAndEmptin_purple"],"picked":"Nest_LightFlightworm_purple","floor":2},{"not_picked":["WatchEChange_purple","Nest_LightFlightworm_purple"],"picked":"FragmentationRealm_purple","floor":5},{"not_picked":["Line_surface_state_purple","StateDuplicate_purple"],"picked":"StateErode_purple","floor":7},{"not_picked":["ButterflyHabitatTemple_purple+1","ExistenceContinue_purple"],"picked":"RuleDissolution_purple+1","floor":12},{"not_picked":["WatchEyeChange_purple","Mirror_FormAndEmptin_purple+1"],"picked":"MonsterNeedle_purple+1","floor":14},{"not_picked":["Mirror_TwoAndThreeElementRealm_purple+1","MagicEyes_LaplaceDemon_purple+1"],"picked":"WangLiang_OokamiKakushi_purple","floor":16},{"not_picked":["AdvanceAttack_purple","OmniscientAndOmnipotent_Monster_purple"],"picked":"RuleDissolution_purple+1","floor":18},{"not_picked":["StateErode_purple","Umbrella_purple"],"picked":"DimensionStaggered_purple+1","floor":20},{"not_picked":["PurpleNeedle_purple","AdvanceAttack_purple"],"picked":"Fantasy_PerpetualMotionMachine_purple","floor":21},{"not_picked":["MeetDecomposer_purple+1","StateDuplicate_purple+1"],"picked":"CommonSense_AntiCommonSense_purple","floor":22},{"not_picked":["Worldmountain_purple","RuleDissolution_purple+1"],"picked":"OmniscientAndOmnipotent_Monster_purple","floor":24},{"not_picked":["ExistenceContinue_purple","Mirror_FormAndEmptin_purple+1","AdvanceAttack_purple"],"picked":"SKIP","floor":27},{"not_picked":["SharpContractionReality_purple","Mirror_FormAndEmptin_purple+1"],"picked":"OmniscientAndOmnipotent_Monster_purple","floor":28},{"not_picked":["Worldmountain_purple","SharpContractionReality_purple"],"picked":"ProofOfUnderstanding_purple","floor":30},{"not_picked":["Mirror_FormAndEmptin_purple+1","SfantasyHide_purple+1"],"picked":"RuptureOfTimeAndSpace_purple+1","floor":31},{"not_picked":["Fancifulhole_purple","LoveAcrossDimensions_purple","Price_of_realm_purpleEX+1"],"picked":"Mirror_TwoAndThreeElementRealm_purple+1","floor":33},{"not_picked":["Charmbait_purple","StateDuplicate_purple+1","MeetDecomposer_purple+1"],"picked":"WingOfChimera_purple+1","floor":35},{"not_picked":["Erosivefilter_purple+1","MonsterNeedle_purple+1","WeekHit_purple+1"],"picked":"WatchEyeChange_purple+1","floor":41},{"not_picked":["StateDuplicate_purple+1","RuleDissolution_purple+1","OmniscientAndOmnipotent_Monster_purple"],"picked":"Nest_LightFlightworm_purple+1","floor":42},{"not_picked":["MNeedle_purple","StateDuplicate_purple+1","Yakumo_Ran_purple+1"],"picked":"StateErode_purple","floor":44},{"not_picked":["WatchEChange_purple+1","AdvanceAttack_purple","OmniscientAndOmnipotent_Monster_purple"],"picked":"ProofOfUnderstanding_purple","floor":45},{"not_picked":["Charmbait_purple","WatchEChange_purple+1","Worldmountain_purple+1"],"picked":"Umbrella_purple","floor":46},{"not_picked":["PositiveMatter_Antimatter_Universe_purple+1","Charmbait_purple+1","WangLiang_LineAndCurveDreams_purple"],"picked":"D_absorption_purple+1","floor":54}],"player_experience":1260547,"relics_obtained":[{"floor":7,"key":"Juzu Bracelet"},{"floor":9,"key":"Toxic Egg 2"},{"floor":14,"key":"Whetstone"},{"floor":24,"key":"Centennial Puzzle"},{"floor":26,"key":"Anchor"},{"floor":31,"key":"Question Card"},{"floor":41,"key":"PreservedInsect"},{"floor":44,"key":"jedi:shrinkray"},{"floor":46,"key":"Omamori"},{"floor":54,"key":"Bag of Preparation"}],"event_choices":[{"damage_healed":0,"gold_gain":0,"player_choice":"Ignored","damage_taken":0,"max_hp_gain":0,"max_hp_loss":0,"event_name":"Liars Game","floor":3,"gold_loss":0},{"damage_healed":6,"gold_gain":0,"player_choice":"Full Heal","damage_taken":0,"max_hp_gain":0,"max_hp_loss":0,"event_name":"Wheel of Change","floor":4,"gold_loss":0},{"damage_healed":0,"gold_gain":0,"player_choice":"Lose Max HP","damage_taken":0,"relics_obtained":["Golden Idol"],"max_hp_gain":0,"max_hp_loss":6,"event_name":"Golden Idol","floor":13,"gold_loss":0},{"damage_healed":0,"gold_gain":0,"player_choice":"Gave Idol","damage_taken":0,"relics_obtained":["Bloody Idol"],"max_hp_gain":0,"max_hp_loss":0,"event_name":"Forgotten Altar","floor":19,"relics_lost":["Golden Idol"],"gold_loss":0}],"is_beta":false,"boss_relics":[{"not_picked":["jedi:battlestandard","jedi:paperlyon"],"picked":"Philosopher\u0027s Stone"},{"not_picked":["Empty Cage","Runic Dome"],"picked":"Cursed Key"}],"items_purged_floors":[37],"is_endless":false,"potions_floor_spawned":[1,2,14,22,24,28,30,35,41,42],"ascension_level":15}}