{"host":"gzuytev79v4mazik","time":1608562599,"event":{"mods":["ATMod(°¢èªMod)","Act Like it!","BaseMod","CapriCore","Hallownest","Infinite Spire","Jorbs\u0027s Wanderer Trilogy","Luminous","Minty Spire (QoL Compilation)","Prisma Mod","Rare Cards Sparkle","Remilia£¨ÀÙÃ×ÀòÑÇ£©","Replay The Spire","StSLib","The Bug Knight","The Immortal"],"gold_per_floor":[111,111,111,121,133,133,133,161,188,188,256,256,181,181,209,66,66,166,166,186,86,102,119,119,147,147,147,172,172,172,172,172],"floor_reached":31,"playtime":1403,"items_purged":["Regret","Overencumbered"],"score":355,"play_id":"9c128eaf-751a-4e0b-957a-5f64bf039fda","local_time":"20201221225639","is_ascension_mode":true,"campfire_choices":[{"data":"Apotheosis","floor":10.0,"key":"SMITH"},{"data":"AT_MachinaRedman","floor":12.0,"key":"SMITH"},{"floor":14.0,"key":"REST"},{"floor":17,"key":"RECALL"},{"floor":26,"key":"REST"},{"data":"Devotion","floor":29,"key":"SMITH"}],"circlet_count":0,"master_deck":["Strike_P+1","Strike_P+1","Strike_P+1","Defend_P+1","Defend_P+1","Defend_P+1","Eruption","Vigilance","AT_MachinaRedman+1","Apotheosis+1","Replay:BluntJabs","AT_DivineConfetti","Prostrate","FollowUp","Brilliance","Devotion+1","SignatureMove","Crescendo","LessonLearned+1"],"relics":["PureWater","AT_ATBox","infinitespire:Lychee Nut","Nunchaku","AT_BellDemon","Gremlin Horn","Quantum Egg","Tiny Chest","AT_RedTearstoneRing","Busted Crown","Golden Egg","Matryoshka","infinitespire:Satchel","Pen Nib","CeramicFish"],"acts_visited":["Exordium","TheCity"],"potions_floor_usage":[25],"damage_taken":[{"damage":12.0,"enemies":"Jaw Worm","floor":1.0,"turns":3.0},{"damage":0.0,"enemies":"2 Louse","floor":4.0,"turns":2.0},{"damage":0.0,"enemies":"Small Slimes","floor":5.0,"turns":2.0},{"damage":27.0,"enemies":"Lagavulin","floor":8.0,"turns":5.0},{"damage":18.0,"enemies":"Looter","floor":9.0,"turns":2.0},{"damage":0.0,"enemies":"Gremlin Nob","floor":15.0,"turns":1.0},{"damage":24,"enemies":"The Guardian","floor":18,"turns":6},{"damage":13,"enemies":"Shell Parasite","floor":20,"turns":3},{"damage":0,"enemies":"Spheric Guardian","floor":22,"turns":3},{"damage":22,"enemies":"Centurion and Healer","floor":23,"turns":3},{"damage":20,"enemies":"Replay:Snechameleon","floor":25,"turns":2},{"damage":34,"enemies":"HollowMod:Nosk","floor":31,"turns":1}],"seed_played":"9041444772874524290","potions_obtained":[{"floor":5.0,"key":"GamblersBrew"},{"floor":8.0,"key":"BlessingOfTheForge"},{"floor":15,"key":"Block Potion"},{"floor":22,"key":"LifebloodPotion"}],"is_trial":false,"path_per_floor":["M","?","?","M","M","PTL","PTL","E","M","R","T","R","$","R","E","$","R","B",null,"M","$","M","M","?","E","R","?","T","R","?","E"],"character_chosen":"WATCHER","items_purchased":["AT_RedTearstoneRing"],"campfire_rested":2,"item_purchase_floors":[16],"current_hp_per_floor":[60,54,47,50,53,53,53,30,15,15,15,15,15,31,31,31,31,13,54,43,43,48,31,31,14,30,30,30,30,30,0,0],"gold":172,"neow_bonus":"RANDOM_COLORLESS_2","is_daily":false,"chose_seed":false,"campfire_upgraded":3,"win_rate":0.0,"timestamp":1608562599,"path_taken":["M","?","?","M","M","PTL","PTL","E","M","R","T","R","$","R","E","$","R","BOSS","M","$","M","M","?","E","R","?","T","R","?","E"],"items_purchased_type":["Relic"],"build_version":"2020-12-13","purchased_purges":2,"victory":false,"max_hp_per_floor":[72,54,54,54,54,54,54,54,54,54,54,54,54,54,54,54,54,54,54,54,54,54,54,54,54,54,54,54,54,54,54,54],"card_choices":[{"not_picked":["Secret Weapon","Midas Touch"],"picked":"Apotheosis","floor":0.0},{"not_picked":["Study","Consecrate"],"picked":"Replay:BluntJabs","floor":1.0},{"not_picked":["Prostrate","InnerPeace"],"picked":"AT_DivineConfetti","floor":4.0},{"not_picked":["Meditate","EmptyBody","ClearTheMind"],"picked":"SKIP","floor":5.0},{"not_picked":["AT_OneInchPunch","BowlingBash"],"picked":"Prostrate","floor":8.0},{"not_picked":["ThirdEye","Replay:AllIn"],"picked":"FollowUp","floor":9.0},{"not_picked":["Prostrate","InnerPeace"],"picked":"Brilliance","floor":15},{"not_picked":["AT_ChampionKick","Blasphemy"],"picked":"Devotion","floor":18},{"not_picked":[],"picked":"SignatureMove","floor":20},{"not_picked":["JustLucky"],"picked":"SKIP","floor":22},{"not_picked":["FlurryOfBlows"],"picked":"SKIP","floor":23},{"not_picked":["FlyingSleeves"],"picked":"SKIP","floor":25}],"player_experience":361373,"relics_obtained":[{"floor":8.0,"key":"AT_BellDemon"},{"floor":9.0,"key":"Gremlin Horn"},{"floor":11.0,"key":"Quantum Egg"},{"floor":15,"key":"Tiny Chest"},{"floor":22,"key":"Golden Egg"},{"floor":23,"key":"Matryoshka"},{"floor":25,"key":"infinitespire:Satchel"},{"floor":25,"key":"Pen Nib"},{"floor":28,"key":"CeramicFish"}],"event_choices":[{"damage_healed":0.0,"max_hp_gain":0.0,"max_hp_loss":0.0,"gold_gain":0.0,"event_name":"Big Fish","player_choice":"Box","floor":2.0,"gold_loss":0.0,"damage_taken":0.0,"relics_obtained":["infinitespire:Lychee Nut"],"cards_obtained":["Regret"]},{"damage_healed":0.0,"max_hp_gain":0.0,"max_hp_loss":0.0,"gold_gain":0.0,"event_name":"Scrap Ooze","player_choice":"Success","floor":3.0,"gold_loss":0.0,"damage_taken":7.0,"relics_obtained":["Nunchaku"]},{"damage_healed":0,"gold_gain":0,"cards_transformed":["Strike_P","Defend_P"],"player_choice":"Became Test Subject","damage_taken":0,"max_hp_gain":0,"max_hp_loss":0,"event_name":"Drug Dealer","floor":24,"gold_loss":0,"cards_obtained":["Crescendo","LessonLearned"]},{"damage_healed":0,"gold_gain":0,"player_choice":"Simplicity","damage_taken":0,"max_hp_gain":0,"max_hp_loss":0,"event_name":"Back to Basics","floor":30,"gold_loss":0,"cards_upgraded":["Strike_P","Strike_P","Strike_P","Defend_P","Defend_P","Defend_P"]}],"is_beta":false,"boss_relics":[{"not_picked":["SacredBark","Tiny House"],"picked":"Busted Crown"}],"items_purged_floors":[13,21],"is_endless":false,"potions_floor_spawned":[5,8,15,22],"killed_by":"HollowMod:Nosk","ascension_level":3}}