{"host":"55yei7x27djrlaep","time":1608564029,"event":{"mods":["Act Like it!","Aspiration","BaseMod","Better Third Choice","BetterRewards","Colored Map","Downfall","Friendly Minions","GifTheSpireLib","Hubris","Minty Spire (QoL Compilation)","Replay The Spire","StSLib","Stuff the Spire","The Servant 0.9.4"],"gold_per_floor":[99,112,112,112,130,158,158,185,110,139,139,155,155,173,189,284,284,209,35,35,235,265,280,280,308,308,338,357,375,375,386,400,497,497,497,507,525,542,559,587,587,606,531,563,508,527,546,565,585,585,585,619,100,100,100],"floor_reached":56,"playtime":4385,"items_purged":["Guardian:Strike_Guardian","Guardian:Defend_Guardian","Guardian:Defend_Guardian"],"score":1421,"play_id":"9c8b7760-05c4-4f64-99a5-7fe02e25eadd","local_time":"20201221182029","is_ascension_mode":true,"campfire_choices":[{"data":"Guardian:TwinSlam","floor":1,"key":"SMITH"},{"floor":4,"key":"RECALL"},{"data":"Guardian:BaubleBeam","floor":43,"key":"SMITH"},{"data":"Replay:SS_forest_2","floor":54,"key":"SMITH"}],"circlet_count":0,"master_deck":["Guardian:Strike_Guardian","Guardian:Strike_Guardian","Guardian:Defend_Guardian","Guardian:Defend_Guardian","Guardian:CurlUp","Guardian:TwinSlam+1","Guardian:Suspension","Guardian:Orbwalk","Guardian:SentryBeam","Guardian:SphericShield","Guardian:PolyBeam","Guardian:CrystalBeam","Guardian:BaubleBeam+1","Guardian:WalkerClaw","Guardian:PrimingBeam","Guardian:EvasiveProtocol","Slimebound:CheckThePlaybook","Guardian:PrismaticBarrier+1","Guardian:MultiBeam","Guardian:CrystalBeam","Guardian:DecasProtection+1","Guardian:PrismaticBarrier","Guardian:StasisStrike","Guardian:VentSteam+1","Guardian:ShieldCharger+1","Guardian:BronzeOrb","Guardian:SpikerProtocol+1","Guardian:RefractedBeam+1","Guardian:EvasiveProtocol+1","Replay:SS_forest_2+1","Guardian:PolyBeam"],"relics":["Guardian:ModeShifter","Omamori","InkBottle","StuffTheSpire:CocoNut","aspiration:ArtOfWarUpgrade","downfall:HeartBlessingRed","Orichalcum","Guardian:PickAxe","hubris:RunicObelisk","downfall:HeartBlessingGreen","Torii","Snack Pack","StuffTheSpire:Expresso","StuffTheSpire:RubySignet","Busted Crown","Shuriken","downfall:HeartBlessingBlue","hubris:SphereOfDissonance","ReplayTheSpireMod:TigerMarble","Anchor","Bottled Tornado"],"acts_visited":["Exordium","TheCity","TheBeyond","TheEnding"],"potions_floor_usage":[16,22,33,40,40,44,55],"damage_taken":[{"damage":1,"enemies":"Jaw Worm","floor":2,"turns":4},{"damage":2,"enemies":"2 Louse","floor":5,"turns":3},{"damage":31,"enemies":"3 Sentries","floor":6,"turns":12},{"damage":12,"enemies":"Gremlin Nob","floor":8,"turns":3},{"damage":13,"enemies":"Replay:BlueRogue","floor":10,"turns":4},{"damage":0,"enemies":"Cultist","floor":12,"turns":2},{"damage":0,"enemies":"Blue Slaver","floor":14,"turns":2},{"damage":0,"enemies":"Exordium Wildlife","floor":15,"turns":2},{"damage":5,"enemies":"downfall:Silent","floor":16,"turns":6},{"damage":0,"enemies":"downfall:FleeingMerchant","floor":19,"turns":4},{"damage":17,"enemies":"Slavers","floor":22,"turns":3},{"damage":3,"enemies":"3 Byrds","floor":23,"turns":3},{"damage":1,"enemies":"Replay:Snechameleon","floor":25,"turns":3},{"damage":0,"enemies":"Gremlin Leader","floor":27,"turns":6},{"damage":0,"enemies":"Shell Parasite","floor":28,"turns":3},{"damage":1,"enemies":"3 Cultists","floor":29,"turns":4},{"damage":16,"enemies":"Centurion and Healer","floor":31,"turns":2},{"damage":1,"enemies":"Snake Plant","floor":32,"turns":4},{"damage":14,"enemies":"downfall:Watcher","floor":33,"turns":7},{"damage":11,"enemies":"3 Darklings","floor":36,"turns":2},{"damage":0,"enemies":"Orb Walker","floor":37,"turns":2},{"damage":7,"enemies":"4 Shapes","floor":38,"turns":3},{"damage":10,"enemies":"Sphere and 2 Shapes","floor":39,"turns":3},{"damage":1,"enemies":"Reptomancer","floor":40,"turns":5},{"damage":1,"enemies":"Transient","floor":42,"turns":5},{"damage":6,"enemies":"Nemesis","floor":44,"turns":3},{"damage":0,"enemies":"downfall:FleeingMerchant","floor":45,"turns":3},{"damage":8,"enemies":"Jaw Worm Horde","floor":46,"turns":3},{"damage":15,"enemies":"Writhing Mass","floor":47,"turns":3},{"damage":0,"enemies":"Transient","floor":48,"turns":5},{"damage":1,"enemies":"3 Darklings","floor":49,"turns":2},{"damage":0,"enemies":"downfall:Defect","floor":50,"turns":4},{"damage":0,"enemies":"downfall:CharBossMerchant","floor":52,"turns":7},{"damage":19,"enemies":"downfall:NeowBoss","floor":55,"turns":13}],"seed_played":"5446239703644213231","potions_obtained":[{"floor":8,"key":"Energy Potion"},{"floor":10,"key":"Venom Potion"},{"floor":12,"key":"CultistPotion"},{"floor":16,"key":"Fire Potion"},{"floor":25,"key":"Block Potion"},{"floor":36,"key":"LiquidMemories"},{"floor":40,"key":"Fruit Juice"},{"floor":44,"key":"Explosive Potion"},{"floor":49,"key":"Block Potion"},{"floor":52,"key":"CultistPotion"}],"is_trial":false,"path_per_floor":["R","M","?","R","M","E","T","E","R","E","?","M","?","M","M","B",null,"R","$","?","?","E","M","T","E","R","E","M","M","?","M","M","B",null,"R_BF","M","M","M","M","E","T","M","R","E","$","M","M","M","M","B",null,"E","$","R","B",null],"character_chosen":"GUARDIAN","items_purchased":["Guardian:PrimingBeam","Guardian:EvasiveProtocol","Guardian:BronzeOrb","Guardian:SpikerProtocol+1","ReplayTheSpireMod:TigerMarble","Replay:SS_forest_2","Bottled Tornado","Guardian:PolyBeam"],"campfire_rested":0,"item_purchase_floors":[19,19,45,45,45,53,53,53],"current_hp_per_floor":[80,79,79,79,77,46,53,41,41,28,28,28,28,28,28,23,87,87,87,57,57,40,37,37,40,40,46,48,49,49,35,36,30,87,87,78,80,77,71,81,81,84,94,90,92,86,79,89,90,96,102,102,102,102,97],"gold":100,"neow_bonus":"RANDOM_COMMON_RELIC","is_daily":false,"chose_seed":false,"campfire_upgraded":3,"win_rate":0.0,"timestamp":1608564029,"path_taken":["R","M","?","R","M","E","T","E","R","E","?","?","?","M","M","BOSS","R","$","?","?","E","?","T","E","R","E","?","M","?","M","M","BOSS","R_BF","M","M","M","M","E","T","M","R","E","$","M","M","?","M","BOSS","E","$","R","BOSS"],"items_purchased_type":["Card","Card","Card","Card","Relic","Card","Relic","Card"],"build_version":"2020-12-13","purchased_purges":3,"victory":true,"max_hp_per_floor":[80,80,80,80,80,80,87,87,87,87,87,87,87,87,87,87,87,87,87,87,87,87,87,87,87,87,87,87,87,87,87,87,87,87,87,87,87,87,87,92,92,92,102,102,102,102,102,102,102,102,102,102,102,102,102],"card_choices":[{"not_picked":["Guardian:Incinerate","Guardian:TemporalStrike"],"picked":"Guardian:Suspension","floor":2},{"not_picked":["Guardian:TemporalShield","Guardian:PiercingHide"],"picked":"Guardian:Gem_Red","floor":5},{"not_picked":["Guardian:ChargeCore","Guardian:TimeCapacitor"],"picked":"Guardian:Orbwalk","floor":6},{"not_picked":["Guardian:Incinerate","Guardian:Harden"],"picked":"Guardian:SentryBeam","floor":8},{"not_picked":["Guardian:Suspension","Guardian:Gem_Lightblue"],"picked":"Guardian:SphericShield","floor":10},{"not_picked":["Guardian:Clone","Guardian:Incinerate"],"picked":"Guardian:Gem_Cyan","floor":12},{"not_picked":["Guardian:VentSteam","Guardian:Gem_Cyan"],"picked":"Guardian:PolyBeam","floor":14},{"not_picked":["Guardian:Suspension","Guardian:Gem_Lightblue"],"picked":"Guardian:CrystalBeam","floor":15},{"not_picked":["Guardian:GatlingBeam","Guardian:FastForward"],"picked":"Guardian:BaubleBeam","floor":16},{"not_picked":["Guardian:Repulse","Guardian:Planning"],"picked":"Guardian:WalkerClaw","floor":19},{"not_picked":["Guardian:TemporalShield","Guardian:Suspension"],"picked":"Guardian:PrismaticBarrier+1","floor":22},{"not_picked":["Guardian:TemporalShield","Guardian:TemporalStrike","Guardian:ChargeCore"],"picked":"SKIP","floor":23},{"not_picked":["Guardian:Recover","Guardian:TemporalStrike+1"],"picked":"Guardian:Gem_Red","floor":25},{"not_picked":["Guardian:RollAttack","Guardian:TimeCapacitor+1"],"picked":"Guardian:MultiBeam","floor":27},{"not_picked":["Guardian:TemporalStrike+1","Guardian:Gem_Green"],"picked":"Guardian:Gem_Cyan","floor":28},{"not_picked":["Guardian:Emergency","Guardian:TemporalStrike"],"picked":"Guardian:CrystalBeam","floor":29},{"not_picked":["Guardian:Recover+1","Guardian:PrimingBeam"],"picked":"Guardian:DecasProtection+1","floor":31},{"not_picked":["Guardian:RollAttack+1","Guardian:ArmoredProtocol"],"picked":"Guardian:PrismaticBarrier","floor":32},{"not_picked":["Guardian:FastForward","Guardian:ConstructionForm"],"picked":"Guardian:StasisStrike","floor":33},{"not_picked":[],"picked":"Guardian:VentSteam+1","floor":36},{"not_picked":["Guardian:MultiBeam"],"picked":"SKIP","floor":37},{"not_picked":["Guardian:Reroute"],"picked":"SKIP","floor":38},{"not_picked":["Guardian:GuardianWhirl"],"picked":"SKIP","floor":39},{"not_picked":[],"picked":"Guardian:ShieldCharger+1","floor":40},{"not_picked":["Guardian:Recover+1"],"picked":"SKIP","floor":42},{"not_picked":["Guardian:Emergency+1"],"picked":"SKIP","floor":44},{"not_picked":["Guardian:TemporalShield"],"picked":"SKIP","floor":45},{"not_picked":[],"picked":"Guardian:RefractedBeam+1","floor":46},{"not_picked":[],"picked":"Guardian:EvasiveProtocol+1","floor":47},{"not_picked":["Guardian:Gem_Lightblue"],"picked":"SKIP","floor":48},{"not_picked":["Guardian:ShieldSpikes+1"],"picked":"SKIP","floor":49},{"not_picked":["Guardian:Gem_Lightblue"],"picked":"SKIP","floor":52}],"player_experience":350882,"relics_obtained":[{"floor":6,"key":"InkBottle"},{"floor":7,"key":"StuffTheSpire:CocoNut"},{"floor":8,"key":"Art of War"},{"floor":10,"key":"Orichalcum"},{"floor":22,"key":"Torii"},{"floor":24,"key":"Snack Pack"},{"floor":25,"key":"StuffTheSpire:Expresso"},{"floor":27,"key":"StuffTheSpire:RubySignet"},{"floor":40,"key":"Shuriken"},{"floor":44,"key":"hubris:SphereOfDissonance"},{"floor":52,"key":"Anchor"}],"event_choices":[{"damage_healed":0,"gold_gain":200,"player_choice":"Gold","damage_taken":0,"max_hp_gain":0,"max_hp_loss":0,"event_name":"Wheel of Change","floor":21,"gold_loss":0}],"is_beta":false,"boss_relics":[{"not_picked":["Sozu","aspiration:RitualDagger"],"picked":"hubris:RunicObelisk"},{"not_picked":["ReplayTheSpireMod:DimensionalGlitch","SlaversCollar"],"picked":"Busted Crown"}],"items_purged_floors":[19,45,53],"is_endless":false,"potions_floor_spawned":[8,10,12,15,16,25,27,29,32,36,40,44,49,52],"ascension_level":1}}