{"host":"jwt4l0du6olwgnrx","time":1608539350,"event":{"mods":["Abigail Mod","Act Like it!","BaseMod","Koishi","Marisa£®ÏF”Í°°ƒß¿Ì…≥£©","Minty Spire (QoL Compilation)","Prisma Mod","Remilia£®¿Ÿ√◊¿Ú—«£©","Shop Mod","StSLib","Waifu the Spire","Youmu£®ªÍ∆«—˝√Œ£©"],"gold_per_floor":[117,199,199,249,79,104,133,133,156,86,116,116,116,127,127,227,227,237,336,336,149,149,175,210,210,210,223,254,254,254,283,283,283,283],"floor_reached":33,"playtime":1077,"items_purged":[],"score":882,"play_id":"63f1536a-de2c-41e0-9d80-6e81be6f7e92","local_time":"20201221162910","daily_mods":["Hoarder","Insanity","Specialized","Heirloom","Time Dilation","Flight","Terminal"],"is_ascension_mode":false,"campfire_choices":[{"data":"ChargingUp","floor":8.0,"key":"SMITH"},{"data":"Dramatic Entrance","floor":13.0,"key":"SMITH"},{"data":"Dramatic Entrance","floor":15.0,"key":"SMITH"},{"data":"Apotheosis","floor":25,"key":"SMITH"},{"data":"IllusionStar","floor":29,"key":"SMITH"},{"floor":32,"key":"REST"}],"circlet_count":0,"master_deck":["WitchOfGreed","IllusionStar+1","StarlightTyphoon","MilkyWay","NonDirectionalLaser","MagicAbsorber","NonDirectionalLaser","DeepEcoloBomb","PowerUp","OneTimeOff","OpenUniverse","LuminesStrike","UnstableBomb","Occultation","AsteroidBelt","LuminesStrike","AsteroidBelt","ChargingUp","EnergyFlow","EnergyFlow","Orbital","UnstableBomb","NonDirectionalLaser","WitchLeyline","MilkyWay","AlicesGift","MilkyWay","IllusionStar","ManaConvection","GravityBeat","6A","IllusionStar","DoubleSpark","MachineGunSpark","PulseMagic","MagicChant","MagicChant","AsteroidBelt","EnergyFlow","Singularity","MagicAbsorber","SporeBomb","DarkMatter","GravityBeat","SporeBomb","DoubleSpark","ShootingEcho","6A","GalacticHalo","NonDirectionalLaser","NonDirectionalLaser","NonDirectionalLaser","NonDirectionalLaser","NonDirectionalLaser","NonDirectionalLaser","NonDirectionalLaser","NonDirectionalLaser","NonDirectionalLaser","NonDirectionalLaser","NonDirectionalLaser","NonDirectionalLaser","NonDirectionalLaser","NonDirectionalLaser","NonDirectionalLaser","IllusionStar","IllusionStar","IllusionStar","Acceleration","Acceleration","Acceleration","ChargingUp","ChargingUp","ChargingUp+1","MagicChant","MagicChant","MagicChant","IllusionStar","IllusionStar","IllusionStar","DoubleSpark","DoubleSpark","DoubleSpark","Decay","Decay","Decay","Dramatic Entrance+1","Dramatic Entrance","Dramatic Entrance+1","ManaConvection","ManaConvection","ManaConvection","BinaryStars","BinaryStars","BinaryStars","EnergyRecoil","EnergyRecoil","EnergyRecoil","Writhe","Writhe","Apotheosis","Apotheosis","Apotheosis+1","OpenUniverse+1","OpenUniverse+1","OpenUniverse+1","StarDustReverie","StarDustReverie","StarDustReverie","GravityBeat","GravityBeat","GravityBeat","SporeBomb","SporeBomb","SporeBomb","AsteroidBelt","AsteroidBelt","AsteroidBelt","OrrerysSun+1","OrrerysSun+1","OrrerysSun+1"],"relics":["MiniHakkero","StoneCalendar","Mummified Hand","PreservedInsect","Boot","ScarletDevilRocket","Bag of Marbles","Toy Ornithopter","Runic Dome","Gremlin Horn","Spirit Poop","Bag of Preparation","Ancient Tea Set","Dream Catcher","Ornamental Fan","Nilry\u0027s Codex","BreadOfAWashokuLover"],"acts_visited":["Exordium","TheCity"],"potions_floor_usage":[24],"damage_taken":[{"damage":0.0,"enemies":"Cultist","floor":1.0,"turns":4.0},{"damage":0.0,"enemies":"Gremlin Nob","floor":6.0,"turns":2.0},{"damage":0.0,"enemies":"3 Sentries","floor":7.0,"turns":3.0},{"damage":7.0,"enemies":"Gremlin Nob","floor":11.0,"turns":3.0},{"damage":0.0,"enemies":"Jaw Worm","floor":14.0,"turns":1.0},{"damage":6.0,"enemies":"Slime Boss","floor":16.0,"turns":6.0},{"damage":0,"enemies":"2 Thieves","floor":18,"turns":1},{"damage":0,"enemies":"Slavers","floor":23,"turns":1},{"damage":0,"enemies":"Book of Stabbing","floor":24,"turns":1},{"damage":0,"enemies":"Chosen","floor":27,"turns":1},{"damage":1,"enemies":"Gremlin Leader","floor":28,"turns":3},{"damage":0,"enemies":"Book of Stabbing","floor":31,"turns":2},{"damage":72,"enemies":"Automaton","floor":33,"turns":6}],"seed_played":"-6779442050731124189","potions_obtained":[{"floor":6.0,"key":"GamblersBrew"},{"floor":7.0,"key":"Explosive Potion"},{"floor":16,"key":"SkillPotion"},{"floor":24,"key":"EssenceOfSteel"}],"is_trial":true,"path_per_floor":["M","T","?","?","$","E","E","R","T","$","E","?","R","M","R","B",null,"M","?","?","$","?","E","E","R","T","M","E","R","?","E","R","B"],"character_chosen":"MARISA","items_purchased":["Acceleration","PreservedInsect","IllusionStar","DoubleSpark","Apotheosis"],"campfire_rested":1,"item_purchase_floors":[5,5,10,10,21],"current_hp_per_floor":[73,72,71,70,69,68,67,66,65,64,57,57,57,57,57,51,57,56,55,54,53,52,51,50,49,48,47,46,45,29,29,41,0,0],"gold":283,"neow_bonus":"","is_daily":false,"chose_seed":false,"campfire_upgraded":5,"win_rate":0.0,"timestamp":1608539350,"path_taken":["M","?","?","?","?","E","E","R","T","?","E","?","R","?","R","BOSS","BOSS","M","?","?","$","?","E","E","R","T","?","E","R","?","E","R","BOSS"],"items_purchased_type":["Card","Relic","Card","Card","Card"],"build_version":"2020-12-13","purchased_purges":0,"victory":false,"max_hp_per_floor":[73,72,71,70,69,68,67,66,65,64,63,62,61,60,59,58,57,56,55,54,53,52,51,50,49,48,47,46,45,44,43,42,42,42],"card_choices":[{"not_picked":["DoubleSpark","AsteroidBelt"],"picked":"IllusionStar","floor":1.0},{"not_picked":["ChargeUpSpray","DarkMatter"],"picked":"ChargingUp","floor":6.0},{"not_picked":["DoubleSpark","UnstableBomb"],"picked":"MagicChant","floor":7.0},{"not_picked":["MilkyWay","NonDirectionalLaser","LuminesStrike"],"picked":"SKIP","floor":11.0},{"not_picked":["MilkyWay","NonDirectionalLaser","LuminesStrike"],"picked":"SKIP","floor":11.0},{"not_picked":["WitchLeyline","AsteroidBelt"],"picked":"ManaConvection","floor":14.0},{"not_picked":["SatelliteIllusion","JA"],"picked":"BinaryStars","floor":16},{"not_picked":["UnstableBomb","DC+1"],"picked":"EnergyRecoil","floor":18},{"not_picked":["WitchOfGreed","OneTimeOff"],"picked":"OpenUniverse+1","floor":23},{"not_picked":["GalacticHalo","GravityBeat"],"picked":"StarDustReverie","floor":24},{"not_picked":["ShootTheMoon","LuminesStrike+1"],"picked":"GravityBeat","floor":27},{"not_picked":["ShootingEcho","NonDirectionalLaser"],"picked":"SporeBomb","floor":28},{"not_picked":["SuperNova","DoubleSpark"],"picked":"AsteroidBelt","floor":31},{"not_picked":["6A","LuminesStrike"],"picked":"OrrerysSun+1","floor":32}],"player_experience":387451,"relics_obtained":[{"floor":2.0,"key":"Mummified Hand"},{"floor":6.0,"key":"Boot"},{"floor":7.0,"key":"ScarletDevilRocket"},{"floor":9.0,"key":"Bag of Marbles"},{"floor":11.0,"key":"Toy Ornithopter"},{"floor":23,"key":"Bag of Preparation"},{"floor":24,"key":"Ancient Tea Set"},{"floor":26,"key":"Dream Catcher"},{"floor":28,"key":"Ornamental Fan"},{"floor":30,"key":"Nilry\u0027s Codex"},{"floor":31,"key":"BreadOfAWashokuLover"}],"event_choices":[{"cards_removed":["UnstableBomb"],"damage_healed":0.0,"max_hp_gain":0.0,"max_hp_loss":0.0,"gold_gain":0.0,"event_name":"Living Wall","player_choice":"Forget","floor":3.0,"gold_loss":0.0,"damage_taken":0.0},{"damage_healed":0.0,"max_hp_gain":0.0,"max_hp_loss":0.0,"gold_gain":50.0,"event_name":"Golden Wing","player_choice":"Gained Gold","floor":4.0,"gold_loss":0.0,"damage_taken":0.0},{"damage_healed":0.0,"max_hp_gain":0.0,"max_hp_loss":0.0,"gold_gain":0.0,"event_name":"Match and Keep!","player_choice":"2 cards matched","floor":12.0,"gold_loss":0.0,"damage_taken":0.0,"cards_obtained":["Decay","Dramatic Entrance"]},{"damage_healed":0,"gold_gain":99,"player_choice":"Stole From Cult","damage_taken":0,"max_hp_gain":0,"max_hp_loss":0,"event_name":"Nest","floor":19,"gold_loss":0},{"damage_healed":0,"gold_gain":0,"player_choice":"Opened","damage_taken":0,"relics_obtained":["Gremlin Horn"],"max_hp_gain":0,"max_hp_loss":0,"event_name":"The Mausoleum","floor":20,"gold_loss":0,"cards_obtained":["Writhe"]},{"cards_removed":["Writhe"],"damage_healed":0,"gold_gain":0,"player_choice":"Offered Curse","damage_taken":0,"relics_obtained":["Spirit Poop"],"max_hp_gain":0,"max_hp_loss":0,"event_name":"Bonfire Elementals","floor":22,"gold_loss":0},{"damage_healed":0,"gold_gain":0,"player_choice":"Obtained Book","damage_taken":16,"max_hp_gain":0,"max_hp_loss":0,"event_name":"Cursed Tome","floor":30,"gold_loss":0}],"is_beta":false,"boss_relics":[{"not_picked":["Snecko Eye","Ectoplasm"],"picked":"Runic Dome"}],"items_purged_floors":[],"is_endless":false,"potions_floor_spawned":[6,7,16,23,24,28],"killed_by":"Automaton","ascension_level":0}}