{"host":"v4s5k3c6jywmeofl","time":1608526773,"event":{"mods":["Act Like it!","BaseMod","Colored Map","Downfall","Gensokyo","Hallownest","Hermit","Marisa????????","Minty Spire (QoL Compilation)","Quick Restart","Random Character Button","Rare Cards Sparkle","Replay The Spire","StSLib","The Animator","The Bug Knight","The Cursed","The Hierophant","The Servant 0.9.4"],"gold_per_floor":[113,33,53,68,79,79,90,104,129,129,156,166,197,207,207,304,304,319,95,95,95,126,180,180,217,217,217,142,175,206,258,258,382,382,398,398,398],"floor_reached":36,"playtime":2128,"items_purged":["Shame"],"score":462,"play_id":"1f4b850e-b222-4d09-84a0-172599192d18","local_time":"20201220235933","is_ascension_mode":true,"campfire_choices":[{"data":"Potential","floor":6,"key":"SMITH"},{"floor":10,"key":"REST"},{"floor":15,"key":"REST"},{"floor":24,"key":"REST"},{"floor":32,"key":"REST"}],"circlet_count":0,"master_deck":["Strike_S","Strike_S","Strike_S","Strike_S","Defend_S","Defend_S","Defend_S","Defend_S","KidneyShot","Exchange","TimeWarp","PendulumOfEternity","Ricochet","Potential+1","Replace","Luminosity","TimeWarp","ShatteredReality","RealityMarble","Potential","Sunlight","ShatteredReality","BottledTime","HandOfGreed","ShatteredReality+1","ShatteredReality+1","DualDimension+1","Comet","Solidify","Deny","AbeCurse","Replace"],"relics":["Uniform","NeowsBlessing","Ornamental Fan","ReplayTheSpireMod:TigerMarble","ReplayTheSpireMod:Lightbulb","Replay:Mystery Machine","Fusion Hammer","Red Mask","Replay:Arrowhead","Divine Protection","WarpedTongs","Oddly Smooth Stone","Abe\u0027s Treasure"],"acts_visited":["Exordium","Hallownest:CityofTears","Hallownest:KingdomsEdge"],"potions_floor_usage":[33,33,33,33,33,33,36],"damage_taken":[{"damage":0,"enemies":"Small Slimes","floor":1,"turns":1},{"damage":0,"enemies":"Cultist","floor":3,"turns":1},{"damage":1,"enemies":"2 Louse","floor":4,"turns":2},{"damage":0,"enemies":"Large Slime","floor":5,"turns":5},{"damage":2,"enemies":"3 Louse","floor":7,"turns":2},{"damage":24,"enemies":"Exordium Wildlife","floor":8,"turns":5},{"damage":22,"enemies":"Gremlin Nob","floor":11,"turns":4},{"damage":5,"enemies":"Gremlin Gang","floor":12,"turns":2},{"damage":15,"enemies":"Lagavulin","floor":13,"turns":4},{"damage":0,"enemies":"Looter","floor":14,"turns":3},{"damage":21,"enemies":"Fading Forest","floor":16,"turns":11},{"damage":15,"enemies":"Hallownest:Guard_and_Sentry","floor":18,"turns":4},{"damage":3,"enemies":"Hallownest:2_Mistakes","floor":22,"turns":4},{"damage":31,"enemies":"Hallownest:eliteWatcherKnight","floor":23,"turns":9},{"damage":0,"enemies":"Hallownest:2_Flukemon","floor":25,"turns":4},{"damage":0,"enemies":"Hallownest:monsterMisterMushroom","floor":29,"turns":3},{"damage":18,"enemies":"Hallownest:Master_and_Novice","floor":30,"turns":3},{"damage":3,"enemies":"Hallownest:eliteSoulWarrior","floor":31,"turns":5},{"damage":22,"enemies":"Hallownest:BossMantisLord","floor":33,"turns":4},{"damage":0,"enemies":"Hallownest:Shield_Heavy","floor":35,"turns":3},{"damage":68,"enemies":"Hallownest:2_Primals","floor":36,"turns":3}],"seed_played":"-7915636253911168884","potions_obtained":[{"floor":4,"key":"Milkshake"},{"floor":7,"key":"SpeedPotion"},{"floor":12,"key":"Weak Potion"},{"floor":35,"key":"Block Potion"}],"is_trial":false,"path_per_floor":["M","?","M","M","M","R","M","M","T","R","E","M","E","M","R","B",null,"M","$","?","?","M","E","R","M","T","?","$","M","M","E","R","B",null,"M","?"],"character_chosen":"THE_SERVANT","items_purchased":["BottledTime","HandOfGreed"],"campfire_rested":4,"item_purchase_floors":[19,19],"current_hp_per_floor":[65,65,65,64,64,64,62,38,38,57,35,30,15,15,34,23,65,58,58,58,58,55,24,43,43,43,43,43,43,25,22,41,19,65,65,0,0],"gold":398,"neow_bonus":"THREE_ENEMY_KILL","is_daily":false,"chose_seed":false,"campfire_upgraded":1,"win_rate":0.0,"timestamp":1608526773,"path_taken":["M","?","?","M","M","R","M","M","T","R","E","M","E","M","R","BOSS","M","$","?","?","M","E","R","M","T","?","$","M","M","E","R","BOSS","M","?"],"items_purchased_type":["Card","Card"],"build_version":"2020-12-13","purchased_purges":1,"victory":false,"max_hp_per_floor":[65,65,65,65,65,65,65,65,65,65,65,65,65,65,65,65,65,65,65,65,65,65,65,65,65,65,65,65,65,65,65,65,65,65,65,65,65],"card_choices":[{"not_picked":["Spin","Revamp"],"picked":"TimeWarp","floor":1},{"not_picked":["FastForward","TimeWarp"],"picked":"PendulumOfEternity","floor":3},{"not_picked":["MoonPhase","Snipe"],"picked":"Ricochet","floor":4},{"not_picked":["Collapse","Desolation"],"picked":"Potential","floor":5},{"not_picked":["DoubleEdge","Unruled"],"picked":"Replace","floor":7},{"not_picked":["ShatteredReality","DualDimension"],"picked":"Luminosity","floor":8},{"not_picked":["ForgedInTime","WasteNot"],"picked":"TimeWarp","floor":11},{"not_picked":["Revamp","InstantArmor"],"picked":"ShatteredReality","floor":12},{"not_picked":["ShatteredReality","Unruled"],"picked":"RealityMarble","floor":13},{"not_picked":["Starlight","Shuttle"],"picked":"Potential","floor":14},{"not_picked":["FloweringNight","PendulumOfEternity"],"picked":"Sunlight","floor":16},{"not_picked":["Potential","FastForward"],"picked":"ShatteredReality","floor":18},{"not_picked":["Defy","KillingDoll"],"picked":"ShatteredReality+1","floor":22},{"not_picked":["FastForward","Barrier"],"picked":"ShatteredReality+1","floor":23},{"not_picked":["Ricochet","Starlight"],"picked":"DualDimension+1","floor":25},{"not_picked":["Alleviate","InstantArmor","Potential"],"picked":"SKIP","floor":29},{"not_picked":["Read","Snipe"],"picked":"Comet","floor":30},{"not_picked":["Starlight+1","Moonlight+1"],"picked":"Solidify","floor":31},{"not_picked":["KillingDoll","Initiator"],"picked":"Deny","floor":33},{"not_picked":["Unruled+1","Defy"],"picked":"Replace","floor":35}],"player_experience":127882,"relics_obtained":[{"floor":9,"key":"ReplayTheSpireMod:TigerMarble"},{"floor":11,"key":"ReplayTheSpireMod:Lightbulb"},{"floor":13,"key":"Replay:Mystery Machine"},{"floor":23,"key":"Replay:Arrowhead"},{"floor":26,"key":"Divine Protection"},{"floor":31,"key":"Oddly Smooth Stone"}],"event_choices":[{"damage_healed":0,"gold_gain":0,"player_choice":"Paid Gold","damage_taken":0,"relics_obtained":["Ornamental Fan"],"max_hp_gain":0,"max_hp_loss":0,"event_name":"WeMeetAgain","floor":2,"gold_loss":80}],"is_beta":false,"boss_relics":[{"not_picked":["Replay:Wanted Poster","Ectoplasm"],"picked":"Fusion Hammer"},{"not_picked":["Coffee Dripper","Tiny House"],"picked":"Abe\u0027s Treasure"}],"items_purged_floors":[28],"is_endless":false,"potions_floor_spawned":[4,7,12,13,14,16,22,25,29,31,35],"killed_by":"Hallownest:2_Primals","ascension_level":1}}