{"host":"qm4rv4rkpk76sbxu","time":1608516452,"event":{"mods":["BaseMod","Bestiary","Block Reminder","DeckTracker","Filter the Spire","Keyboard Shortcuts","Minty Spire (QoL Compilation)","MonsterHotkey","Potion Indicator Mod","Quick Restart","Random Character Button","Relic Stats","Slay-I","StSLib","ojb\u0027s Better Paths Mod"],"gold_per_floor":[209,229,229,241,241,241,272,291,345,345,345],"floor_reached":10,"playtime":328,"items_purged":[],"score":136,"play_id":"5590d53d-01bb-4e7a-abb5-6ee1e9879e17","local_time":"20201221030732","is_ascension_mode":true,"campfire_choices":[{"data":"Zap","floor":6.0,"key":"SMITH"}],"circlet_count":0,"master_deck":["AscendersBane","Strike_B","Strike_B","Strike_B","Strike_B","Defend_B","Defend_B","Defend_B","Zap+1","Dualcast","Go for the Eyes","Chill","FTL","Darkness","Steam"],"relics":["Cracked Core","Pantograph","Centennial Puzzle","Happy Flower"],"acts_visited":["Exordium"],"potions_floor_usage":[10],"damage_taken":[{"damage":8.0,"enemies":"2 Louse","floor":1.0,"turns":3.0},{"damage":1.0,"enemies":"Cultist","floor":2.0,"turns":4.0},{"damage":3.0,"enemies":"Small Slimes","floor":4.0,"turns":3.0},{"damage":23.0,"enemies":"3 Sentries","floor":7.0,"turns":10.0},{"damage":9.0,"enemies":"Looter","floor":8.0,"turns":3.0},{"damage":23,"enemies":"Lagavulin","floor":10,"turns":5}],"seed_played":"-471039373455542157","potions_obtained":[{"floor":7.0,"key":"Explosive Potion"},{"floor":8.0,"key":"SmokeBomb"}],"is_trial":false,"path_per_floor":["M","M","?","M","?","R","E","M","T","E"],"character_chosen":"DEFECT","items_purchased":[],"campfire_rested":0,"item_purchase_floors":[],"current_hp_per_floor":[56,55,55,52,47,47,24,15,15,0,0],"gold":345,"neow_bonus":"HUNDRED_GOLD","is_daily":false,"chose_seed":false,"campfire_upgraded":1,"win_rate":0.0,"timestamp":1608516452,"path_taken":["M","M","?","?","?","R","E","M","T","E"],"items_purchased_type":[],"build_version":"2020-12-13","purchased_purges":0,"victory":false,"max_hp_per_floor":[71,71,71,71,71,71,71,71,71,71,71],"relic_stats":{"Centennial Puzzle":[6],"Happy Flower":[1],"counters":[6,28],"Pantograph":0,"obtain_stats":[{"Centennial Puzzle":7,"Happy Flower":9,"Pantograph":5,"Cracked Core":0},{"Centennial Puzzle":4,"Happy Flower":5,"Pantograph":3,"Cracked Core":0},{"Centennial Puzzle":20,"Happy Flower":23,"Pantograph":10,"Cracked Core":0}]},"card_choices":[{"not_picked":["Gash","Static Discharge"],"picked":"Go for the Eyes","floor":1.0},{"not_picked":["Cold Snap","Barrage"],"picked":"Chill","floor":2.0},{"not_picked":["Storm","Machine Learning"],"picked":"FTL","floor":4.0},{"not_picked":["Stack","Heatsinks"],"picked":"Darkness","floor":7.0},{"not_picked":["Consume","Double Energy"],"picked":"Steam","floor":8.0}],"player_experience":1092225,"relics_obtained":[{"floor":7.0,"key":"Centennial Puzzle"},{"floor":9.0,"key":"Happy Flower"}],"event_choices":[{"cards_removed":["Defend_B"],"damage_healed":0.0,"max_hp_gain":0.0,"max_hp_loss":0.0,"gold_gain":0.0,"event_name":"Purifier","player_choice":"Purged","floor":3.0,"gold_loss":0.0,"damage_taken":0.0},{"damage_healed":0.0,"max_hp_gain":0.0,"max_hp_loss":0.0,"gold_gain":0.0,"event_name":"Scrap Ooze","player_choice":"Success","floor":5.0,"gold_loss":0.0,"damage_taken":5.0,"relics_obtained":["Pantograph"]}],"is_beta":false,"boss_relics":[],"items_purged_floors":[],"is_endless":false,"potions_floor_spawned":[7,8],"killed_by":"Lagavulin","ascension_level":20}}