{"host":"llpusn9usp8rznkj","time":1608531883,"event":{"mods":["2.2 Compatiblity","BaseMod","Colored Map","Colored Powertips","Conspire","Downfall","Hubris","Minty Spire (QoL Compilation)","Rare Cards Sparkle","Replay The Spire","StSLib","The Cursed"],"gold_per_floor":[115,129,175,14,28,55,55,85,85,85,113,125,164,206,218,230,230],"floor_reached":16,"playtime":556,"items_purged":[],"score":252,"play_id":"20db5b26-dd1f-415e-a140-f720b3bb22e7","local_time":"20201221012443","is_ascension_mode":true,"campfire_choices":[{"data":"ReplayTheSpireMod:Muscle Training","floor":7,"key":"SMITH"},{"floor":12,"key":"REST"},{"floor":15,"key":"REST"}],"circlet_count":0,"master_deck":["AscendersBane","Strike_R","Strike_R","Strike_R","Strike_R","Strike_R","Defend_R","Defend_R","Defend_R","Defend_R","Bash","Shrug It Off","Run Through","Pommel Strike","ReplayTheSpireMod:Muscle Training+1","Run Through","Warcry+1"],"relics":["Burning Blood","NeowsBlessing","PreservedInsect","Bronze Scales","Lantern","Toxic Egg 2","Replay:WaspNest","hubris:Towel","MawBank","Blood Vial","Odd Mushroom"],"acts_visited":["Exordium"],"potions_floor_usage":[6,11,13],"damage_taken":[{"damage":0,"enemies":"Cultist","floor":1,"turns":1},{"damage":0,"enemies":"2 Louse","floor":2,"turns":1},{"damage":0,"enemies":"Small Slimes","floor":5,"turns":1},{"damage":37,"enemies":"Lagavulin","floor":6,"turns":6},{"damage":18,"enemies":"3 Sentries","floor":8,"turns":5},{"damage":17,"enemies":"Replay:BlueRogue","floor":11,"turns":6},{"damage":16,"enemies":"Lagavulin","floor":13,"turns":6},{"damage":20,"enemies":"The Mushroom Lair","floor":14,"turns":4},{"damage":59,"enemies":"Fading Forest","floor":16,"turns":7}],"seed_played":"-8109161410745494123","potions_obtained":[{"floor":1,"key":"Weak Potion"},{"floor":3,"key":"SpeedPotion"},{"floor":5,"key":"Regen Potion"},{"floor":11,"key":"EssenceOfSteel"}],"is_trial":false,"path_per_floor":["M","M","?","$","M","E","R","E","T","?","E","R","E","?","R","B"],"character_chosen":"IRONCLAD","items_purchased":["Bronze Scales"],"campfire_rested":2,"item_purchase_floors":[4],"current_hp_per_floor":[74,75,75,75,75,53,53,41,41,41,30,52,42,30,52,0,0],"gold":230,"neow_bonus":"THREE_ENEMY_KILL","is_daily":false,"chose_seed":false,"campfire_upgraded":1,"win_rate":0.0,"timestamp":1608531883,"path_taken":["M","?","?","$","?","E","R","E","T","?","E","R","E","?","R","BOSS"],"items_purchased_type":["Relic"],"build_version":"2020-12-13","purchased_purges":0,"victory":false,"max_hp_per_floor":[75,75,75,75,75,75,75,75,75,75,75,75,75,75,75,75,75],"card_choices":[{"not_picked":["Dark Embrace","Clothesline"],"picked":"Shrug It Off","floor":1},{"not_picked":["Abandon","Brutality"],"picked":"Run Through","floor":2},{"not_picked":["Headbutt","Clothesline"],"picked":"Pommel Strike","floor":3},{"not_picked":["Sword Boomerang","Abandon"],"picked":"ReplayTheSpireMod:Muscle Training","floor":5},{"not_picked":["Uppercut","Whirlwind"],"picked":"Run Through","floor":6},{"not_picked":["Intimidate+1","conspire:HitWhereItHurts"],"picked":"Warcry+1","floor":8},{"not_picked":["Fire Breathing","Clash","ReplayTheSpireMod:Strike From Hell"],"picked":"SKIP","floor":11},{"not_picked":["Twin Strike","hubris:CleavingFinish","Wild Strike"],"picked":"SKIP","floor":13}],"player_experience":1104730,"relics_obtained":[{"floor":3,"key":"PreservedInsect"},{"floor":6,"key":"Lantern"},{"floor":8,"key":"Toxic Egg 2"},{"floor":9,"key":"Replay:WaspNest"},{"floor":11,"key":"MawBank"},{"floor":13,"key":"Blood Vial"},{"floor":14,"key":"Odd Mushroom"}],"event_choices":[{"damage_healed":0,"gold_gain":0,"player_choice":"Fought Mushrooms","damage_taken":0,"max_hp_gain":0,"max_hp_loss":0,"event_name":"Mushrooms","floor":14,"gold_loss":0}],"is_beta":false,"boss_relics":[],"items_purged_floors":[],"is_endless":false,"potions_floor_spawned":[1,5,11],"killed_by":"Fading Forest","ascension_level":20}}