{"host":"08sn1703g14rasc1","time":1608528093,"event":{"mods":["AchievementEnabler","BaseMod","Colored Map","Colored Powertips","Hermit","Minty Spire (QoL Compilation)","StSLib"],"gold_per_floor":[113,113,113,288,64,80,98,98,98,115,115,115,159,175,175,272,272,287,287,30,30,42,42,60,60,105,105,118,133,151,171,171,271,271,282,300,219,219,219],"floor_reached":38,"playtime":1434,"items_purged":["Doubt"],"score":500,"play_id":"ad0ad819-6954-49be-b7d6-73e5349cdc77","local_time":"20201220212133","is_ascension_mode":true,"campfire_choices":[{"floor":12,"key":"REST"},{"data":"Eruption","floor":15,"key":"SMITH"},{"data":"Devotion","floor":23,"key":"SMITH"},{"data":"Wish","floor":25,"key":"SMITH"},{"data":"Prostrate","floor":27,"key":"SMITH"},{"floor":32,"key":"REST"}],"circlet_count":0,"master_deck":["Strike_P","Defend_P","Defend_P","Defend_P+1","Defend_P+1","Eruption+1","Vigilance+1","The Bomb+1","Conclude","WheelKick","Evaluate","Wish+1","TalkToTheHand","Prostrate+1","Devotion+1","CutThroughFate","Dramatic Entrance","FollowUp","FollowUp+1","Halt","CarveReality","Wish","WreathOfFlame","MasterReality","MentalFortress","Consecrate+1"],"relics":["PureWater","War Paint","Omamori","Eternal Feather","Art of War","Empty Cage","Blood Vial","Happy Flower","SacredBark","Blue Candle"],"acts_visited":["Exordium","TheCity","TheBeyond"],"potions_floor_usage":[14,16,16,24,31,33,36],"damage_taken":[{"damage":5,"enemies":"Small Slimes","floor":1,"turns":3},{"damage":0,"enemies":"Jaw Worm","floor":6,"turns":3},{"damage":1,"enemies":"2 Louse","floor":7,"turns":2},{"damage":1,"enemies":"Blue Slaver","floor":10,"turns":4},{"damage":4,"enemies":"Red Slaver","floor":13,"turns":7},{"damage":0,"enemies":"3 Louse","floor":14,"turns":1},{"damage":20,"enemies":"Hexaghost","floor":16,"turns":7},{"damage":13,"enemies":"3 Byrds","floor":18,"turns":4},{"damage":16,"enemies":"2 Thieves","floor":22,"turns":3},{"damage":22,"enemies":"Snake Plant","floor":24,"turns":6},{"damage":15,"enemies":"Centurion and Healer","floor":28,"turns":4},{"damage":22,"enemies":"Shelled Parasite and Fungi","floor":29,"turns":7},{"damage":5,"enemies":"Cultist and Chosen","floor":30,"turns":5},{"damage":0,"enemies":"Snake Plant","floor":31,"turns":2},{"damage":10,"enemies":"Collector","floor":33,"turns":9},{"damage":21,"enemies":"Orb Walker","floor":35,"turns":4},{"damage":83,"enemies":"3 Darklings","floor":36,"turns":7},{"damage":73,"enemies":"Maw","floor":38,"turns":5}],"seed_played":"-6398833221991915448","potions_obtained":[{"floor":1,"key":"SpeedPotion"},{"floor":6,"key":"PowerPotion"},{"floor":10,"key":"StancePotion"},{"floor":14,"key":"SkillPotion"},{"floor":18,"key":"Energy Potion"},{"floor":29,"key":"Dexterity Potion"},{"floor":30,"key":"DuplicationPotion"},{"floor":35,"key":"LiquidMemories"}],"is_trial":false,"path_per_floor":["M","?","T","?","$","M","M","?","T","M","?","R","M","M","R","B",null,"M","?","$","?","M","R","M","R","T","R","M","M","M","M","R","B",null,"M","M","?","M"],"character_chosen":"WATCHER","items_purchased":["Omamori","FairyPotion","Blood Vial"],"campfire_rested":2,"item_purchase_floors":[5,20,20],"current_hp_per_floor":[42,28,28,28,28,28,27,27,27,26,14,44,40,40,49,29,61,48,72,72,72,56,65,45,54,54,63,50,30,27,29,62,54,68,49,20,20,0,0],"gold":219,"neow_bonus":"RANDOM_COLORLESS_2","is_daily":false,"chose_seed":false,"campfire_upgraded":4,"win_rate":0.0,"timestamp":1608528093,"path_taken":["M","?","?","?","?","?","M","?","T","M","?","R","M","M","R","BOSS","M","?","?","?","?","R","M","R","T","R","M","M","M","M","R","BOSS","M","M","?","?"],"items_purchased_type":["Relic","Potion","Relic"],"build_version":"2020-12-13","purchased_purges":1,"victory":false,"max_hp_per_floor":[72,72,72,72,72,72,72,72,72,72,72,72,72,72,72,72,72,72,72,72,72,72,72,72,72,72,72,72,72,72,72,72,72,72,72,72,72,72,72],"card_choices":[{"not_picked":["Panache","Violence"],"picked":"The Bomb","floor":0},{"not_picked":["FlyingSleeves","Wireheading"],"picked":"Conclude","floor":1},{"not_picked":["Adaptation","PathToVictory"],"picked":"WheelKick","floor":6},{"not_picked":["Wireheading","Study"],"picked":"Evaluate","floor":7},{"not_picked":["MentalFortress","Indignation"],"picked":"TalkToTheHand","floor":10},{"not_picked":["Evaluate","SashWhip"],"picked":"Prostrate","floor":13},{"not_picked":["Halt","Protect"],"picked":"Wireheading","floor":14},{"not_picked":["Alpha","DevaForm"],"picked":"Devotion","floor":16},{"not_picked":["Conclude","JustLucky"],"picked":"CutThroughFate","floor":18},{"not_picked":["EmptyBody","Evaluate"],"picked":"FollowUp","floor":22},{"not_picked":["Meditate","CutThroughFate+1"],"picked":"FollowUp+1","floor":24},{"not_picked":["ThirdEye+1","Indignation+1"],"picked":"Halt","floor":28},{"not_picked":["ThirdEye","EmptyBody"],"picked":"CarveReality","floor":29},{"not_picked":["WreathOfFlame","LikeWater"],"picked":"Wish","floor":30},{"not_picked":["Evaluate","SandsOfTime"],"picked":"WreathOfFlame","floor":31},{"not_picked":["Alpha","Scrawl"],"picked":"MasterReality","floor":33},{"not_picked":["JustLucky+1","Wireheading+1"],"picked":"MentalFortress","floor":35},{"not_picked":["Indignation","Protect+1"],"picked":"Consecrate+1","floor":36}],"player_experience":421347,"relics_obtained":[{"floor":3,"key":"War Paint"},{"floor":9,"key":"Eternal Feather"},{"floor":26,"key":"Happy Flower"}],"event_choices":[{"damage_healed":0,"gold_gain":0,"player_choice":"Entered Light","damage_taken":14,"max_hp_gain":0,"max_hp_loss":0,"event_name":"Shining Light","floor":2,"gold_loss":0,"cards_upgraded":["The Bomb","Vigilance"]},{"damage_healed":0,"gold_gain":175,"player_choice":"AGREE","damage_taken":0,"max_hp_gain":0,"max_hp_loss":0,"event_name":"Liars Game","floor":4,"gold_loss":0,"cards_obtained":["Doubt"]},{"damage_healed":0,"gold_gain":0,"cards_transformed":["Strike_P"],"player_choice":"Change","damage_taken":0,"max_hp_gain":0,"max_hp_loss":0,"event_name":"Living Wall","floor":8,"gold_loss":0,"cards_obtained":["Wish"]},{"damage_healed":0,"gold_gain":0,"player_choice":"Success","damage_taken":12,"relics_obtained":["Art of War"],"max_hp_gain":0,"max_hp_loss":0,"event_name":"Scrap Ooze","floor":11,"gold_loss":0},{"cards_removed":["Wireheading"],"damage_healed":24,"gold_gain":0,"player_choice":"Offered Uncommon","damage_taken":0,"max_hp_gain":0,"max_hp_loss":0,"event_name":"Bonfire Elementals","floor":19,"gold_loss":0},{"damage_healed":0,"gold_gain":0,"player_choice":"1 cards matched","damage_taken":0,"max_hp_gain":0,"max_hp_loss":0,"event_name":"Match and Keep!","floor":21,"gold_loss":0,"cards_obtained":["Dramatic Entrance"]},{"damage_healed":0,"gold_gain":0,"player_choice":"Paid Gold","damage_taken":0,"relics_obtained":["Blue Candle"],"max_hp_gain":0,"max_hp_loss":0,"event_name":"WeMeetAgain","floor":37,"gold_loss":81}],"is_beta":false,"boss_relics":[{"not_picked":["Philosopher\u0027s Stone","Snecko Eye"],"picked":"Empty Cage"},{"not_picked":["Tiny House","Velvet Choker"],"picked":"SacredBark"}],"items_purged_floors":[5],"is_endless":false,"potions_floor_spawned":[1,6,10,14,18,29,30,35],"killed_by":"Maw","ascension_level":7}}