{"host":"e87rn453naquue3h","time":1608520828,"event":{"mods":["AchievementEnabler","BaseMod","Downfall","Minty Spire (QoL Compilation)","StSLib"],"gold_per_floor":[99,132,132,158,176,176,176,176,207,207,225,325,352,368,380,483,483,483,494,524,524,536,554,578,578,605,605,605,623,633,733,753,856,856,856,882,994,1022,1034,500,500,500,290,290,22,42,42,58,76,76],"floor_reached":51,"playtime":5968,"items_purged":["sneckomod:Defend","sneckomod:Strike"],"score":883,"play_id":"4788d135-8887-4b65-b4b2-10b08a4cea28","local_time":"20201220222028","is_ascension_mode":false,"campfire_choices":[{"data":"sneckomod:SnekBite","floor":1,"key":"SMITH"},{"data":"sneckomod:Unknown2Cost","floor":6,"key":"SMITH"},{"data":"sneckomod:SlitherStrike","floor":8,"key":"SMITH"},{"data":"sneckomod:UnknownExhaust","floor":10,"key":"SMITH"},{"data":"sneckomod:UnknownUncommonAttack","floor":18,"key":"SMITH"},{"data":"sneckomod:Unknown","floor":21,"key":"SMITH"},{"floor":27,"key":"REST"},{"data":"sneckomod:SerpentMind","floor":35,"key":"SMITH"},{"data":"sneckomod:DiceBoulder","floor":39,"key":"SMITH"},{"data":"Panache","floor":42,"key":"SMITH"},{"data":"sneckomod:DiceBoulder+1","floor":44,"key":"SMITH"}],"circlet_count":0,"master_deck":["sneckomod:Strike","sneckomod:Defend","sneckomod:TailWhip","sneckomod:SnekBite+1","sneckomod:Unknown+1","sneckomod:Unknown","sneckomod:UnknownUncommonAttack+1","sneckomod:UnknownExhaust+1","sneckomod:Unknown2Cost+1","sneckomod:SlitherStrike+1","sneckomod:UnknownClassGUARDIAN+1","sneckomod:UnknownClassHEXA_GHOST_PURPLE+1","sneckomod:UnknownRareSkill+1","sneckomod:UnknownClassTHE_CHAMP_GRAY+1","sneckomod:UnknownClassGREEN+1","sneckomod:Restock+1","sneckomod:SoulCleanse+1","sneckomod:UnknownClassGREEN+1","sneckomod:Unknown0Cost+1","sneckomod:DiceBoulder+2","sneckomod:DefensiveFlair+1","sneckomod:UnknownClassPURPLE+1","sneckomod:SerpentMind+1","sneckomod:SoulExchange+1","Panache+1","sneckomod:Unknown2Cost+1","Mayhem+1","sneckomod:UnknownClassGREEN+1","sneckomod:Unknown3Cost+1","Flash of Steel"],"relics":["sneckomod:SneckoSoul","downfall:HeartsMalice","Juzu Bracelet","sneckomod:LoadedDie","Toxic Egg 2","Pen Nib","Potion Belt","Odd Mushroom","SacredBark","Smiling Mask","Dream Catcher","Singing Bowl","Peace Pipe","Sundial","Busted Crown","MawBank","Membership Card","Bird Faced Urn","Frozen Egg 2","Mummified Hand","OrangePellets","Centennial Puzzle","Letter Opener","Incense Burner"],"acts_visited":["Exordium","TheCity","TheBeyond"],"potions_floor_usage":[14,16,16,26,26,29,31,31,33,43,43,50,50,50,50,50,50,50,50,50,50,50,50,50,50],"damage_taken":[{"damage":0,"enemies":"Lagavulin","floor":2,"turns":1},{"damage":0,"enemies":"2 Louse","floor":3,"turns":1},{"damage":0,"enemies":"Gremlin Nob","floor":4,"turns":1},{"damage":1,"enemies":"Cultist","floor":5,"turns":3},{"damage":13,"enemies":"3 Sentries","floor":9,"turns":5},{"damage":11,"enemies":"Jaw Worm","floor":11,"turns":2},{"damage":23,"enemies":"downfall:LadyInBlue","floor":12,"turns":8},{"damage":0,"enemies":"The Mushroom Lair","floor":13,"turns":5},{"damage":0,"enemies":"3 Louse","floor":14,"turns":2},{"damage":2,"enemies":"2 Fungi Beasts","floor":15,"turns":3},{"damage":29,"enemies":"downfall:Ironclad","floor":16,"turns":5},{"damage":0,"enemies":"3 Byrds","floor":19,"turns":3},{"damage":7,"enemies":"Slavers","floor":20,"turns":2},{"damage":38,"enemies":"Chosen","floor":22,"turns":4},{"damage":0,"enemies":"Centurion and Healer","floor":23,"turns":3},{"damage":36,"enemies":"Book of Stabbing","floor":26,"turns":5},{"damage":0,"enemies":"Shelled Parasite and Fungi","floor":29,"turns":1},{"damage":10,"enemies":"Cultist and Chosen","floor":30,"turns":5},{"damage":0,"enemies":"Colosseum Nobs","floor":31,"turns":3},{"damage":0,"enemies":"Centurion and Healer","floor":32,"turns":2},{"damage":10,"enemies":"downfall:Defect","floor":33,"turns":6},{"damage":17,"enemies":"Nemesis","floor":36,"turns":5},{"damage":19,"enemies":"3 Shapes","floor":38,"turns":6},{"damage":5,"enemies":"downfall:FleeingMerchant","floor":40,"turns":4},{"damage":2,"enemies":"downfall:FleeingMerchant","floor":43,"turns":4},{"damage":1,"enemies":"3 Darklings","floor":46,"turns":2},{"damage":17,"enemies":"Maw","floor":48,"turns":4},{"damage":21,"enemies":"Transient","floor":49,"turns":4},{"damage":1,"enemies":"downfall:Silent","floor":50,"turns":2}],"seed_played":"-4035058650328899075","potions_obtained":[{"floor":4,"key":"Energy Potion"},{"floor":9,"key":"sneckomod:DiceRollPotion"},{"floor":12,"key":"SneckoOil"},{"floor":12,"key":"Explosive Potion"},{"floor":12,"key":"FairyPotion"},{"floor":14,"key":"sneckomod:OffclassReductionPotion"},{"floor":15,"key":"Slimebound:ThreeZeroPotion"},{"floor":22,"key":"Block Potion"},{"floor":26,"key":"PowerPotion"},{"floor":30,"key":"Fire Potion"},{"floor":32,"key":"SteroidPotion"},{"floor":33,"key":"FearPotion"},{"floor":36,"key":"sneckomod:MuddlingPotion"},{"floor":49,"key":"LiquidMemories"}],"is_trial":false,"path_per_floor":["R","E","M","E","M","R","T","R","E","R","M","?","?","M","M","B",null,"R","M","E","R","M","M","T","?","E","R","?","M","M","?","M","B",null,"R","E","?","M","R","$","T","R","$","R","$","M","T","M","M","B",null],"character_chosen":"THE_SNECKO","items_purchased":["Membership Card","Bird Faced Urn","EntropicBrew","Panache","sneckomod:Unknown2Cost+1","Mummified Hand","Fruit Juice","OrangePellets","Centennial Puzzle","Weak Potion","Mayhem+1","sneckomod:UnknownClassGREEN+1","sneckomod:Unknown3Cost+1","Letter Opener","Flash of Steel","champ:CounterPotion"],"campfire_rested":1,"item_purchase_floors":[40,40,40,40,40,43,43,43,43,43,43,43,45,45,45,45],"current_hp_per_floor":[90,91,92,93,92,92,92,92,80,80,70,48,48,56,57,30,98,98,98,91,91,81,82,82,83,47,78,101,101,93,95,97,87,107,107,92,92,75,75,73,73,73,94,94,95,106,106,101,123,134],"gold":76,"neow_bonus":"THREE_ENEMY_KILL","is_daily":false,"chose_seed":false,"campfire_upgraded":10,"win_rate":0.0,"timestamp":1608520828,"path_taken":["R","E","M","E","M","R","T","R","E","R","M","?","?","M","M","BOSS","R","M","E","R","M","M","T","?","E","R","?","M","M","?","M","BOSS","R","E","?","M","R","$","T","R","$","R","?","M","?","M","M","BOSS"],"items_purchased_type":["Relic","Relic","Potion","Card","Card","Relic","Potion","Relic","Relic","Potion","Card","Card","Card","Relic","Card","Potion"],"build_version":"2020-12-13","purchased_purges":2,"victory":true,"max_hp_per_floor":[90,91,92,93,93,93,93,93,94,94,95,96,96,97,98,98,98,98,98,98,98,98,99,99,100,100,101,101,101,103,105,107,107,107,107,109,109,111,111,114,114,114,127,127,128,130,130,132,134,134],"card_choices":[{"not_picked":["sneckomod:DiceBoulder","sneckomod:UnknownClassRED"],"picked":"sneckomod:UnknownUncommonAttack","floor":2},{"not_picked":["sneckomod:Nope","sneckomod:UnknownUncommonAttack"],"picked":"sneckomod:UnknownExhaust","floor":3},{"not_picked":["sneckomod:DiceCrush","sneckomod:UnknownVulnerable"],"picked":"sneckomod:Unknown2Cost","floor":4},{"not_picked":["sneckomod:Unknown1Cost","sneckomod:UnknownClassPURPLE"],"picked":"sneckomod:SlitherStrike","floor":5},{"not_picked":["sneckomod:DiceCrush","sneckomod:SoulDraw+1"],"picked":"sneckomod:UnknownClassGUARDIAN+1","floor":9},{"not_picked":["sneckomod:Unknown1Cost+1","sneckomod:UnknownClassTHE_CHAMP_GRAY+1"],"picked":"sneckomod:UnknownClassHEXA_GHOST_PURPLE+1","floor":11},{"not_picked":["sneckomod:Unknown1Cost+1","sneckomod:UnknownClassTHE_CHAMP_GRAY+1"],"picked":"sneckomod:UnknownRareSkill+1","floor":12},{"not_picked":["sneckomod:UnknownStrike","sneckomod:QuickBite"],"picked":"sneckomod:UnknownClassTHE_CHAMP_GRAY+1","floor":14},{"not_picked":["sneckomod:UnknownVulnerable+1","sneckomod:WideSting"],"picked":"sneckomod:UnknownClassGREEN+1","floor":15},{"not_picked":["sneckomod:UnlimitedRolls","sneckomod:MorePower"],"picked":"sneckomod:Restock+1","floor":16},{"not_picked":["sneckomod:RainOfDice","sneckomod:Unknown1Cost+1","sneckomod:WideSting"],"picked":"SKIP","floor":19},{"not_picked":["sneckomod:Unknown2Cost+1","sneckomod:SoulDraw+1"],"picked":"sneckomod:SoulCleanse+1","floor":20},{"not_picked":["sneckomod:QuickBite+1","sneckomod:UnknownBlock+1","sneckomod:CheapStock"],"picked":"SKIP","floor":22},{"not_picked":["sneckomod:UnknownStrike","sneckomod:UnknownCommonSkill+1"],"picked":"sneckomod:UnknownClassGREEN+1","floor":23},{"not_picked":["sneckomod:DiceCrush","sneckomod:IronFang+1"],"picked":"sneckomod:DefensiveFlair+1","floor":26},{"not_picked":["sneckomod:SoulDraw+1","sneckomod:DiceBlock+1"],"picked":"sneckomod:UnknownClassPURPLE+1","floor":27},{"not_picked":["sneckomod:QuickMove+1","sneckomod:UnknownUncommonPower+1"],"picked":"sneckomod:SerpentMind","floor":29},{"not_picked":["sneckomod:SoulRoll+1","sneckomod:RainOfDice+1","sneckomod:QuickMove+1"],"picked":"Singing Bowl","floor":30},{"not_picked":["sneckomod:UnknownClassGUARDIAN+1","sneckomod:IronFang","sneckomod:Unknown1Cost+1"],"picked":"Singing Bowl","floor":31},{"not_picked":["sneckomod:DiceCrush","sneckomod:Nope+1","sneckomod:UnknownBlock+1"],"picked":"Singing Bowl","floor":32},{"not_picked":["sneckomod:MorePower","sneckomod:SerpentMind"],"picked":"sneckomod:SoulExchange+1","floor":33},{"not_picked":["sneckomod:TrashToTreasure+1"],"picked":"Singing Bowl","floor":36},{"not_picked":["sneckomod:ImprovisedAttack+1"],"picked":"Singing Bowl","floor":38},{"not_picked":["sneckomod:UnknownCommonSkill+1"],"picked":"Singing Bowl","floor":40},{"not_picked":["sneckomod:TrashToTreasure+1"],"picked":"Singing Bowl","floor":43},{"not_picked":["sneckomod:Nope+1"],"picked":"Singing Bowl","floor":46},{"not_picked":["sneckomod:UnknownCommonSkill+1"],"picked":"Singing Bowl","floor":48},{"not_picked":["sneckomod:DefensiveFlair+1"],"picked":"Singing Bowl","floor":49}],"player_experience":2323252,"relics_obtained":[{"floor":2,"key":"Juzu Bracelet"},{"floor":4,"key":"sneckomod:LoadedDie"},{"floor":7,"key":"Toxic Egg 2"},{"floor":9,"key":"Pen Nib"},{"floor":12,"key":"Potion Belt"},{"floor":13,"key":"Odd Mushroom"},{"floor":20,"key":"Smiling Mask"},{"floor":24,"key":"Dream Catcher"},{"floor":26,"key":"Singing Bowl"},{"floor":31,"key":"Peace Pipe"},{"floor":31,"key":"Sundial"},{"floor":36,"key":"MawBank"},{"floor":41,"key":"Frozen Egg 2"},{"floor":47,"key":"Incense Burner"}],"event_choices":[{"damage_healed":0,"gold_gain":0,"player_choice":"Fought Mushrooms","damage_taken":0,"max_hp_gain":0,"max_hp_loss":0,"event_name":"Mushrooms","floor":13,"gold_loss":0},{"damage_healed":0,"gold_gain":0,"cards_transformed":["sneckomod:Strike","sneckomod:Defend"],"player_choice":"Became Test Subject","damage_taken":0,"max_hp_gain":0,"max_hp_loss":0,"event_name":"Drug Dealer","floor":25,"gold_loss":0,"cards_obtained":["sneckomod:Unknown0Cost","sneckomod:DiceBoulder"]},{"damage_healed":33,"gold_gain":0,"player_choice":"Heal","damage_taken":0,"max_hp_gain":0,"max_hp_loss":0,"event_name":"The Library","floor":28,"gold_loss":0}],"is_beta":false,"boss_relics":[{"not_picked":["Ectoplasm","Astrolabe"],"picked":"SacredBark"},{"not_picked":["Sozu","Tiny House"],"picked":"Busted Crown"}],"items_purged_floors":[40,43],"is_endless":false,"potions_floor_spawned":[4,9,14,15,22,26,30,32,33,36,49],"ascension_level":0}}