{"host":"27cnk69rbdk9vsnt","time":1608509721,"event":{"mods":["BaseMod","CatGirl Mod","Ekko","Energized Spire","JesterMod","Mimic Mod","Minty Spire (QoL Compilation)","Shade Mod","Shop Mod","StSLib","The Spell Scribe","Thieving Mod"],"gold_per_floor":[116,133,133,208,208,208,248,268,268,268,292,292,292],"floor_reached":12,"playtime":455,"items_purged":[],"score":86,"play_id":"1d158cb0-73cc-48b7-a46e-3c83bcfe2879","local_time":"20201221011521","is_ascension_mode":true,"campfire_choices":[{"floor":6,"key":"REST"},{"data":"ekkoTheBoyWhoShatteredTime:KeepingMomentum","floor":10,"key":"SMITH"}],"circlet_count":0,"master_deck":["ekkoTheBoyWhoShatteredTime:Strike","ekkoTheBoyWhoShatteredTime:Strike","ekkoTheBoyWhoShatteredTime:Strike","ekkoTheBoyWhoShatteredTime:Strike","ekkoTheBoyWhoShatteredTime:Strike","ekkoTheBoyWhoShatteredTime:Defend","ekkoTheBoyWhoShatteredTime:Defend","ekkoTheBoyWhoShatteredTime:Defend","ekkoTheBoyWhoShatteredTime:TimeMaster","ekkoTheBoyWhoShatteredTime:GuinsoosRageblade","ekkoTheBoyWhoShatteredTime:AfterimageSetup","ekkoTheBoyWhoShatteredTime:NashorsTooth","Injury","ekkoTheBoyWhoShatteredTime:Dash","ekkoTheBoyWhoShatteredTime:KeepingMomentum+1","ekkoTheBoyWhoShatteredTime:HauntedAfterimage+1"],"relics":["ekkoTheBoyWhoShatteredTime:zDriveResonance","Golden Idol","Molten Egg 2","Ornamental Fan"],"acts_visited":["Exordium"],"potions_floor_usage":[7,12],"damage_taken":[{"damage":8,"enemies":"2 Louse","floor":1,"turns":2},{"damage":13,"enemies":"Small Slimes","floor":2,"turns":5},{"damage":21,"enemies":"Gremlin Nob","floor":7,"turns":5},{"damage":2,"enemies":"Jaw Worm","floor":8,"turns":6},{"damage":31,"enemies":"Lots of Slimes","floor":11,"turns":7},{"damage":24,"enemies":"Lagavulin","floor":12,"turns":5}],"seed_played":"-6467823382111060109","potions_obtained":[{"floor":1,"key":"Regen Potion"},{"floor":2,"key":"Dexterity Potion"}],"is_trial":false,"path_per_floor":["M","M","?","?","?","R","E","M","T","R","M","E"],"character_chosen":"EKKO_THE_BOY_WHO_SHATTERED_TIME","items_purchased":[],"campfire_rested":1,"item_purchase_floors":[],"current_hp_per_floor":[70,57,50,39,39,62,55,53,53,53,22,0,0],"gold":292,"neow_bonus":"ONE_RANDOM_RARE_CARD","is_daily":false,"chose_seed":false,"campfire_upgraded":1,"win_rate":0.0,"timestamp":1608509721,"path_taken":["M","M","?","?","?","R","E","M","T","R","M","E"],"items_purchased_type":[],"build_version":"2020-12-13","purchased_purges":0,"victory":false,"max_hp_per_floor":[78,78,78,78,78,78,78,78,78,78,78,78,78],"card_choices":[{"not_picked":["ekkoTheBoyWhoShatteredTime:KneeNSwordCombo","ekkoTheBoyWhoShatteredTime:NaggingBlow"],"picked":"ekkoTheBoyWhoShatteredTime:AfterimageSetup","floor":1},{"not_picked":["ekkoTheBoyWhoShatteredTime:SneakHit","ekkoTheBoyWhoShatteredTime:HextechProtobelt"],"picked":"ekkoTheBoyWhoShatteredTime:NashorsTooth","floor":2},{"not_picked":["ekkoTheBoyWhoShatteredTime:SpHit+1","ekkoTheBoyWhoShatteredTime:TimeRecall"],"picked":"ekkoTheBoyWhoShatteredTime:Dash","floor":7},{"not_picked":["ekkoTheBoyWhoShatteredTime:AfterimageHit+1","ekkoTheBoyWhoShatteredTime:AfterimageTease+1"],"picked":"ekkoTheBoyWhoShatteredTime:KeepingMomentum","floor":8},{"not_picked":["ekkoTheBoyWhoShatteredTime:AfterimageTease+1","ekkoTheBoyWhoShatteredTime:Knowledge"],"picked":"ekkoTheBoyWhoShatteredTime:HauntedAfterimage+1","floor":11}],"player_experience":487488,"relics_obtained":[{"floor":7,"key":"Molten Egg 2"},{"floor":9,"key":"Ornamental Fan"}],"event_choices":[{"cards_removed":["ekkoTheBoyWhoShatteredTime:Defend"],"damage_healed":0,"gold_gain":0,"player_choice":"Card Removal","damage_taken":7,"max_hp_gain":0,"max_hp_loss":0,"event_name":"Golden Wing","floor":3,"gold_loss":0},{"damage_healed":0,"gold_gain":75,"player_choice":"Gather Gold","damage_taken":11,"max_hp_gain":0,"max_hp_loss":0,"event_name":"World of Goop","floor":4,"gold_loss":0},{"damage_healed":0,"gold_gain":0,"player_choice":"Take Wound","damage_taken":0,"relics_obtained":["Golden Idol"],"max_hp_gain":0,"max_hp_loss":0,"event_name":"Golden Idol","floor":5,"gold_loss":0,"cards_obtained":["Injury"]}],"is_beta":false,"boss_relics":[],"items_purged_floors":[],"is_endless":false,"potions_floor_spawned":[1,2],"killed_by":"Lagavulin","ascension_level":2}}