{"host":"swfi5d1pbdyvl8hq","time":1608558800,"event":{"mods":["ATMod(°¢èªMod)","Act Like it!","BaseMod","Minty Spire (QoL Compilation)","MostiFishMod","Replay The Spire","StSLib","The Cursed","The Jungle"],"gold_per_floor":[113,162,162,182,193,219,219,253,300,332,507,536,597,609,609,609,609],"floor_reached":16,"playtime":1204,"items_purged":[],"score":141,"play_id":"49477326-9804-43fc-9444-e1cc9acde901","local_time":"20201221215320","is_ascension_mode":true,"campfire_choices":[{"floor":15,"key":"RECALL"}],"circlet_count":0,"master_deck":["TheCursedMod:Strike_TheCursed","TheCursedMod:Strike_TheCursed","TheCursedMod:Strike_TheCursed","TheCursedMod:Strike_TheCursed","TheCursedMod:Defend_TheCursed","TheCursedMod:Defend_TheCursed","TheCursedMod:Defend_TheCursed","TheCursedMod:Defend_TheCursed","TheCursedMod:CursedWand","TheCursedMod:CleanUpWorkshop","TheCursedMod:Dregs","AT_FamilyPortrait","MostiFishMod:EE1D+1","MostiFishMod:EE1D+1","MostiFishMod:EE1D+1","TheCursedMod:DemonSword","TheCursedMod:CursedSpellbook","ReplayTheSpireMod:Splinters","TheCursedMod:AbyssShockwave","TheCursedMod:CursedMace","TheCursedMod:CursedShiv","TheCursedMod:SpitefulPray+1","TheCursedMod:LuckyCharm","TheCursedMod:CircleOfCorruption","Pot Of Greed","Pot Of Greed","Pot Of Greed","TheCursedMod:CursedShiv","Doubt","TheCursedMod:CursedAmulet"],"relics":["TheCursedMod:BlackMagic101","DaveBox","AT_ATBox","EE1DDrone","Question Card","Juzu Bracelet","Meat on the Bone","Smiling Mask","Lizard Tail","Grinning Jar","Vajra","Replay:Bottled Eggs","AT_ArchangelStaff"],"acts_visited":["Exordium"],"potions_floor_usage":[8,8,16],"damage_taken":[{"damage":9,"enemies":"Jaw Worm","floor":1,"turns":5},{"damage":0,"enemies":"2 Louse","floor":4,"turns":2},{"damage":1,"enemies":"Cultist","floor":5,"turns":3},{"damage":8,"enemies":"Replay:BlueRogue","floor":6,"turns":6},{"damage":4,"enemies":"Lagavulin","floor":8,"turns":6},{"damage":1,"enemies":"Replay:BlueRogue","floor":10,"turns":5},{"damage":18,"enemies":"Lagavulin","floor":12,"turns":5},{"damage":19,"enemies":"3 Sentries","floor":13,"turns":5},{"damage":12,"enemies":"Exordium Thugs","floor":14,"turns":4},{"damage":0,"enemies":"Fading Forest","floor":16,"turns":3}],"seed_played":"-3176620455748592616","potions_obtained":[{"floor":2,"key":"Ancient Potion"},{"floor":5,"key":"PowerPotion"},{"floor":6,"key":"TheCursedMod:DregsPotion"},{"floor":8,"key":"SpeedPotion"},{"floor":14,"key":"AttackPotion"}],"is_trial":false,"path_per_floor":["M","?","?","M","M","E","?","E","T","E","?","E","?","M","R","B"],"character_chosen":"THE_CURSED","items_purchased":[],"campfire_rested":0,"item_purchase_floors":[],"current_hp_per_floor":[66,66,54,54,53,45,45,41,41,40,40,34,27,27,27,27,27],"gold":609,"neow_bonus":"ONE_RANDOM_RARE_CARD","is_daily":false,"chose_seed":false,"campfire_upgraded":0,"win_rate":0.0,"timestamp":1608558800,"path_taken":["M","?","?","M","M","E","?","E","T","E","?","E","?","M","R","BOSS"],"items_purchased_type":[],"build_version":"2020-12-13","purchased_purges":0,"victory":false,"max_hp_per_floor":[75,75,75,75,75,75,75,75,75,75,75,75,75,75,75,75,75],"card_choices":[{"not_picked":["TheCursedMod:Obscuration","TheCursedMod:ReleasedKnowledge"],"picked":"TheCursedMod:CursedSpellbook","floor":1},{"not_picked":["TheCursedMod:SmokeScreen","TheCursedMod:Mangle","TheCursedMod:CursedBlade"],"picked":"TheCursedMod:AbyssShockwave","floor":2},{"not_picked":["TheCursedMod:CircleOfCorruption","TheCursedMod:BlessingInDisguise","TheCursedMod:SpitefulPlan"],"picked":"TheCursedMod:CursedMace","floor":2},{"not_picked":["TheCursedMod:Obscuration","TheCursedMod:Stigma","TheCursedMod:CursedStaff"],"picked":"TheCursedMod:CursedShiv","floor":4},{"not_picked":["TheCursedMod:SpitefulStrike","TheCursedMod:Stretching","TheCursedMod:BloodBarrier"],"picked":"TheCursedMod:SpitefulPray","floor":5},{"not_picked":["TheCursedMod:SurpriseAttack","TheCursedMod:CircleOfFocus","TheCursedMod:CircleOfFlame"],"picked":"TheCursedMod:LuckyCharm","floor":6},{"not_picked":["TheCursedMod:StingEye","TheCursedMod:RapidMovement","TheCursedMod:SaltUponWound"],"picked":"TheCursedMod:CircleOfCorruption","floor":8},{"not_picked":["TheCursedMod:DemonicPact","TheCursedMod:ReleasedKnowledge","TheCursedMod:CursedMace"],"picked":"TheCursedMod:CursedShiv","floor":10},{"not_picked":["TheCursedMod:ParallelWorld","TheCursedMod:SmokeScreen","TheCursedMod:Stigma","TheCursedMod:CursedArmor"],"picked":"SKIP","floor":12},{"not_picked":["TheCursedMod:Stigma","TheCursedMod:CursedShiv","TheCursedMod:Torture"],"picked":"TheCursedMod:CursedAmulet","floor":13},{"not_picked":["TheCursedMod:RavingStaff","TheCursedMod:Obscuration","TheCursedMod:CursedMace","TheCursedMod:RapidMovement"],"picked":"SKIP","floor":14}],"player_experience":561267,"relics_obtained":[{"floor":1,"key":"Question Card"},{"floor":2,"key":"Juzu Bracelet"},{"floor":6,"key":"Smiling Mask"},{"floor":8,"key":"Lizard Tail"},{"floor":9,"key":"Grinning Jar"},{"floor":10,"key":"Vajra"},{"floor":12,"key":"Replay:Bottled Eggs"}],"event_choices":[{"damage_healed":0,"gold_gain":0,"player_choice":"Success","damage_taken":12,"relics_obtained":["Meat on the Bone"],"max_hp_gain":0,"max_hp_loss":0,"event_name":"Scrap Ooze","floor":3,"gold_loss":0},{"damage_healed":0,"gold_gain":0,"player_choice":"Grow","damage_taken":0,"max_hp_gain":0,"max_hp_loss":0,"event_name":"Living Wall","floor":7,"gold_loss":0,"cards_upgraded":["TheCursedMod:SpitefulPray"]},{"damage_healed":0,"gold_gain":175,"player_choice":"AGREE","damage_taken":0,"max_hp_gain":0,"max_hp_loss":0,"event_name":"Liars Game","floor":11,"gold_loss":0,"cards_obtained":["Doubt"]},{"damage_healed":0,"gold_gain":0,"player_choice":"Searched \u00273\u0027 times","damage_taken":0,"relics_obtained":["AT_ArchangelStaff"],"max_hp_gain":0,"max_hp_loss":0,"event_name":"Dead Adventurer","floor":13,"gold_loss":0}],"is_beta":false,"boss_relics":[],"items_purged_floors":[],"is_endless":false,"potions_floor_spawned":[5,6,8,14],"killed_by":"Fading Forest","ascension_level":2}}