{"host":"zekcc3vicrep0och","time":1608560774,"event":{"mods":["AchievementEnabler","BaseMod","Colored Map","Colored Powertips","Displayed Cursed Tome","Minty Spire (QoL Compilation)","Relic Stats","StSLib"],"gold_per_floor":[113,63,63,73,73,73,108,108,108,127,143,178,190,220,220,323,323,337,353,353,353],"floor_reached":20,"playtime":672,"items_purged":[],"score":350,"play_id":"7d3827e4-16d7-4b4d-95b1-5ea77c0bac2c","local_time":"20201221172614","is_ascension_mode":true,"campfire_choices":[{"data":"Neutralize","floor":6.0,"key":"SMITH"},{"data":"Dagger Spray","floor":8.0,"key":"SMITH"},{"data":"A Thousand Cuts","floor":15.0,"key":"SMITH"}],"circlet_count":0,"master_deck":["AscendersBane","Strike_G","Strike_G","Strike_G","Strike_G","Defend_G","Defend_G","Defend_G","Defend_G","Defend_G","Survivor","Neutralize+1","Dagger Spray+1","PiercingWail","Backstab","Heel Hook","A Thousand Cuts+1","Noxious Fumes","Calculated Gamble","Bullet Time"],"relics":["Ring of the Snake","NeowsBlessing","Happy Flower","Eternal Feather","Art of War","Nunchaku","Kunai","Fusion Hammer"],"acts_visited":["TheCity"],"potions_floor_usage":[],"damage_taken":[{"damage":0.0,"enemies":"Jaw Worm","floor":1.0,"turns":1.0},{"damage":0.0,"enemies":"Small Slimes","floor":4.0,"turns":1.0},{"damage":0.0,"enemies":"Lagavulin","floor":7.0,"turns":1.0},{"damage":0.0,"enemies":"Cultist","floor":10.0,"turns":4.0},{"damage":0.0,"enemies":"2 Fungi Beasts","floor":11.0,"turns":2.0},{"damage":2.0,"enemies":"3 Sentries","floor":12.0,"turns":4.0},{"damage":5.0,"enemies":"3 Louse","floor":13.0,"turns":2.0},{"damage":21.0,"enemies":"Lagavulin","floor":14.0,"turns":6.0},{"damage":8.0,"enemies":"The Guardian","floor":16.0,"turns":12.0},{"damage":6.0,"enemies":"3 Byrds","floor":18.0,"turns":3.0},{"damage":12,"enemies":"Chosen","floor":19,"turns":6},{"damage":36,"enemies":"Sentry and Sphere","floor":20,"turns":7}],"seed_played":"-9160354171931729496","potions_obtained":[{"floor":1.0,"key":"Weak Potion"},{"floor":4.0,"key":"DuplicationPotion"},{"floor":10.0,"key":"LiquidMemories"},{"floor":13.0,"key":"Block Potion"},{"floor":19,"key":"LiquidBronze"}],"is_trial":false,"path_per_floor":["M","?","?","M","?","R","E","R","T","M","M","E","M","E","R","B",null,"M","M","M"],"character_chosen":"THE_SILENT","items_purchased":[],"campfire_rested":0,"item_purchase_floors":[],"current_hp_per_floor":[63,63,45,45,45,45,45,51,51,51,51,49,44,23,32,24,59,53,41,5,5],"gold":353,"neow_bonus":"THREE_ENEMY_KILL","is_daily":false,"chose_seed":false,"campfire_upgraded":3,"win_rate":0.0,"timestamp":1608560774,"path_taken":["M","?","?","M","?","R","E","R","T","M","M","E","M","E","R","BOSS","M","M","M"],"items_purchased_type":[],"build_version":"2020-12-13","purchased_purges":0,"victory":false,"max_hp_per_floor":[70,70,70,70,70,70,70,70,70,70,70,70,70,70,70,70,70,70,70,70,70],"relic_stats":{"Nunchaku":[7],"Happy Flower":[16],"counters":[12,49],"Eternal Feather":15,"Art of War":[3],"Kunai":[9],"obtain_stats":[{"Nunchaku":12,"NeowsBlessing":0,"Happy Flower":3,"Eternal Feather":7,"Fusion Hammer":17,"Art of War":9,"Kunai":14,"Ring of the Snake":0},{"Nunchaku":6,"NeowsBlessing":0,"Happy Flower":1,"Eternal Feather":3,"Fusion Hammer":9,"Art of War":3,"Kunai":8,"Ring of the Snake":0},{"Nunchaku":13,"NeowsBlessing":0,"Happy Flower":1,"Eternal Feather":3,"Fusion Hammer":33,"Art of War":3,"Kunai":21,"Ring of the Snake":0}],"Ring of the Snake":[24]},"card_choices":[{"not_picked":["Skewer","Dagger Throw","Deflect"],"picked":"SKIP","floor":1.0},{"not_picked":["Dagger Throw","Finisher"],"picked":"Dagger Spray","floor":4.0},{"not_picked":["Catalyst","Outmaneuver"],"picked":"PiercingWail","floor":7.0},{"not_picked":["Cloak And Dagger","Flying Knee"],"picked":"Backstab","floor":10.0},{"not_picked":["PiercingWail","Dodge and Roll"],"picked":"Heel Hook","floor":11.0},{"not_picked":["Deadly Poison","Dagger Throw"],"picked":"A Thousand Cuts","floor":12.0},{"not_picked":["PiercingWail","Sucker Punch"],"picked":"Noxious Fumes","floor":13.0},{"not_picked":["Infinite Blades","Deflect"],"picked":"Calculated Gamble","floor":14.0},{"not_picked":["Tools of the Trade","Glass Knife"],"picked":"Bullet Time","floor":16.0},{"not_picked":["Prepared","Outmaneuver","Underhanded Strike"],"picked":"SKIP","floor":18.0},{"not_picked":["Endless Agony+1","PiercingWail","Deflect"],"picked":"SKIP","floor":19}],"player_experience":449317,"relics_obtained":[{"floor":7.0,"key":"Eternal Feather"},{"floor":9.0,"key":"Art of War"},{"floor":12.0,"key":"Nunchaku"},{"floor":14.0,"key":"Kunai"}],"event_choices":[{"cards_removed":["Strike_G"],"damage_healed":0.0,"max_hp_gain":0.0,"max_hp_loss":0.0,"gold_gain":0.0,"event_name":"The Cleric","player_choice":"Card Removal","floor":2.0,"gold_loss":50.0,"damage_taken":0.0},{"damage_healed":0.0,"max_hp_gain":0.0,"max_hp_loss":0.0,"gold_gain":0.0,"event_name":"Scrap Ooze","player_choice":"Success","floor":3.0,"gold_loss":0.0,"damage_taken":18.0,"relics_obtained":["Happy Flower"]},{"damage_healed":0.0,"max_hp_gain":0.0,"max_hp_loss":0.0,"gold_gain":0.0,"event_name":"Liars Game","player_choice":"Ignored","floor":5.0,"gold_loss":0.0,"damage_taken":0.0}],"is_beta":false,"boss_relics":[{"not_picked":["Pandora\u0027s Box","Busted Crown"],"picked":"Fusion Hammer"}],"items_purged_floors":[],"is_endless":false,"potions_floor_spawned":[1,4,10,13,19],"killed_by":"Sentry and Sphere","ascension_level":12}}