{"host":"fm9e0lfunjlbhzxv","time":1608539231,"event":{"mods":["2.2 Compatiblity","Astrologer","BaseMod","Colored Map","Colored Powertips","Energized Spire","Gremlin Mod","Key Reminder","Minty Spire (QoL Compilation)","Permanent Neow","Rare Cards Sparkle","Relic Stats","StSLib","The Administrix","The Disciple","The Mystic","TheBandit","slay the spire mod where everything is the same but ironclad has a cowboy hat"],"gold_per_floor":[119,132,92,23,34,34,67,82,109,138,138,156,156,176,176,176,176,176],"floor_reached":16,"playtime":1504,"items_purged":[],"score":112,"play_id":"5d433e20-a37c-4de6-aff5-9d838a0fd8a4","local_time":"20201221002711","is_ascension_mode":false,"campfire_choices":[{"data":"wariomod:Boomsmack","floor":6,"key":"SMITH"},{"floor":13,"key":"REST"},{"data":"wariomod:Purify","floor":15,"key":"SMITH"}],"circlet_count":0,"master_deck":["wariomod:Strike","wariomod:Strike","wariomod:Strike","wariomod:Strike","wariomod:Defend","wariomod:Defend","wariomod:Defend","wariomod:Defend","wariomod:Step","wariomod:Leap","wariomod:DonateDraw+1","wariomod:Boomsmack+1","wariomod:CursedSpaces","wariomod:HappyHit","wariomod:DeepDig","wariomod:DiceyMove","wariomod:Purify+1","wariomod:BlastDash","wariomod:Hopshield"],"relics":["wariomod:TheHat","Dream Catcher","Ancient Tea Set","Omamori"],"acts_visited":["Exordium"],"potions_floor_usage":[8,10,16,16],"damage_taken":[{"damage":0,"enemies":"Small Slimes","floor":1,"turns":3},{"damage":8,"enemies":"Cultist","floor":2,"turns":5},{"damage":1,"enemies":"Jaw Worm","floor":5,"turns":3},{"damage":15,"enemies":"Gremlin Nob","floor":7,"turns":5},{"damage":0,"enemies":"Red Slaver","floor":8,"turns":3},{"damage":37,"enemies":"Lagavulin","floor":10,"turns":6},{"damage":10,"enemies":"Large Slime","floor":12,"turns":7},{"damage":3,"enemies":"3 Louse","floor":14,"turns":3},{"damage":40,"enemies":"Hexaghost","floor":16,"turns":10}],"seed_played":"-930816177785538024","potions_obtained":[{"floor":3,"key":"LiquidMemories"},{"floor":3,"key":"Swift Potion"},{"floor":3,"key":"Fire Potion"},{"floor":7,"key":"EntropicBrew"},{"floor":12,"key":"Strength Potion"}],"is_trial":false,"path_per_floor":["M","M","?","$","M","R","E","M","T","E","?","M","R","M","R","B"],"character_chosen":"THE_BANDIT","items_purchased":["wariomod:CursedSpaces"],"campfire_rested":1,"item_purchase_floors":[4],"current_hp_per_floor":[88,80,80,80,79,79,64,64,64,27,27,17,43,40,40,0,0,0],"gold":176,"neow_bonus":"TEN_PERCENT_HP_BONUS","is_daily":false,"chose_seed":false,"campfire_upgraded":2,"win_rate":0.0,"timestamp":1608539231,"path_taken":["M","M","?","$","?","R","E","M","T","E","?","M","R","M","R","BOSS"],"items_purchased_type":["Card"],"build_version":"2020-12-13","purchased_purges":0,"victory":false,"max_hp_per_floor":[88,88,88,88,88,88,88,88,88,88,88,88,88,88,88,88,88,88],"relic_stats":{"Dream Catcher":1,"counters":[9,45],"obtain_stats":[{"Dream Catcher":7,"wariomod:TheHat":0,"Omamori":10,"Ancient Tea Set":9},{"Dream Catcher":4,"wariomod:TheHat":0,"Omamori":6,"Ancient Tea Set":5},{"Dream Catcher":16,"wariomod:TheHat":0,"Omamori":25,"Ancient Tea Set":19}]},"card_choices":[{"not_picked":["wariomod:DoubleDash","wariomod:Smackflip"],"picked":"wariomod:DonateDraw","floor":1},{"not_picked":["wariomod:ChargeForth","wariomod:DisarmingMoves"],"picked":"wariomod:Boomsmack","floor":2},{"not_picked":["wariomod:Immortalize","wariomod:NullJump"],"picked":"wariomod:HappyHit","floor":5},{"not_picked":["wariomod:WhirlwindBurst","wariomod:Bombshield"],"picked":"wariomod:DeepDig","floor":7},{"not_picked":["wariomod:Goblast","wariomod:SmallSprint"],"picked":"wariomod:DiceyMove","floor":8},{"not_picked":["wariomod:SilenceBombs","wariomod:SmackSlam"],"picked":"wariomod:Purify","floor":10},{"not_picked":["wariomod:DanceDash","wariomod:BoomBoom","wariomod:ChargeForth"],"picked":"SKIP","floor":12},{"not_picked":["wariomod:OctoJump","wariomod:DisarmingMoves"],"picked":"wariomod:BlastDash","floor":13},{"not_picked":["wariomod:Boomsmack","wariomod:Bombtime"],"picked":"wariomod:Hopshield","floor":14}],"player_experience":542306,"relics_obtained":[{"floor":7,"key":"Dream Catcher"},{"floor":9,"key":"Ancient Tea Set"},{"floor":10,"key":"Omamori"}],"event_choices":[{"damage_healed":0,"gold_gain":0,"player_choice":"Bought 3 Potions","damage_taken":0,"max_hp_gain":0,"max_hp_loss":0,"event_name":"The Woman in Blue","floor":3,"gold_loss":0},{"damage_healed":0,"gold_gain":0,"player_choice":"Upgraded","damage_taken":0,"max_hp_gain":0,"max_hp_loss":0,"event_name":"Upgrade Shrine","floor":11,"gold_loss":0,"cards_upgraded":["wariomod:DonateDraw"]}],"is_beta":false,"boss_relics":[],"items_purged_floors":[],"is_endless":false,"potions_floor_spawned":[5,7,12],"killed_by":"Hexaghost","ascension_level":0}}