{"host":"6ko66ogg91i6g7xq","time":1608532734,"event":{"mods":["AchievementEnabler","Act Like it!","BaseMod","Colored Map","Colored Powertips","Downfall","Hermit","Minty Spire (QoL Compilation)","Quick Restart","Relic Stats","StSLib","The Jungle","everything is the same but u backflip on backflip"],"gold_per_floor":[113,113,113,113,113,113,133,176,176,176,214,389,664,685,685,804,804,824,844,521,542,555,555,555],"floor_reached":23,"playtime":560,"items_purged":["Regret"],"score":224,"play_id":"76c710e1-1e7d-4dd8-b482-ae47fe544a41","local_time":"20201221013854","is_ascension_mode":false,"campfire_choices":[{"floor":6,"key":"RECALL"},{"data":"Blur","floor":10,"key":"SMITH"},{"floor":15,"key":"REST"}],"circlet_count":0,"master_deck":["Strike_G","Strike_G","Strike_G","Strike_G","Strike_G","Defend_G","Defend_G","Defend_G","Defend_G","Defend_G","Survivor","Neutralize","Deadly Poison+1","Blur+1","Corpse Explosion","Doubt","Doppelganger","Noxious Fumes","Dodge and Roll","Noxious Fumes","Terror+1"],"relics":["Ring of the Snake","NeowsBlessing","Golden Idol","PreservedInsect","Sundial","Smiling Mask","SacredBark","OrangePellets"],"acts_visited":["Exordium","TheCity"],"potions_floor_usage":[11,16,21,22,23],"damage_taken":[{"damage":0,"enemies":"Cultist","floor":1,"turns":1},{"damage":0,"enemies":"Jaw Worm","floor":7,"turns":1},{"damage":0,"enemies":"Lagavulin","floor":8,"turns":1},{"damage":10,"enemies":"3 Sentries","floor":11,"turns":3},{"damage":3,"enemies":"2 Louse","floor":14,"turns":2},{"damage":33,"enemies":"Hexaghost","floor":16,"turns":11},{"damage":34,"enemies":"Chosen","floor":18,"turns":6},{"damage":19,"enemies":"3 Byrds","floor":19,"turns":3},{"damage":9,"enemies":"Centurion and Healer","floor":21,"turns":5},{"damage":0,"enemies":"Chosen and Byrds","floor":22,"turns":3},{"damage":9,"enemies":"Book of Stabbing","floor":23,"turns":2}],"seed_played":"-2731336012719087230","potions_obtained":[{"floor":7,"key":"Fire Potion"},{"floor":14,"key":"CunningPotion"},{"floor":16,"key":"CultistPotion"},{"floor":21,"key":"DistilledChaos"}],"is_trial":false,"path_per_floor":["M","?","?","$","?","R","M","E","T","R","E","?","?","M","R","B",null,"M","M","$","M","M","E"],"character_chosen":"THE_SILENT","items_purchased":["Noxious Fumes","Poison Potion","OrangePellets"],"campfire_rested":1,"item_purchase_floors":[20,20,20],"current_hp_per_floor":[70,70,53,53,53,53,53,53,53,53,43,43,43,40,61,28,70,36,17,17,8,8,0,0],"gold":555,"neow_bonus":"THREE_ENEMY_KILL","is_daily":false,"chose_seed":false,"campfire_upgraded":1,"win_rate":0.0,"timestamp":1608532734,"path_taken":["M","?","?","$","?","R","M","E","T","R","E","?","?","M","R","BOSS","M","?","$","?","M","E"],"items_purchased_type":["Card","Potion","Relic"],"build_version":"2020-12-13","purchased_purges":1,"victory":false,"max_hp_per_floor":[70,70,70,70,70,70,70,70,70,70,70,70,70,70,70,70,70,70,70,70,70,70,70,70],"relic_stats":{"OrangePellets":[0],"counters":[11,38],"Golden Idol":64,"Sundial":[4],"PreservedInsect":71,"Smiling Mask":25,"obtain_stats":[{"OrangePellets":20,"NeowsBlessing":0,"Golden Idol":3,"Sundial":9,"SacredBark":17,"PreservedInsect":8,"Smiling Mask":11,"Ring of the Snake":0},{"OrangePellets":8,"NeowsBlessing":0,"Golden Idol":1,"Sundial":3,"SacredBark":6,"PreservedInsect":3,"Smiling Mask":4,"Ring of the Snake":0},{"OrangePellets":28,"NeowsBlessing":0,"Golden Idol":1,"Sundial":3,"SacredBark":19,"PreservedInsect":3,"Smiling Mask":6,"Ring of the Snake":0}],"Ring of the Snake":[22]},"card_choices":[{"not_picked":["Calculated Gamble","Cloak And Dagger"],"picked":"Deadly Poison","floor":1},{"not_picked":["Flying Knee","Prepared"],"picked":"Blur","floor":7},{"not_picked":["Slice","Finisher"],"picked":"Corpse Explosion","floor":8},{"not_picked":["Flying Knee","Cloak And Dagger","Escape Plan"],"picked":"SKIP","floor":11},{"not_picked":["Quick Slash","Flying Knee","Underhanded Strike"],"picked":"SKIP","floor":14},{"not_picked":["Grand Finale","Tools of the Trade"],"picked":"Doppelganger","floor":16},{"not_picked":["Cloak And Dagger+1","Dagger Spray"],"picked":"Noxious Fumes","floor":18},{"not_picked":["Outmaneuver","Bane+1"],"picked":"Dodge and Roll","floor":19},{"not_picked":["Quick Slash","Tactician"],"picked":"Terror+1","floor":21},{"not_picked":["Dash+1","Sucker Punch+1","Outmaneuver"],"picked":"SKIP","floor":22}],"player_experience":241877,"relics_obtained":[{"floor":8,"key":"PreservedInsect"},{"floor":9,"key":"Sundial"},{"floor":11,"key":"Smiling Mask"}],"event_choices":[{"damage_healed":0,"gold_gain":0,"player_choice":"Ignored","damage_taken":0,"max_hp_gain":0,"max_hp_loss":0,"event_name":"Shining Light","floor":2,"gold_loss":0},{"damage_healed":0,"gold_gain":0,"player_choice":"Take Damage","damage_taken":17,"relics_obtained":["Golden Idol"],"max_hp_gain":0,"max_hp_loss":0,"event_name":"Golden Idol","floor":3,"gold_loss":0},{"damage_healed":0,"gold_gain":0,"player_choice":"Grow","damage_taken":0,"max_hp_gain":0,"max_hp_loss":0,"event_name":"Living Wall","floor":5,"gold_loss":0,"cards_upgraded":["Deadly Poison"]},{"damage_healed":0,"gold_gain":175,"player_choice":"AGREE","damage_taken":0,"max_hp_gain":0,"max_hp_loss":0,"event_name":"Liars Game","floor":12,"gold_loss":0,"cards_obtained":["Doubt"]},{"damage_healed":0,"gold_gain":275,"player_choice":"Desecrate","damage_taken":0,"max_hp_gain":0,"max_hp_loss":0,"event_name":"Golden Shrine","floor":13,"gold_loss":0,"cards_obtained":["Regret"]}],"is_beta":false,"boss_relics":[{"not_picked":["Tiny House","Runic Dome"],"picked":"SacredBark"}],"items_purged_floors":[20],"is_endless":false,"potions_floor_spawned":[7,14,16,21],"killed_by":"Book of Stabbing","ascension_level":0}}